2812 5010
178 335 245 400 342
474 338 514 402 Ρ.
539 336 700 402 OVIDII
724 335 935 403 NASONIS

180 510 216 583 A
233 519 340 584 tanto
355 510 540 585 cecidisse
557 510 672 584 viro.''
725 509 819 583 Pars
838 510 971 584 ultima
986 508 1091 588 vocis

181 625 228 699 In
246 626 370 701 medio
389 652 593 725 suppressa
610 652 701 700 sono
721 637 800 716 est;
831 628 1088 724 adapertaque
1105 624 1202 699 velle

182 742 261 816 Ora
276 744 380 840 loqui
398 743 543 830 credas,
560 767 630 816 nec
648 752 737 815 sunt
754 766 799 815 ea
816 741 943 840 pervia
954 738 1091 816 verbis.
1113 741 1227 837 [quit‚

180 856 359 958 Increpat
376 860 457 947 hos,
480 868 503 898 “
516 860 695 957 Vitioque
712 859 837 946 animi,
857 883 931 931 non
949 856 1153 942 crinibus,'’
1173 855 1228 928 in·

181 983 205 1014 “
223 975 433 1072 Gorgoneis
451 977 646 1074 torpetis‚”
666 976 793 1075 Eryx:
824 975 1037 1049 “incurrite
1055 985 1226 1059 meeum;

181 1084 233 1165 Et
245 1093 469 1190 prosternite
487 1094 591 1165 humi
605 1093 783 1189 juvenem
799 1091 947 1188 magica
959 1115 1063 1166 arma
1076 1110 1241 1162 moyen·

181 1207 406 1281 Incursurus
423 1218 524 1284 erat:
553 1208 674 1282 tenuit
689 1208 849 1303 vestigia
862 1209 974 1282 tellus
986 1235 995 1295 3
1081 1202 1228 1301 [temss'

180 1322 442 1423 Immotusque
460 1325 568 1411 siler,
588 1335 806 1422 armataque
824 1324 962 1397 mansit
980 1323 1116 1420 imago
1159 1320 1227 1393 199

231 1440 284 1513 Hi
300 1452 427 1514 tamen
445 1467 493 1516 ex
512 1443 643 1515 merito
661 1466 811 1539 poenam
829 1441 999 1515 subiere:
1029 1439 1097 1513 sed
1115 1449 1212 1511 unus

181 1555 295 1631 Miles
308 1567 389 1632 erat
406 1556 550 1644 Persei,
565 1582 633 1656 pro
652 1559 831 1653 quodum
848 1567 1004 1655 pugnat,
1022 1555 1229 1639 Aconteus,

181 1673 360 1769 Gorgone
377 1684 583 1772 conspecta
601 1697 693 1746 saxo
711 1673 902 1746 concrevit
919 1673 1050 1746 oborto
1068 1697 1076 1746 :

180 1786 303 1871 Quem
321 1800 424 1862 ratus
443 1788 632 1888 Astyages
651 1788 857 1862 etiamnum
874 1787 1009 1874 rivere,
1028 1788 1141 1882 longo

181 1900 284 1978 Ense
302 1904 406 1979 ferit:
437 1906 563 1978 sonuit
580 1905 777 1979 tinnitibus
797 1903 896 1978 ensis
916 1903 1050 1977 acutis.
1156 1905 1226 1974 204

181 2019 283 2092 Dum
302 2030 441 2118 stupet,
461 2020 651 2119 Astyages
670 2030 841 2094 naturam
860 2020 976 2094 traxit
993 2021 1175 2108 eandem;

180 2129 473 2234 Marmoreoque
489 2147 617 2212 manet
635 2138 760 2210 vultus
780 2136 949 2209 mirantis
968 2135 1007 2208 in
1024 2161 1101 2210 ore.

182 2250 347 2324 Nomina
364 2253 477 2349 longa
493 2276 598 2326 mora
615 2262 673 2326 est
690 2253 816 2325 media
833 2251 881 2325 de
898 2254 1011 2350 plebe
1027 2255 1189 2325 virorum

183 2366 342 2443 Dicere:
372 2369 430 2442 bis
449 2380 602 2444 centum
620 2371 812 2443 restabant
830 2394 987 2468 corpora
1003 2393 1162 2469 pugnae3

181 2484 359 2581 Gorgone
377 2486 435 2558 bis
454 2496 606 2559 centum
625 2486 819 2581 riguerunt
835 2509 992 2583 corpora
1008 2485 1101 2559 visa.

230 2600 396 2674 Poenitet
413 2601 543 2699 injusti
558 2626 657 2675 nunc
675 2602 840 2698 denique
858 2601 1006 2675 Phinea
1020 2601 1128 2675 belli.
1156 2605 1226 2673 210

182 2716 259 2789 Sed
278 2718 370 2813 quid
388 2719 500 2815 agat?
528 2719 726 2793 simulacra
741 2719 845 2793 videt
862 2719 1011 2793 diversa
1026 2719 1178 2816 figuris3

179 2833 440 2931 Agnoscitque
458 2860 558 2922 suos,
579 2846 618 2908 et
636 2835 786 2907 nomine
805 2859 996 2932 quemque
1009 2847 1164 2910 vocatos

181 2947 313 3021 Poscit
340 2975 473 3047 opem3
516 2952 750 3050 credensque
777 2976 921 3049 parum,
952 2952 1025 3026 sibi
1055 2953 1225 3051 proxima

328 3068 449 3164 tangit
586 3115 589 3119 <
1032 3071 1223 3169 [supplem

179 3179 368 3280 Corpora:
410 3208 572 3258 marmor
606 3196 734 3262 erant:
780 3188 977 3273 avertitur:
1024 3196 1141 3283 atque
1175 3186 1224 3258 ita

179 3295 459 3399 confessasque
473 3326 619 3390 manue,
632 3305 862 3402 obliquaque
881 3303 1035 3378 brachia
1051 3304 1221 3389 tendens,

211 3518 265 3566 196.
284 3518 494 3580 ceperannum
502 3520 619 3586 ambigue
628 3522 675 3587 sig·
726 3538 800 3587 quum
808 3522 862 3589 quis
868 3521 902 3570 ita
908 3522 1061 3587 obstupescit,
1070 3530 1097 3570 ut
1103 3522 1156 3572 sine
1163 3528 1223 3570 motu

175 3590 326 3649 nificationis,
339 3610 412 3657 quum
426 3602 451 3642 et
468 3594 499 3644 de
514 3595 567 3644 saxi
582 3604 675 3653 natura,
725 3602 780 3652 stet,
790 3596 865 3644 veluti
876 3595 901 3643 in
916 3610 1000 3643 saxum
1018 3603 1136 3644 mutatus.
1170 3595 1223 3642 Tra·

175 3664 240 3713 etde
251 3665 346 3714 homine
357 3666 427 3716 inerti
437 3668 539 3719 dicatur.
725 3671 785 3727 here,
798 3679 824 3718 ut
835 3669 860 3719 ii.
870 3670 928 3719 2³6.
950 3671 1030 3718 Medic
1040 3673 1069 3718 ‹le
1078 3672 1142 3732 plebe
1148 3687 1158 3729 ‚·
1169 3671 1223 3718 AEn.

211 3741 266 3789 197.
283 3742 572 3808 Magicanrma,magicos
583 3753 675 3803 cantus,
724 3743 757 3792 ix.
777 3745 836 3792 373.
852 3746 949 3792 multam
965 3749 1012 3792 sine
1030 3746 1121 3793 nomine
1135 3745 1224 3806 plebem.

176 3813 361 3873 incantamenta,
378 3824 450 3882 atque
466 3817 589 3867 veneficia.
625 3819 674 3866 Ver·
727 3816 836 3879 Corpora,
847 3833 910 3882 saepe
921 3816 1120 3882 pronominibus.
1136 3820 1194 3867 AEn.
1202 3816 1223 3864 ii.

177 3891 244 3951 ligia,
255 3889 337 3953 pedes.
727 3892 766 3940 13.
776 3894 865 3940 delecta
874 3894 951 3941 viram
961 3909 1064 3954 corpora.

209 3964 267 4011 200.
290 3965 327 4012 Ee
341 3969 436 4014 merito:
458 3967 515 4032 quia
535 3966 618 4016 Phinei
635 3983 674 4016 sa·
758 3969 815 4015 215.
833 3966 1012 4030 confinesque]
1049 3965 1132 4014 Victus
1141 3982 1167 4015 se
1178 3968 1222 4016 Ve-

176 4033 674 4106 tellitiumetmalaecausaepropugnatores.
725 4047 787 4089 teres
805 4042 973 4104 confitebantur
994 4039 1095 4088 sublatis
1113 4042 1220 4095 monitio,

177 4107 305 4167 cannam,
315 4109 442 4161 immobilis
454 4121 490 4162 est
505 4115 591 4165 factus.
620 4116 675 4163 Ele·
725 4124 753 4163 ut
771 4115 841 4165 (locet
857 4107 933 4166 Faber
949 4116 1029 4180 Agon.
1039 4116 1057 4164 i.
1069 4117 1096 4164 3.
1132 4115 1223 4179 obliqua

175 4191 259 4248 gauter
267 4184 336 4236 Pont.
344 4185 380 4237 II.
386 4187 419 4236 xi.
429 4187 467 4237 10.
476 4200 594 4239 concretus
604 4191 675 4251 dolor,
726 4193 819 4240 brachia
836 4191 940 4242 habebat
958 4189 1096 4257 supplicans
1112 4189 1221 4246 Phineus,
