2812 5010
357 338 825 405 METAMORPHOSEON
849 340 940 406 LIB.
964 341 1047 407 VII.
1156 345 1225 413 467

177 511 227 585 Et
245 535 340 608 quos
359 510 479 584 Maera
496 536 590 584 novo
608 512 744 585 latratu
762 513 894 587 terruit
911 538 1040 610 agros3

176 625 438 723 Eurypylique
457 628 600 711 urbem,
619 650 695 723 qua
714 626 804 699 Coae
823 652 964 702 cornua
981 642 1119 704 matres

177 741 400 826 Cesserunt,
412 751 492 813 turn
506 765 623 836 quum
642 740 855 815 discederet
870 741 1045 817 Herculis
1064 769 1219 841 agmen3

176 857 462 953 Phoebeamque
481 856 656 941 Rhodon,
676 868 715 929 et
734 856 893 953 Ialysios
908 858 1121 945 Telchinas,
1149 864 1225 933 365

175 969 345 1054 Quorum
363 972 491 1044 oculos
510 971 592 1069 ipso
607 970 781 1044 vitiantes
800 972 926 1045 omnia
941 973 1024 1045 visu

175 1084 327 1183 Jupiter
344 1109 495 1171 exosus
514 1084 686 1158 fraternis
705 1085 873 1159 subdidit
891 1086 1014 1160 undis.

175 1199 327 1273 Transit
343 1211 382 1274 et
399 1201 564 1296 antiquae
585 1200 762 1274 Cartheia
780 1202 917 1275 moenia
936 1201 1037 1288 Ceae,

176 1313 263 1398 Qua
280 1326 386 1411 pater
403 1313 619 1387 Alcidamas
638 1315 826 1412 placidam
843 1317 891 1389 de
909 1341 1064 1415 corpore
1082 1328 1180 1391 natae

177 1428 382 1502 Miraturus
401 1440 481 1502 erat
498 1430 601 1502 nasci
619 1430 786 1527 potuisse
804 1430 1029 1504 columbam.
1148 1437 1223 1506 370

175 1542 270 1616 Inde
288 1545 393 1616 lacus
413 1543 552 1641 Hyries
570 1543 683 1629 videt,
703 1555 743 1617 et
762 1544 931 1642 Cycneia
948 1546 1103 1643 Tempe,

177 1656 272 1741 Quae
290 1658 436 1731 subitus
455 1658 658 1732 celebravit
674 1659 773 1746 olor;
803 1683 890 1732 nam
909 1660 1083 1759 Phyllius
1101 1661 1179 1734 illic

176 1772 341 1871 Imperio
359 1773 464 1871 pueri
480 1774 728 1869 volucresque
745 1773 941 1872 ferumque
959 1776 1105 1848 leonem

177 1888 401 1962 Tradiderat
413 1888 597 1963 domitos:
614 1899 761 1962 taurum
776 1912 927 1987 quoque
937 1891 1086 1964 vincere
1092 1893 1222 1989 jussus

176 2153 329 2200 Burmannus
339 2152 480 2218 suspicatur,
487 2153 526 2201 hic
537 2153 566 2201 de
575 2155 676 2203 Hecuba
725 2155 835 2202 Lactant.
850 2152 949 2216 Argum.
980 2153 1076 2209 Vitiare,
1097 2153 1229 2207 fascinare..

177 2225 225 2288 agi,
241 2235 336 2291 propter
353 2227 403 2275 xiii.
418 2229 482 2288 4063
500 2227 576 2276 Marc
595 2239 675 2278 autem
725 2225 859 2274 Fascinatio
881 2225 955 2273 fiebat
976 2235 1000 2274 et
1021 2226 1104 2276 oculis.
1142 2227 1223 2293 Virgi-

177 2315 263 2347 nomen
284 2301 399 2349 intrusum
420 2318 471 2350 esse
492 2317 533 2366 pro
554 2301 610 2358 alio,
628 2318 676 2366 quo
724 2299 778 2356 lius,
788 2299 840 2346 Ecl.
851 2298 886 2346 iii.
900 2296 964 2347 103:
980 2301 1069 2357 Nescio,
1078 2304 1127 2362 quis
1139 2312 1224 2351 teucrus

176 2374 278 2421 Hecuba
294 2374 481 2438 significaretur3
501 2375 591 2424 variare
611 2376 674 2423 enim
723 2375 803 2421 oculus
811 2374 867 2420 mihi
868 2372 976 2437 fascinat
985 2391 1063 2437 agnos.
1086 2375 1151 2432 Quin
1163 2375 1225 2432 adeo⁴

177 2447 248 2495 MSS.
274 2447 345 2505 Novo,
353 2448 474 2498 inusitato.
491 2449 593 2498 Terruit.
611 2450 674 2499 Vide
724 2446 799 2495 invidi
814 2446 877 2494 oculi
894 2446 943 2494 solo
957 2456 1053 2512 aspectu
1064 2448 1222 2498 credebantur

179 2519 210 2568 ad
219 2519 270 2568 xiii.
279 2522 335 2569 406.
724 2537 801 2569 rerum
828 2520 1030 2584 pulchritudinem
1056 2537 1220 2586 eormmpere:

210 2594 266 2642 363.
285 2595 402 2657 Eurypyli
419 2597 513 2653 urbem3
534 2596 607 2644 Coou.
625 2597 675 2645 Ho-
724 2593 845 2650 Horatius,
861 2594 883 2641 Ι.
901 2594 946 2657 Ep.
961 2593 1011 2642 xiv.
1027 2596 1067 2643 37.
1086 2596 1125 2643 ubi
1143 2596 1177 2644 sic
1192 2599 1221 2644 li-

176 2683 235 2715 mer.
256 2667 287 2715 Il·
309 2673 338 2717 Β.
359 2669 415 2716 677.
428 2673 497 2725 Κῶν,
520 2668 674 2733 Εὐρυπύλοιο
724 2683 787 2714 mure
807 2673 832 2714 et
852 2682 973 2714 venenare.
1007 2668 1054 2715 Sed
1076 2670 1158 2717 vitiare
1175 2668 1220 2718 hoc

176 2740 263 2790 πόλιν.
295 2741 351 2789 Fuit
368 2741 406 2790 hic
420 2744 555 2807 Eurypylus
566 2744 676 2792 Herculis
724 2756 795 2789 sensu
815 2739 888 2788 etiam
903 2740 967 2805 apud
976 2739 1050 2789 Solin.
1061 2739 1099 2789 iv:
1116 2742 1222 2791 Foeminae

179 2815 247 2871 filins,
259 2815 308 2879 qui,
319 2824 390 2880 capta
405 2815 447 2864 ille
463 2819 529 2872 urbe,
540 2817 574 2865 ibi
592 2833 675 2880 regna·
726 2824 818 2875 aspectu
828 2815 917 2875 spicula
928 2817 1023 2862 vitiant.

177 2889 220 2937 vit.
255 2891 399 2938 Conantem
414 2890 525 2939 mulieres
537 2907 610 2955 quum
628 2891 675 2938 for·
757 2889 814 2936 368.
828 2889 881 2944 Cea,
896 2887 946 2936 sive
964 2889 1026 2945 Ceos,
1044 2888 1135 2936 Grecis
1148 2888 1221 2938 etiam

179 2979 243 3010 mam
264 2978 332 3011 suam
352 2964 512 3027 protulissent
532 2964 629 3021 Veneri,
651 2964 676 3012 in
724 2961 863 3024 Hydrussa:
889 2960 953 3008 Plin.
971 2960 1003 3008 iv.
1023 2963 1064 3008 20.
1104 2961 1142 3010 Ibi
1164 2963 1220 3010 urbs

178 3051 264 3084 vaccas
281 3045 378 3084 mutata
397 3045 467 3084 sunt:
485 3038 633 3094 Lactantius,
650 3035 676 3085 in
726 3034 839 3082 Carthas-
855 3034 979 3090 Fabulam,
994 3050 1066 3098 quam
1082 3035 1170 3083 Noster
1185 3044 1222 3084 at-

178 3108 334 3173 Argumento.
725 3106 803 3171 tingit,
814 3106 886 3156 latius
902 3114 991 3154 tractat
1000 3106 1135 3156 Antoninus
1143 3109 1223 3158 Liber.

211 3185 268 3232 366.
285 3184 412 3238 Phocicum,
431 3183 488 3246 quia
506 3181 607 3232 Rhodus
627 3182 676 3230 Soli
725 3195 778 3245 cap.
789 3180 806 3227 i.
841 3183 955 3243 Antiqua,
966 3179 1070 3244 antiquis
1078 3183 1222 3246 temporibus

179 3271 255 3312 sacra,
272 3257 340 3321 cujus
358 3255 431 3304 radiis
453 3271 574 3319 nunquam
595 3271 675 3303 carere
725 3264 795 3303 note.
812 3257 941 3303 Alcidamas
952 3254 1097 3303 illoauctore
1108 3256 1221 3304 nonces-

178 3330 316 3378 dicebatur:
335 3330 383 3378 vid.
398 3329 536 3385 Lambinus,
552 3330 582 3376 ad
600 3330 676 3377 Hora·
726 3329 780 3376 thee
802 3328 935 3384 habitabat,
958 3328 1000 3376 sed
1021 3329 1108 3384 lulide,
1128 3330 1154 3377 in
1174 3329 1223 3378 alia

179 3403 247 3460 uum,
259 3403 282 3451 I.
297 3403 345 3452 Od.
354 3403 395 3451 vii.
409 3405 430 3451 1.
464 3403 565 3465 Ialysus,
583 3416 631 3449 una
646 3416 676 3448 ex
726 3401 782 3448 Ceae
798 3403 865 3449 urbe.
897 3401 992 3449 Ibidem
1009 3411 1033 3449 et
1048 3412 1104 3450 nata
1117 3410 1153 3450 est
1165 3402 1222 3450 Cte-

178 3478 254 3526 tribus
265 3476 433 3541 antiquissimis
443 3476 523 3524 Rhodi
536 3475 639 3530 urbibus,
645 3475 675 3522 ab
725 3473 795 3536 sylla,
807 3490 859 3538 quae
870 3473 973 3521 Athenis
983 3483 1082 3522 mutata.

177 3551 267 3614 Ialyso,
273 3550 334 3599 Solis
344 3559 437 3614 nepote,
445 3549 478 3598 sic
489 3550 554 3598 dicta
564 3567 569 3595 :
580 3549 674 3604 Strabo,
758 3548 815 3595 371.
835 3547 931 3608 Tempe,·
950 3562 997 3593 non
1013 3545 1151 3595 Thessalica
1171 3547 1222 3606 illa,

178 3625 226 3675 xiv.
242 3641 266 3689 p.
280 3626 336 3673 655.
374 3625 491 3672 Telchinas
508 3622 622 3671 Rhodum
640 3622 675 3669 in·
725 3620 767 3668 sed
777 3620 902 3668 Teumesia
913 3619 944 3667 ad
958 3620 1108 3676 Teumesum,
1119 3629 1222 3670 montem

179 3697 279 3747 coluisse
299 3705 389 3746 certum
411 3705 455 3754 est,
474 3712 610 3761 quanquam
628 3711 676 3742 non
726 3690 836 3741 Boeotiae.
870 3693 925 3739 Fuit
944 3691 1009 3739 dicta
1027 3693 1135 3755 Cycneia,
1152 3711 1221 3759 prop-

178 3770 236 3819 satis
247 3778 347 3826 constat,
357 3771 419 3819 unde
430 3769 545 3826 venerint,
554 3777 596 3816 aut
606 3784 676 3831 quor·
725 3777 760 3816 ter
777 3768 886 3831 Cycnum
904 3765 978 3823 filiurn
994 3767 1089 3829 Hyries,
1105 3776 1223 3817 mutatum

178 3859 241 3899 sum,
267 3843 355 3891 Rhodo
388 3843 480 3899 relicta,
516 3839 675 3905 migraverint.
724 3843 749 3889 in
763 3841 859 3889 olorem.
892 3841 922 3888 In
937 3839 984 3887 illis
1000 3840 1228 3904 locisHyra'aflens,

179 3915 242 3964 Vide
253 3915 354 3970 Meursii
363 3915 445 3964 Rhod.
457 3916 473 3964 i.
484 3917 510 3964 9.
544 3915 618 3960 Erant
633 3929 673 3961 au·
722 3932 830 3978 puerum,
841 3915 925 3971 tilium,
936 3915 961 3961 iu
972 3916 1047 3962 lacum
1057 3930 1168 3963 conversa
1178 3926 1223 3965 est.

178 4000 226 4039 tem
242 3998 267 4038 et
285 3991 388 4054 insignes
401 3991 582 4056 praestigiatores
598 3997 622 4037 et
639 3989 675 4036 in·
725 3989 813 4037 Confer
836 3988 953 4036 Antonin.
978 3987 1119 4043 Liberalem,
1139 4004 1161 4036 c.
1184 3991 1223 4040 12.

178 4063 228 4112 vidi
239 4064 427 4113 calumniatores.
438 4065 568 4129 Spanbem.
580 4062 611 4109 ad
619 4062 676 4122 Cal7
728 4064 843 4118 Volaenes,
853 4062 959 4110 vultures
970 4063 1033 4110 mirae
1045 4060 1222 4126 magnitudinis,
1232 4116 1235 4123 ‚

178 4137 317 4194 limacbum,
329 4138 353 4186 h.
368 4139 424 4188 Del.
436 4141 476 4187 31.
488 4147 513 4187 et
523 4138 634 4186 Munler.
646 4135 676 4198 ad
726 4144 821 4185 auctore
832 4135 921 4183 Anton.
