2812 5010
273 276 361 401 ‘sra
592 331 633 397 r.
657 327 820 400 orrurr
843 327 1056 397 ussurus
1120 299 1125 309 '

294 507 374 582 Ros
392 505 507 593 cadit,
526 515 566 578 et
581 503 707 592 citius,
726 527 840 600 quam
858 527 958 577 nuuc
975 501 1044 578 tibi
1062 501 1162 581 facte
1179 510 1338 586 renarro,

293 622 341 697 In
355 622 506 699 laticem
523 630 670 697 mutor:
690 621 759 697 sed
777 621 877 695 enim
895 619 1089 717 cognoscit
1106 627 1252 695 amatas
1269 620 1340 692 636

294 738 429 813 Amnis
445 760 584 836 aquas3
605 737 807 836 positoque
818 735 900 824 viri,
913 736 1015 834 quod
1030 745 1257 834 sumpserat,
1267 757 1339 818 ore,

294 857 464 930 Vertitur
481 855 519 928 in
539 854 723 954 proprias,
741 864 784 930 ut
800 878 842 929 se
861 851 952 927 mihi
970 852 1138 940 misceat,
1156 851 1291 926 undas.

294 971 406 1046 Delia
422 971 563 1071 rumpit
579 973 757 1045 humum:
785 967 899 1043 caeeis
916 992 987 1065 ego
1004 993 1128 1043 mersa
1144 965 1313 1043 cavernis

234 1130 236 1134 =
289 1088 470 1162 Advehor
488 1085 708 1185 Ortygiam3
738 1109 824 1184 quae
841 1110 902 1160 me
920 1085 1143 1183 cognomine
1162 1085 1270 1158 Divae

294 1204 413 1278 Grata
430 1227 537 1291 meae,
553 1227 708 1302 superas
727 1202 859 1278 eduxit
875 1203 996 1301 prima
1012 1203 1084 1276 sub
1103 1199 1253 1275 auras.’'
1268 1202 1334 1273 641

344 1319 430 1395 Hac
447 1320 638 1395 Arethusa
659 1330 793 1396 tenus:
823 1320 993 1416 geminos
1013 1320 1097 1393 Dea
1120 1315 1254 1392 fertilis
1278 1338 1338 1390 au·

445 1461 538 1532 gues

291 1685 347 1728 cus;
363 1684 435 1734 quam
452 1668 578 1718 lectionem
595 1669 691 1720 difficile
706 1671 790 1721 desen·
843 1671 938 1730 Dianas,
950 1671 967 1720 i.
978 1671 1035 1720 694.
1069 1663 1250 1723 Mccduuit,ihi
1260 1662 1341 1730 prodii

292 1742 396 1792 desimus
402 1762 409 1803 ;
425 1744 569 1808 ceteroquin
576 1746 676 1810 vulgata
685 1762 731 1794 non
742 1762 792 1795 ma·
843 1745 891 1795 Hic
901 1746 971 1795 ambo
981 1745 1006 1793 in
1016 1743 1087 1793 Elide
1098 1741 1226 1793 miscentur
1236 1747 1262 1788 et
1271 1739 1340 1804 junc-

292 1817 328 1880 gis
348 1817 441 1882 placet:
463 1833 517 1866 nam
534 1818 593 1881 quid
609 1827 646 1867 est
662 1821 733 1877 lucus
750 1820 792 1885 qui
844 1820 874 1870 tis
890 1819 959 1886 aquis
973 1819 1018 1868 sub
1032 1826 1096 1866 terra
1110 1817 1239 1876 labuntur3
1255 1811 1296 1862 md
1306 1826 1341 1860 se·

292 1902 382 1948 muuut,
392 1907 465 1956 quum
480 1900 565 1941 natura
580 1908 624 1941 sua
640 1893 670 1941 sit
680 1902 792 1957 stagnans
844 1894 950 1947 cundum
966 1893 1024 1943 alios
1034 1892 1143 1956 Alpheus
1157 1888 1222 1939 solus
1238 1893 1341 1953 permeat

293 1972 318 2012 et
333 1964 430 2013 minime
444 1980 559 2025 manans3
574 1963 619 2013 nisi
633 1965 691 2014 forte
706 1965 794 2017 dixeris
843 1985 919 2019 encas
936 1983 1057 2024 cavernas,
1068 1974 1093 2015 et
1108 1966 1134 2014 in
1150 1962 1233 2013 Sicilia
1248 1962 1340 2011 demum

293 2041 421 2100 cavopedis
428 2038 535 2104 impressi
543 2046 568 2088 et
577 2043 632 2088 awti
639 2038 716 2105 spatio
726 2041 792 2091 clau·
844 2060 899 2093 curn
909 2042 1029 2092 Arethusa
1043 2055 1131 2106 aquam
1145 2039 1231 2088 miscet
1239 2037 1339 2086 Pruna

294 2115 365 2161 sum?
382 2113 497 2170 Recurro,
515 2112 555 2162 vel
571 2113 687 2163 narrando
704 2123 793 2179 repeto,
842 2135 867 2184 p.
877 2119 933 2167 799.

294 2183 333 2235 vel
350 2185 489 2253 simpliciter
503 2203 579 2236 narro.
613 2187 711 2252 Legitur
721 2188 794 2237 etiam
875 2189 1014 2239 eta-661.
1028 2186 1163 2250 Triptolemo
1171 2185 1268 2233 insidias
1275 2181 1341 2230 struit

293 2261 394 2310 AEneid.
408 2261 443 2313 iii.
458 2263 515 2311 717.
527 2261 569 2311 uhi
587 2261 682 2311 Servius
699 2271 794 2327 arguta·
844 2265 957 2328 Lyram]
979 2261 1071 2327 Hygin.
1087 2260 1137 2310 sab.
1153 2261 1219 2319 2593
1235 2258 1264 2307 P.
1274 2253 1340 2306 nii.

294 2342 346 2395 tur;
369 2335 403 2385 iv.
426 2337 483 2386 669.
504 2346 631 2384 retructure
652 2348 674 2384 ct
694 2339 795 2402 relegere
845 2342 884 2388 14.
915 2337 1082 2405 Triptolemus,
1098 2334 1174 2392 Celei,
1191 2332 1255 2398 regis
1270 2331 1339 2380 Eleu·

293 2412 408 2460 sermonc.'
843 2414 906 2470 sinii,
923 2413 993 2468 filius,
1012 2409 1069 2475 (etsi
1087 2410 1204 2463 Musaeus,
1224 2405 1340 2471 Orpheus,

296 2526 299 2531 .
327 2485 384 2534 6³7.
411 2486 501 2541 Amnis,
531 2486 642 2548 Alpheus.
676 2485 797 2548 Positoque
845 2487 974 2544 Choerilus,
986 2484 1050 2548 apud
1064 2484 1170 2532 Pausan.
1182 2479 1259 2531 Attic.
1268 2496 1293 2546 p.
1303 2477 1341 2527 ³4.

294 2561 340 2606 uiri
348 2575 394 2615 cre,
405 2558 514 2622 deposita
524 2559 599 2623 figura
606 2573 634 2607 ac
646 2558 720 2607 forma
729 2558 782 2608 viri.
845 2560 926 2623 aliter)
941 2576 957 2609 a
971 2561 1057 2609 Cerere
1075 2557 1180 2622 adjutus,
1192 2563 1296 2620 tempore
1311 2556 1340 2603 Ε-

327 2633 384 2681 639.
404 2634 511 2694 Rumpit,
529 2633 613 2699 pandit
635 2633 696 2682 viam
715 2633 797 2682 subter
844 2634 960 2690 rechthei,
981 2631 1043 2682 sexti
1062 2629 1249 2680 Atheniensium
1276 2628 1342 2694 regis.

294 2709 388 2754 terram.
423 2706 500 2762 Curis,
518 2706 632 2763 obscuris,
653 2704 796 2770 caliginosis.
845 2723 907 2757 anno
933 2707 1026 2757 circiter
1049 2706 1111 2754 1420
1138 2706 1195 2752 ante
1214 2702 1341 2759 Christum,

294 2779 433 2828 Μυθεύουσι
441 2777 465 2827 δὲ
478 2781 524 2829 τὸν
529 2779 644 2845 Ἀλφειὸν
653 2778 796 2844 ἀρχόμενον
846 2782 1015 2844 agriculturam
1026 2778 1126 2834 Graecis,
1137 2792 1165 2826 ac
1177 2775 1281 2842 primurn
1291 2775 1341 2841 qui·

293 2852 348 2904 a'ro
358 2852 564 2913 Πελοποννήσου,
571 2863 620 2903 etc.
653 2855 745 2911 Strabo,
754 2853 796 2902 lib.
846 2855 901 2904 dem
912 2855 1106 2909 Atheniensibus,
1116 2850 1249 2900 ostendisse
1262 2850 1342 2900 erede·

293 2928 332 2975 vi:
357 2928 502 2984 fabulantur,
524 2928 610 2993 inquit,
628 2928 749 2994 Alpheum
771 2928 796 2976 in
845 2930 923 2978 batur.
955 2929 1027 2977 Hom.
1043 2926 1107 2992 hym.
1124 2925 1149 2973 in
1166 2925 1222 2974 Cer.
1241 2924 1342 2974 Panem

294 3000 456 3066 Peloponneso
465 3007 551 3058 ortum,
562 3002 642 3050 subter
653 3017 718 3051 mare
728 3003 796 3051 alveo
845 3001 921 3050 Attic.
931 3019 956 3067 p.
969 3002 1011 3050 34.
1022 2998 1129 3049 Corinth.
1139 3015 1167 3063 p.
1178 2997 1242 3058 1433
1258 2997 1342 3046 Marna.

294 3089 338 3122 suo
348 3074 505 3123 infraterram
522 3090 597 3138 usque
608 3074 638 3122 ad
649 3074 796 3124 Arethusam
844 3074 938 3124 Arund.
955 3076 977 3123 Ι.
997 3074 1026 3122 12
1047 3089 1101 3138 sqq.
1119 3071 1193 3121 Diod.
1209 3070 1262 3120 Sie.
1278 3088 1301 3120 v.
1314 3071 1342 3130 45

294 3146 402 3204 ductum,
410 3163 502 3196 rursum
512 3147 568 3195 inde
579 3147 678 3196 inmare
686 3149 781 3197 affluere
788 3167 795 3207 3
845 3149 911 3214 Hyg.
936 3148 985 3198 tab.
1011 3149 1070 3197 277.
1113 3145 1161 3195 Sed
1188 3144 1341 3211 antiquiorem

296 3221 364 3285 cujus
373 3219 406 3270 rei
417 3229 583 3284 argumentum
601 3221 734 3287 proferunt:
753 3238 796 3287 pa·
845 3225 920 3272 multo
936 3221 1104 3286 agriculturam
1120 3219 1181 3268 inter
1198 3219 1296 3268 Grrecor
1304 3217 1340 3283 ju·

295 3303 371 3344 teram
390 3295 511 3360 quandam
532 3295 597 3361 apud
615 3296 753 3361 Olympiam
772 3297 797 3346 in
845 3297 910 3346 dicat
926 3296 1023 3360 Goguet
1038 3311 1080 3342 oon
1095 3293 1231 3358 Urspruugs
1247 3295 1288 3341 der
1299 3291 1341 3340 Ge·

294 3369 416 3438 Alpheum
433 3370 574 3436 prolapsam,
586 3371 616 3419 ad
632 3372 722 3420 fontem
736 3371 796 3420 Are·
843 3382 908 3428 serre,
923 3378 982 3419 tom.
997 3370 1024 3418 ii.
1042 3386 1067 3434 p.
1080 3369 1134 3418 157.
1169 3367 1261 3416 Censet
1274 3365 1341 3423 enin,

296 3445 392 3493 thusam
409 3445 481 3493 luisse
496 3444 615 3506 delatam3
632 3452 692 3501 tum,
708 3445 796 3495 sontem
841 3447 893 3512 jam
904 3453 1007 3510 tempore
1017 3443 1139 3498 Titanum,
1148 3441 1238 3505 quibus
1248 3439 1342 3504 aqualis

295 3535 351 3568 eum
366 3518 487 3568 turbidum
501 3518 559 3577 fieri,
570 3519 666 3584 quando
677 3520 796 3584 Olympia
845 3521 926 3577 Ceres,
933 3520 1030 3569 Grecos
1039 3516 1208 3581 agriculturam
1214 3513 1340 3580 acuemus,

294 3595 367 3643 boves
377 3593 547 3642 sacrificantur.
573 3594 797 3660 Quamprosabula
844 3611 898 3645 eam
915 3610 970 3644 vero
991 3591 1102 3642 extinctis
1118 3589 1246 3639 Titanibus
1267 3587 1342 3638 interi·

294 3669 402 3718 confutat
417 3667 482 3716 idem
499 3669 593 3725 Strabo,
605 3666 708 3717 ibidem:
726 3683 793 3717 narn·
843 3671 897 3720 isse.
930 3669 1060 3733 Aliquanto
1076 3673 1129 3732 post
1141 3681 1216 3729 quum
1232 3664 1295 3714 same
1310 3663 1343 3711 la·

294 3759 341 3807 que
356 3742 442 3792 ostium
454 3743 540 3808 Alphei
556 3742 682 3793 manifesto
693 3743 718 3791 in
729 3760 794 3792 mare
842 3746 935 3795 boraret
953 3741 1056 3798 Graecia,
1072 3739 1197 3789 advenisse
1213 3736 1338 3787 Erechthe-

293 3818 371 3867 exire:
397 3833 475 3882 neque
496 3818 558 3866 ullas
579 3833 693 3884 apparere
714 3818 794 3867 fauces
844 3830 1061 3881 um,magnamque
1078 3813 1252 3863 frumentivim
1268 3825 1341 3862 recum

295 3907 349 3955 quae
368 3907 461 3939 amnem
478 3892 633 3941 absorbeant:
652 3907 730 3956 neque
744 3892 794 3941 lieri
844 3893 988 3958 apportlrsse,
1004 3889 1154 3952 eundemque
1172 3886 1258 3936 arandi
1274 3892 1342 3935 arten

293 3981 364 4031 posse
380 3973 408 4013 ut
424 3981 488 4029 aqua
504 3966 581 4014 dulcis
598 3974 701 4022 maneat,
716 3966 736 4014 si
752 3982 794 4032 per
843 3968 869 4016 iu
884 3966 974 4032 campis
990 3963 1091 4012 maxime
1108 3961 1239 4011 Eleusiniis
1250 3959 1340 4009 restitu-

293 4055 368 4096 mare,
379 4040 418 4087 vel
430 4042 511 4088 subter
521 4056 585 4089 mare
601 4048 714 4106 permeet.
749 4041 793 4087 Or·
842 4042 897 4098 isse,
909 4048 980 4104 atque
992 4053 1058 4087 sacra
1070 4035 1163 4087 Cereris
1178 4033 1341 4084 introduxisse.

294 4117 360 4178 tygia
381 4121 418 4161 est
436 4131 489 4178 pars
506 4116 684 4178 Syracusarum,
702 4114 726 4161 in
746 4131 794 4179 qua
843 4115 907 4163 Hinc
914 4116 1006 4162 iactum
1018 4127 1077 4167 esse,
1089 4116 1116 4159 ut
1125 4111 1170 4158 sub
1181 4109 1235 4174 ejus
1249 4104 1342 4173 imperio
1373 4105 1376 4111 “

295 4187 397 4251 erumpit
407 4186 527 4236 Arethusa
540 4188 627 4252 (499.)
638 4196 662 4236 et
672 4205 793 4251 cognomen
844 4184 1125 4238 CeresAthenasvenisse
1132 4185 1277 4235 crederetur.
1290 4180 1342 4230 ee-
