2812 5010
281 323 750 392 METAMORPHOSEON
773 325 864 392 LIB.
888 326 918 393 Ι.
1074 328 1118 393 23

74 490 294 594 Emittitque
313 496 476 574 Notum:
505 499 665 575 madidis
684 498 809 576 Notus
826 502 949 576 evolat
966 502 1048 589 alis,
1150 559 1153 564 .
1229 566 1233 573 .

72 607 292 686 Terribilem
309 614 419 711 picea
434 625 559 689 tectus
572 615 731 712 caligine
748 618 913 692 vultum:
1039 623 1113 692 265

73 724 198 801 Barba
216 729 338 826 gravis
356 729 514 819 nimbis3
545 731 649 805 canis
667 730 750 806 fluit
768 731 870 806 unda
887 731 1056 831 capillis3

72 841 209 918 Fronte
232 846 366 921 sedent
389 848 560 936 nebulae3
595 857 723 921 rorant
744 872 967 946 pennaeque,
991 849 1113 922 sinus·
1151 876 1153 882 ·

72 958 204 1057 thue
222 986 335 1061 manu
349 964 426 1037 lata
442 964 647 1062 pendentia
663 965 793 1039 nubila
809 967 958 1064 pressit,
996 967 1110 1063 [quet

71 1072 130 1148 Fit
147 1075 274 1173 fragor
284 1106 293 1166 ;
314 1078 401 1152 hinc
419 1079 527 1154 densi
544 1077 748 1153 funduntur
761 1081 808 1154 ab
824 1081 963 1156 aethere
981 1080 1111 1154 nimbi.

71 1189 217 1266 Nuntia
232 1193 392 1268 lunonis
406 1196 526 1269 varios
545 1197 675 1270 induta
692 1198 848 1284 colores,
1039 1203 1114 1270 270

71 1305 250 1407 Concipit
267 1307 337 1382 Iris
356 1333 486 1408 aquas,
505 1311 757 1410 alimentaque
775 1313 938 1386 nubibus
957 1311 1088 1386 adfert.

69 1419 296 1498 Sternuntur
313 1436 476 1523 segetes,
496 1437 535 1500 et
552 1426 748 1526 deplorata
765 1428 887 1502 coloni

69 1539 168 1614 Vota
181 1542 323 1639 jacent,
342 1543 519 1641 longique
537 1545 643 1618 labor
660 1546 758 1642 perit
775 1545 900 1618 irritus
918 1544 1018 1618 anni.

35 1686 38 1691 ·
70 1653 152 1729 Nec
168 1660 264 1731 coelo
283 1670 461 1733 contenta
477 1685 544 1733 suo
562 1659 586 1732 J
589 1660 667 1733 ovis
685 1661 760 1735 ira:
790 1659 857 1734 sed
874 1661 981 1733 illum

70 1769 265 1847 Caeruleus
282 1773 396 1850 frater
409 1777 516 1873 juvat
533 1777 775 1851 auxiliaribus
794 1776 917 1850 undis.
1038 1781 1111 1850 275

98 2015 156 2063 264.
174 2015 284 2080 Notum]
304 2016 377 2067 Notus
392 2027 428 2067 est
438 2021 514 2077 Deus,
524 2037 566 2070 cu-
617 2021 716 2070 Homer.
742 2022 773 2069 Il.
806 2026 833 2070 Ε.
860 2022 910 2080 92;
944 2019 1011 2083 virg.
1040 2017 1065 2066 d.
1098 2016 1116 2066 l.

64 2086 104 2152 jus
128 2087 216 2138 faciem
240 2091 399 2140 truculentam
423 2093 568 2144 exhibebant
617 2096 674 2144 ³25.
694 2105 718 2144 et
738 2098 797 2146 AEo.
816 2095 841 2143 ii.
859 2096 916 2144 496.
936 2096 994 2144 ³05.
1016 2091 1115 2156 Singula

67 2162 183 2226 pictoress
200 2162 250 2213 rid.
265 2164 380 2229 Spencius
394 2167 488 2232 Polym.
502 2169 568 2218 Dial.
618 2171 691 2219 verba
704 2169 798 2220 delecta
814 2179 870 2218 sunt
886 2169 918 2218 ad
935 2165 1116 2217 misericordiam

67 2234 117 2286 xiii.
134 2245 208 2302 atque
226 2237 299 2287 etiam
315 2239 340 2288 h.
353 2239 371 2288 l.
385 2240 443 2290 satis
461 2245 570 2292 terribilis
619 2243 820 2292 commovendam.
852 2244 910 2290 Sata
930 2248 1044 2290 vocantur
1063 2249 1116 2289 uota

67 2321 173 2376 apparet.
206 2313 279 2362 Hunc
288 2313 385 2372 emittit,
397 2315 454 2380 quia
464 2316 570 2383 pluviam
619 2319 700 2372 coluri,
721 2331 774 2381 quae
801 2332 864 2364 nunc
888 2316 970 2381 jacent
988 2316 1115 2376 deplorato,

67 2387 179 2445 concitat,
191 2389 255 2437 uude
271 2390 377 2438 humidus
392 2399 416 2440 et
424 2393 517 2452 pluvius
532 2393 568 2443 dr.
620 2390 706 2454 quibus
720 2391 823 2439 succurri
836 2389 902 2438 nullo
915 2387 1020 2437 remedio
1030 2395 1116 2452 potest.

67 2459 153 2525 Itaque
164 2468 189 2510 et
199 2461 226 2509 in
236 2460 282 2510 hac
291 2461 448 2529 descriptione
460 2465 567 2530 allegori-
619 2464 665 2513 Per
686 2466 778 2528 longum
798 2478 886 2511 annum
910 2461 997 2511 multos
1021 2461 1116 2508 labores

66 2550 103 2592 ca,
118 2551 196 2601 eaque
206 2535 414 2594 excellentissima,
424 2554 506 2588 omues
516 2541 568 2605 ejus
617 2537 775 2587 exhauserunt
798 2536 890 2596 coloni3
916 2535 966 2593 sed,
989 2542 1115 2600 postquam

65 2617 144 2674 partes
158 2613 256 2659 madida
270 2618 295 2659 et
312 2612 447 2676 caliginoso.
479 2614 510 2662 In
526 2629 567 2663 ea·
617 2610 658 2660 diu
688 2619 853 2677 exspectarunt
883 2612 975 2674 largam
1004 2623 1115 2664 messem,

66 2683 120 2733 dem
136 2685 237 2733 observa
251 2685 323 2734 etiam
334 2700 432 2750 gravem
443 2687 568 2736 verborum
617 2685 694 2734 omnis
710 2685 751 2734 ille
772 2687 835 2733 tuber
856 2688 938 2735 initus
954 2685 1028 2745 perit:
1052 2684 1115 2730 tabor

66 2772 166 2806 mnam:
187 2760 276 2824 greum,
297 2767 404 2822 gravata,
426 2759 519 2818 referta,
540 2768 568 2810 ut
617 2762 674 2808 anni
693 2767 728 2808 est
745 2757 817 2807 etiarn
834 2758 901 2823 Virg.
912 2759 999 2822 Georg.
1016 2755 1042 2805 ii.
1058 2755 1115 2805 514.

65 2845 115 2880 ver.
126 2833 186 2880 443.
221 2831 312 2890 Sedent,
327 2843 455 2899 apparent:
472 2835 500 2884 ii.
512 2837 567 2885 774.

65 2909 163 2956 udetin
173 2909 307 2969 mapullor.
340 2909 432 2958 Rorant
441 2912 517 2974 poetis
527 2927 565 2970 ea,

66 2981 224 3046 sudesque,
247 2981 319 3032 stiam
343 2984 448 3049 copiosa,
467 2984 565 3035 defluit:

66 3056 184 3104 ver.339.
218 3055 400 3122 Sinarapectus.

97 3129 157 3177 260.
176 3129 264 3178 Pressit
285 3145 403 3193 aquarum
422 3130 566 3183 descenden-

66 3200 125 3250 tium
135 3201 231 3266 copiam
241 3202 340 3252 indicat.
373 3203 468 3256 Pressit.
485 3206 567 3255 Veluti

64 3275 191 3339 spongiam
209 3275 312 3325 ebriam:
331 3278 387 3335 lota,
406 3278 464 3343 quia
482 3279 568 3341 Deus;

65 3347 120 3397 Diis
130 3349 197 3398 enim
206 3365 294 3415 magna
303 3353 409 3400 membra
420 3352 566 3404 tribuuntur:

62 3425 188 3485 prumtis
198 3424 255 3473 erei
266 3432 358 3474 natura.
384 3425 470 3491 Virgil.
481 3428 568 3494 Georg.

65 3497 83 3544 i.
94 3499 144 3546 214
154 3516 162 3558 ;
180 3500 262 3548 nubilo
270 3503 377 3561 pendent.

97 3572 156 3622 271.
173 3571 241 3636 lita]
259 3575 296 3622 Ea
309 3582 413 3640 tempore
423 3574 504 3640 pluvio
517 3593 568 3626 cor·

65 3644 136 3695 nibus
151 3645 202 3694 suis
216 3661 291 3712 aquas
304 3647 398 3698 haurire
414 3649 566 3699 credebatur:

65 3718 213 3790 rid.·Cerda
232 3720 263 3769 ad
281 3720 349 3786 Virg.
367 3723 456 3788 Georg.
473 3723 492 3772 i.
512 3726 567 3773 300.

67 3792 174 3856 Concipit
195 3793 336 3860 exquisitius
362 3812 443 3861 quam,
468 3797 567 3862 colligit.

66 3868 122 3917 Non
138 3870 201 3918 bene
216 3878 296 3918 autem
308 3870 354 3920 hoc
369 3871 440 3920 Iridis
454 3872 568 3920 auxilium

66 3950 103 3991 est
112 3942 242 3993 insertum:
261 3959 334 4008 quum
344 3945 408 3993 enim
422 3953 485 3993 terra
501 3945 569 4009 aquis

65 4016 190 4066 obruenda
202 4025 272 4075 esset,
283 4034 331 4067 non
340 4018 444 4069 debebat
454 4017 500 4067 Iris
512 4018 568 4068 inde

66 4103 143 4154 aquas
152 4089 256 4141 haurire.

97 4163 156 4211 272.
190 4164 333 4216 Sternuntur
348 4177 437 4232 segetes,
448 4166 506 4230 eto]
530 4167 569 4218 Cf.

99 4237 177 4290 VOI..
187 4237 239 4288 111.

617 2832 659 2881 ubi
684 2833 765 2898 Heyu.
787 2832 908 2896 intelligit¹
921 2837 1060 2897 proventum
1071 2883 1073 2889 .
1085 2845 1115 2878 ex
1199 2852 1202 2859 ·

616 2906 698 2956 labore
713 2922 799 2955 annuo.
831 2906 911 2955 Etiam
925 2905 989 2954 Plin.
1004 2905 1065 2952 Pan.
1075 2905 1116 2953 81.

617 2985 741 3046 agrestium
763 2983 825 3030 labor
843 2997 871 3030 eo
891 2996 971 3036 sensu,
990 2987 1032 3030 aut
1052 2988 1117 3027 certe

605 3053 663 3120 ¹ipsi
686 3055 736 3120 agri
762 3055 917 3119 agricolarum
942 3054 1024 3103 labore
1050 3051 1118 3103 culti.

616 3128 664 3177 Sed
681 3129 707 3177 h.
720 3128 737 3177 l.
748 3144 779 3177 ne
794 3128 858 3178 idern
872 3139 907 3178 ter
917 3127 1020 3184 dicatur,
1030 3127 1117 3176 rectius

617 3202 647 3252 de
657 3202 738 3252 labore
749 3218 791 3268 per
801 3218 889 3252 annum
900 3201 1015 3251 exhausto
1029 3201 1118 3267 capies.

616 3275 685 3326 Alias
701 3279 784 3325 labores
803 3279 867 3325 boam
884 3284 925 3324 aut
941 3277 1072 3324 mortalium
1090 3274 1116 3322 in
1153 3336 1159 3345 .

617 3350 732 3399 similibus
755 3350 952 3416 descriptionibus
975 3364 1115 3398 commemo-

616 3431 706 3473 rantur.
740 3425 822 3472 Annus
848 3440 889 3489 pro
917 3423 1014 3472 consilio
1040 3430 1117 3487 poeta

618 3515 672 3547 mox
679 3497 765 3547 dicitur
773 3500 853 3556 bavis,
860 3514 915 3546 mox
927 3500 1016 3562 longus,
1026 3505 1053 3545 nt
1061 3497 1100 3545 h.l
1110 3515 1117 3556 ς

618 3580 660 3620 aut
670 3589 775 3638 magnato,
788 3575 846 3622 AEn.
855 3572 889 3621 iii.
901 3574 957 3620 284.

650 3647 707 3694 274.
725 3647 792 3710 Sua]
811 3646 881 3706 Quod
892 3646 914 3694 ei
926 3645 1024 3710 contigit
1035 3645 1061 3694 in
1075 3660 1116 3692 uo-

617 3719 709 3769 tissima
719 3719 761 3769 illa
772 3719 855 3770 mundi
865 3719 988 3769 divisione.
1014 3721 1117 3768 Eo-con-

617 3803 698 3844 tentus
712 3796 757 3844 fuit
771 3796 901 3845 secundum
916 3793 1029 3860 Apollod.
1044 3795 1065 3843 Ι.
1077 3795 1117 3846 vii.

617 3871 641 3918 2.
652 3868 740 3926 Fluvii,
754 3869 844 3926 ὑετὶου,
859 3868 972 3935 ὀμβρίου,
984 3868 1048 3916 Jouis
1062 3884 1115 3934 spe·

617 3943 667 3994 cies
680 3944 752 3993 etiam
769 3945 794 3994 in
810 3943 913 3993 nummis
928 3941 1043 3992 occurrit:
1061 3942 1116 3993 vide

618 4019 746 4084 Spanhem.
764 4019 795 4067 ad
812 4018 934 4083 Aristoph.
945 4017 1013 4066 Nub.
1024 4036 1047 4066 v.
1058 4019 1116 4066 370.

650 4095 707 4143 275.
730 4094 814 4142 Frater
835 4093 953 4149 cumbam,
979 4091 1117 4158 Neptunus.

619 4167 707 4216 Omnia
717 4167 789 4226 euim,
800 4184 854 4233 qum
865 4167 891 4216 in
901 4167 960 4216 mari
970 4175 1033 4224 sunt,
1042 4165 1117 4231 poetis
