2812 5010
185 331 250 395 136

477 330 516 393 Ρ.
540 327 701 395 OVIDII
726 326 936 392 NASONIS

187 503 416 600 Ungulaque
433 504 472 577 in
491 503 627 601 quinos
643 502 789 600 dilapsa
806 499 1015 574 absumitur
1033 521 1193 594 ungues,

187 620 246 692 De
264 621 359 693 bove
377 620 429 691 nil
448 628 633 717 superest,
653 616 779 690 formae
798 617 870 689 nisi
889 615 1040 700 candor,
1059 613 1098 686 in
1116 612 1205 698 illa;

187 735 399 832 Officioque
416 736 555 835 pedum
575 733 611 807 N
614 735 755 833 ymphe
768 743 946 806 contenta
962 732 1121 804 duorum
1217 775 1219 779 >

188 849 353 947 Erigitur
369 878 378 939 ;
399 851 610 947 metuitque
627 850 743 947 loqui,
761 873 808 922 ne
826 873 928 921 more
941 849 1114 944 juvencae
1162 846 1233 916 745

190 965 363 1063 Mugiat3
386 985 424 1041 et
440 967 570 1040 timide
588 967 702 1040 verba
719 966 932 1039 intermissa
949 972 1124 1037 retentat.

188 1082 300 1156 Nunc
321 1083 405 1157 Dea
422 1084 578 1180 linigera
594 1083 729 1156 colitur
748 1082 991 1156 celeberrima
1008 1080 1131 1152 turba.

188 1197 288 1272 Huic
307 1199 488 1297 Epaphus
508 1199 634 1296 magni
650 1197 798 1293 genitus
817 1196 1025 1271 desemine
1044 1193 1198 1269 tandem

160 1398 163 1405 ,
188 1314 365 1389 Creditur
383 1340 467 1389 esse
484 1314 507 1386 J
511 1316 589 1388 ovis
606 1343 614 1403 ;
636 1339 780 1413 perque
798 1314 908 1386 urbes
923 1314 1056 1410 juncta
1072 1309 1220 1408 parenti

186 1429 345 1530 Templa
361 1441 486 1505 tenet:
506 1430 577 1504 fuit
594 1430 681 1504 huic
700 1428 833 1502 animis
852 1427 1009 1526 aequalis
1027 1436 1066 1500 et
1082 1425 1191 1499 annis

220 1647 276 1695 742.
296 1648 395 1714 Ungula
409 1648 516 1705 bisulca,
528 1649 616 1712 χηλαὶ,
629 1664 687 1715 qua·

186 1721 222 1768 les
240 1721 330 1770 habent
346 1722 426 1779 boves,
447 1738 509 1772 nunc
526 1739 605 1771 rursus
626 1723 688 1772 scin-

187 1794 275 1844 duntur
286 1795 311 1843 in
322 1795 405 1860 quinos
414 1796 509 1861 digitos.
545 1798 641 1860 Dilapsa
649 1801 685 1846 ab·

187 1871 286 1925 sumitur
297 1869 409 1926 suaviter,
420 1887 462 1935 pro
473 1870 593 1928 dilabitur,
603 1872 651 1921 fere
662 1881 688 1921 ut

188 1942 255 2006 Virg.
278 1942 365 2007 Georg.
387 1942 421 1992 iv.
448 1946 510 1992 410:
540 1946 639 1994 Proteus
663 1946 688 1995 in

188 2018 540 2078 aqaasteuaesdilapsusabibtt;
557 2027 581 2066 et
592 2019 688 2076 Noster,

188 2107 213 2138 v.
235 2092 297 2140 435:
316 2091 454 2154 Pectoraque
471 2094 497 2140 in
516 2102 591 2140 tenues
607 2095 691 2142 abeunt

191 2167 288 2212 evanida
305 2169 372 2213 rivos.
405 2165 460 2212 Non
476 2165 537 2213 dixit
555 2166 579 2213 in
598 2169 689 2231 digitos,

190 2237 268 2287 sedin
278 2255 375 2304 aagraes,
386 2255 485 2303 quorum
497 2249 582 2288 natura
595 2239 691 2288 similior

189 2312 292 2387 ungulis.
327 2313 407 2377 Officio
415 2317 498 2376 pedam
513 2313 638 2379 exquisite,
649 2332 691 2380 pro

187 2390 300 2448 pedibas‚·
318 2395 342 2435 et
354 2398 459 2436 contenta
473 2388 546 2437 habet
556 2389 647 2454 aliquid
653 2390 692 2455 jo-

189 2461 247 2508 cosi.
282 2461 382 2518 Caadnr,
398 2473 425 2511 ut
439 2466 508 2519 attor,
528 2479 576 2511 ver.
589 2466 653 2523 552;
670 2472 694 2512 et

190 2534 390 2599 pulchritudinem
407 2545 432 2584 et
448 2535 575 2585 candidum
590 2538 691 2586 colorem

191 2619 265 2658 notat.
294 2611 419 2674 Ingeniose
430 2616 652 2662 metuit—retentat.

225 2686 280 2733 746.
297 2684 448 2748 Intermissa]
469 2686 557 2734 Iovan.
574 2688 640 2734 verbo
654 2690 691 2735 in·

193 2765 299 2818 tereeptm
312 2774 358 2806 non
374 2759 505 2815 invenuste,
514 2759 596 2823 judice
607 2761 691 2808 Burm.

225 2830 280 2878 747.
300 2832 398 2888 Colitur,
407 2832 433 2880 in
443 2834 557 2898 AEgypto,
567 2848 614 2898 qua
629 2849 692 2883 nunc

193 2901 301 2950 ducimur
323 2920 338 2952 a
356 2913 434 2970 poeta,
452 2915 475 2954 et
496 2905 560 2954 unde
581 2922 635 2954 mox
651 2923 693 2972 per

193 2976 340 3041 AEthiopiam
350 2978 374 3026 in
390 2979 479 3043 regiam
490 2980 550 3028 Solis
560 2980 691 3044 proficisce-

193 3064 253 3097 mur.
289 3051 361 3099 Ritus
375 3051 442 3100 istius
457 3053 535 3100 cultus
545 3053 619 3101 habet
628 3054 690 3103 Lac·

193 3131 255 3172 tant.
278 3124 337 3172 Inst.
355 3126 412 3174 Diu.
429 3126 446 3173 i.
466 3129 505 3174 21.
539 3127 629 3176 Colitur
647 3131 691 3178 sub

192 3198 287 3247 nornine
299 3198 377 3247 lsidis.
412 3200 462 3247 Dea
480 3202 632 3258 celeberrima,
643 3203 693 3251 sola

193 3272 255 3321 enim
268 3273 314 3320 Isis
329 3288 384 3320 cnm
397 3273 490 3321 Osiride
505 3290 547 3339 per
560 3282 633 3323 totam
649 3277 692 3324 AE-

193 3354 292 3410 gyptum
311 3346 401 3410 templa
419 3347 531 3396 habebat.
563 3349 653 3398 Herod.
668 3349 694 3399 ii.

193 3424 232 3471 42.
260 3421 356 3486 Scripsit
363 3421 486 3470 Plutarch.
497 3422 527 3471 de
539 3422 576 3470 hia
590 3424 693 3472 celeber-

192 3495 258 3544 rimis
273 3497 375 3559 AEgypt.
393 3496 447 3544 Diis
464 3495 608 3561 peculiarem
625 3497 693 3545 libel·

191 3572 251 3621 lum.
286 3571 397 3635 Linigera
417 3586 432 3618 a
454 3574 531 3627 turbo,
552 3573 581 3619 ab
602 3570 694 3626 Isiacis,

192 3644 354 3695 sacerdotibus
371 3645 450 3701 Isidis,
465 3661 523 3709 quos
537 3646 650 3694 Juvenal.
664 3644 695 3693 vi.

194 3723 234 3769 33.
251 3723 375 3784 linigeram
389 3736 480 3784 gregem
495 3717 564 3776 dixit,
579 3720 635 3783 quia
650 3735 696 3767 non

194 3794 239 3841 nisi
260 3793 329 3841 lineis
350 3792 496 3841 vestimentis
520 3792 596 3842 induti
622 3801 697 3842 erant.

195 3868 309 3916 Herodot.
320 3869 344 3915 ii.
356 3870 395 3916 37.
429 3869 519 3920 Causas
530 3869 582 3934 ejus
597 3870 630 3917 rei
642 3869 695 3931 plu·

194 3957 231 3990 res
252 3941 320 3989 affert
335 3942 456 3991 Plutarch.
473 3942 497 3990 d.
511 3941 528 3990 l.
543 3951 599 3992 torn.
616 3940 656 3989 vii.
672 3958 696 4006 p.

195 4016 252 4063 390.
263 4014 320 4062 edit.
335 4015 434 4075 Reisk.;
453 4016 494 4064 sed
506 4031 586 4063 veram
604 4014 697 4064 videtur

197 4087 317 4137 omisisse:
335 4088 380 4136 Isis
391 4089 453 4137 enim
464 4089 528 4137 haud
538 4089 608 4138 dubie
618 4089 698 4152 regina

196 4160 250 4218 fuit,
259 4177 312 4226 quae
322 4161 441 4227 AEgyptiis
450 4165 493 4210 tini
500 4178 569 4210 usum
581 4161 695 4212 ostendit:

737 1646 792 1696 vide
807 1647 910 1712 Goguet.
923 1663 971 1694 vom
985 1645 1119 1709 Ursprnage
1134 1645 1175 1692 der
1190 1642 1238 1690 Ge·

737 1718 800 1778 re'tae,
818 1730 864 1771 etc.
880 1729 897 1769 t.
915 1720 933 1768 i.
952 1722 1007 1768 129.
1039 1717 1126 1782 Itaque
1144 1725 1169 1765 et
1185 1715 1240 1782 ipsa¹

738 1796 806 1845 lineis
816 1795 962 1844 vestimentis
978 1792 1062 1840 induta
1078 1799 1137 1848 erat,
1153 1801 1178 1839 et
1195 1794 1239 1839 dea

739 1872 837 1934 linigera
847 1869 985 1917 dicebatur:
1003 1867 1089 1914 Noster
1100 1866 1122 1914 Ι.
1135 1866 1207 1913 Pont.
1217 1863 1236 1911 i.

739 1946 768 1993 51
779 1963 785 1991 z
804 1944 917 2008 Linigern
928 1940 998 1989 Isidis
1006 1957 1099 1988 numen.

772 2019 829 2066 748.
848 2016 978 2079 Epaphum]
997 2014 1036 2063 Ab
1049 2011 1164 2078 AEschylo
1180 2012 1239 2060 Pro-

739 2093 812 2142 meth.
824 2109 872 2140 ver.
889 2093 946 2147 319,
961 2098 1067 2144 vocatur,
1083 2086 1135 2145 dioc
1152 2086 1240 2150 πόρτις

740 2167 849 2233 (vitulus,
863 2167 880 2215 i.
894 2182 915 2214 e.
929 2162 1005 2227 filius)
1021 2163 1089 2227 βοός.
1121 2160 1240 2210 Eusebius

741 2251 821 2291 tamen
835 2240 860 2288 in
877 2238 994 2288 Chronico
1009 2236 1040 2285 ad
1053 2253 1076 2284 a.
1087 2237 1143 2284 401.
1158 2242 1239 2283 auctor

742 2323 787 2372 est,
804 2332 834 2364 ex
850 2313 977 2378 Telegono,
993 2311 1032 2360 cui
1044 2313 1115 2376 juxta
1127 2308 1242 2374 Apollod-

742 2400 825 2456 postea
838 2387 917 2452 nupsit
927 2386 980 2442 Isis,
990 2385 1096 2449 genitum
1110 2399 1161 2432 esse
1176 2383 1240 2430 hunc

743 2463 884 2530 Epaphum:
902 2460 957 2509 vide
978 2462 1108 2508 Burmann.
1129 2456 1160 2505 ad
1182 2456 1207 2504 h.
1225 2455 1244 2503 l.

741 2537 814 2604 Apud
832 2535 941 2599 AEschyl.
959 2535 1052 2598 Jupiter
1069 2549 1116 2580 non
1130 2546 1242 2583 concum-

740 2616 776 2665 bit
787 2629 842 2663 curn
851 2612 887 2667 Io,
899 2609 941 2658 sed
952 2609 983 2658 ad
993 2608 1077 2656 Nilum
1084 2603 1179 2672 placide
1190 2622 1245 2654 rna·

741 2707 773 2738 nu
781 2688 882 2754 palpans
892 2682 1012 2748 gravidam
1021 2697 1074 2731 eam
1085 2681 1171 2739 reddit,
1179 2681 1242 2729 ἐπα-

740 2766 794 2829 φῷν
810 2759 911 2825 ἅτάρβει
925 2758 989 2823 χειρὶ
1004 2758 1044 2805 καὶ
1059 2756 1136 2821 θίγων
1150 2757 1242 2821 μόνον.

742 2837 803 2886 Inde
815 2835 930 2897 Epaphus.
952 2833 976 2880 Ιι
987 2831 1086 2888 Graecis,
1094 2830 1162 2880 idem
1168 2845 1243 2895 quam

743 2909 864 2976 AEgyptiis
875 2911 937 2970 Apis.
970 2907 1085 2955 Herodot.
1095 2905 1121 2955 ii.
1135 2907 1190 2954 153.
1209 2906 1244 2956 iii.

775 3061 831 3109 750.
859 3059 916 3106 Fuit
936 3057 997 3112 haic,
1018 3063 1066 3104 etc.
1103 3055 1244 3118 Phaethon]

742 3134 833 3182 Eodem
846 3133 894 3180 lere
909 3129 978 3178 modo
995 3145 1042 3193 quo
1056 3130 1143 3179 Noster
1155 3129 1244 3178 Hesio-

743 3207 787 3256 dus
802 3206 909 3254 labnlam
919 3202 1074 3251 Phaethontis
1088 3201 1113 3250 in
1126 3202 1187 3251 libro
1203 3203 1245 3251 de-

743 3280 836 3346 perdito
854 3279 930 3343 (unde
951 3293 1005 3326 earn
1022 3275 1112 3340 Hygia.
1128 3277 1177 3325 lab.
1199 3280 1247 3327 154

744 3353 873 3419 excerpsit)
892 3359 1041 3411 narraverat3
1065 3366 1151 3416 neque,
1169 3360 1197 3401 ut
1214 3369 1244 3401 ex

745 3428 854 3477 Eustath.
869 3427 900 3476 ad
916 3429 987 3475 Hom.
998 3426 1047 3474 Od.
1059 3442 1083 3490 p.
1094 3427 1157 3475 1639
1171 3443 1245 3492 appa-

745 3509 788 3558 ret,
799 3501 824 3548 in
835 3499 972 3566 parentibus
983 3515 997 3547 a
1007 3500 1094 3547 Nostro
1108 3499 1247 3549 dissensisse

745 3575 846 3631 videtur,
855 3589 991 3638 quanquam
1003 3588 1057 3620 eum
1066 3573 1158 3638 Hygia.
1168 3575 1248 3624 nescio

746 3665 793 3714 quo
813 3664 888 3698 errore
909 3648 1033 3712 deeeptus,
1053 3647 1132 3703 tradit,
1150 3648 1248 3711 Clyme-

745 3740 811 3781 num,
819 3723 880 3771 Solis
890 3721 973 3778 filiurn,
981 3730 1073 3786 patrem
1083 3722 1154 3770 luisse
1167 3722 1247 3772 Phae-

746 3797 842 3852 thontis,
861 3798 1024 3861 Meropenque
1046 3796 1174 3860 nympham
1195 3813 1247 3844 ma·

746 3882 813 3919 trem.
843 3872 902 3918 Mox
914 3885 928 3916 a
939 3868 1034 3932 tragicis
1044 3869 1127 3917 eadem
1139 3869 1247 3917 certatim

747 3953 782 3993 est
793 3952 902 4000 tractata,
912 3951 939 3992 ut
949 3943 1028 3992 Schol.
1036 3945 1108 3992 Hom.
1116 3943 1147 3991 ad
1158 3942 1207 3991 Od.
1216 3945 1248 3993 Ρ.

746 4019 794 4065 203
805 4019 913 4066 observat
921 4034 928 4077 3
945 4015 987 4065 sed
1001 4033 1048 4065 non
1062 4014 1107 4064 nisi
1121 4031 1150 4064 ex
1161 4017 1246 4082 Eurip.

747 4090 849 4139 Phaeth.
860 4105 938 4154 pauca
948 4089 1031 4154 fragm.
1044 4097 1142 4146 restant,
1153 4106 1207 4154 quae
1223 4090 1248 4138 in

747 4164 792 4212 Ed.
810 4163 873 4228 Lips.
888 4171 906 4212 t.
917 4163 942 4213 ii.
958 4182 981 4228 p.
994 4164 1042 4211 462
1057 4164 1176 4226 leguntur.
1210 4165 1247 4212 Ex
