2812 5010
673 87 682 114 t

246 305 711 375 METAMORPHOSEON
734 308 824 374 LIB.
849 309 918 375 ΙΙΙ.
1026 311 1096 376 215

64 482 332 557 incustoditam
344 484 445 556 lente
464 482 566 555 videt
584 481 636 554 ire
651 485 863 579 juvencam,
1051 491 1094 558 15

62 598 217 671 Nullum
235 597 374 671 servitii
392 599 539 694 signum
557 599 700 671 cervice
719 610 923 696 gerentem.

64 714 324 810 Subsequitur,
344 736 550 809 pressoque
567 712 659 809 legit
675 714 833 810 vestigia
850 739 1001 810 gressu;

62 828 340 925 Auctoremque
357 829 425 902 viae
444 827 630 900 Phoebum
649 829 854 903 taciturnus
873 830 1016 904 adorat.

61 943 144 1018 Jam
162 945 261 1017 vada
278 943 445 1042 Cephisi,
466 942 719 1040 Panopesque
736 956 904 1018 evaserat
921 969 1008 1020 arva
1018 975 1027 1035 ;

65 1059 138 1133 Bos
157 1061 283 1148 stetim
313 1070 351 1132 et
367 1060 501 1133 tollens
521 1060 724 1157 spatiosam
741 1062 915 1135 cornibus
934 1063 1018 1136 altis
1049 1070 1097 1136 20

64 1175 119 1248 Ad
137 1177 274 1249 ooelum
292 1175 463 1262 frontem,
482 1175 688 1272 mugitibus
706 1177 853 1274 impulit
871 1200 990 1251 auras.

63 1293 188 1389 Atque
203 1289 268 1377 ita,
280 1290 483 1390 respiciens
501 1291 658 1364 comites
677 1316 746 1365 sua
762 1303 868 1388 terga
883 1303 1096 1390 sequenteS,

65 1407 281 1493 Procubuit,
301 1417 505 1504 teneraque
522 1408 619 1481 latus
639 1409 812 1481 submisit
829 1409 867 1481 in
886 1410 1013 1482 herba.

65 1522 231 1596 Cadmus
250 1523 328 1620 agit
344 1534 481 1619 grates,
499 1524 781 1622 peregrinaeque
799 1525 928 1598 oscula
944 1535 1052 1598 terrae

66 1638 184 1735 Figit3
215 1648 253 1713 et
270 1640 416 1735 ignotos
434 1649 592 1728 montes
613 1665 799 1739 agrosque
817 1641 966 1714 salutat.
1052 1643 1100 1713 25

69 1754 181 1828 Sacra
197 1753 221 1826 J
225 1755 467 1862 ovi-facturus
485 1767 587 1831 eratr
612 1759 723 1855 jubet
739 1759 792 1832 ire
809 1757 1009 1842 ministros,

66 2000 206 2066 puracca.
234 2002 344 2050 Adoratto
355 2002 414 2050 alios
428 2002 557 2052 fiebatfor-
608 2014 634 2053 ut
650 2005 667 2053 ii
699 2008 756 2056 865.
773 2009 889 2069 deponere,
904 2004 1009 2053 formula
1027 2005 1104 2052 solen·

67 2074 132 2122 mulia
147 2089 189 2123 ore
206 2074 304 2140 prolatis
324 2075 441 2139 certisque
460 2076 559 2137 ritibus3
608 2094 649 2128 nes
660 2078 690 2128 de
700 2080 878 2144 procumbente.
901 2079 930 2126 In
941 2092 1003 2127 orac.
1010 2076 1103 2127 κλίνειν

67 2148 170 2198 Cadmus
179 2164 234 2198 vero
245 2148 419 2197 intereundum
429 2154 560 2199 taciturnus
609 2152 678 2216 γόνυ.
710 2153 788 2202 Schol.
807 2152 880 2201 Hom.
901 2152 931 2199 ad
953 2152 983 2198 11.
1003 2154 1031 2199 B.
1048 2152 1105 2199 494.

67 2222 152 2286 gratias
160 2223 249 2287 agebat
257 2222 373 2288 Apollini.
609 2225 738 2286 ὀκλήσασα
754 2225 879 2285 α’νεκλίθη.
906 2227 1009 2273 Pausan.
1020 2224 1104 2288 ἔμελλε

99 2299 136 2348 19.
153 2298 208 2346 Jum
221 2299 282 2346 ouda
295 2298 405 2361 emunt]
419 2299 458 2346 De
469 2299 561 2360 Cephiso
610 2303 721 2365 καμοῦσα
740 2298 859 2351 ὀκλάσειν.
892 2301 997 2347 Puuaau.
1009 2313 1033 2361 p.
1049 2298 1107 2346 73³.

68 2369 118 2421 vide
135 2370 167 2420 ad
183 2369 268 2420 1369.
301 2371 445 2434 Panopesque
462 2381 562 2419 ruamur
611 2381 699 2430 namot,
709 2389 751 2422 suo
763 2373 840 2421 adhuc
851 2380 955 2436 ternpore
970 2369 1061 2418 ostendi
1071 2371 1105 2418 lo-

67 2461 128 2494 arua.
171 2443 265 2505 Panope
291 2453 334 2492 aut
360 2445 487 2506 Pompam,
507 2447 563 2494 urbs
612 2463 667 2495 cum
686 2446 727 2495 ubi
747 2447 789 2494 bos
808 2444 966 2510 procubuerit,
985 2443 1011 2491 iu
1031 2457 1106 2508 eoque

68 2515 189 2567 Phocidis.
222 2518 373 2566 Burmannus
393 2519 493 2583 putabat
513 2534 562 2566 rec·
613 2536 663 2569 esse
680 2535 745 2569 aram
761 2535 815 2569 cum
826 2519 892 2583 siguo
903 2517 1028 2574 Minerva,
1039 2516 1106 2565 dedi·

69 2589 111 2640 tim
135 2591 207 2641 scribi
231 2592 346 2654 Panopen,
366 2591 479 2657 oppidum
500 2592 563 2640 enim
613 2593 827 2644 catamaCodmo.

71 2667 188 2727 Panopeus
204 2681 219 2713 a
235 2666 357 2722 Strabone,
368 2665 400 2714 ix.
410 2683 435 2731 p.
447 2666 502 2714 416.
516 2665 563 2714 dici
645 2669 686 2716 24.
703 2664 1049 2732 Peregrinaequeoaculutrrroe.]
1069 2666 1108 2714 Do

69 2747 116 2788 eta
130 2739 260 2795 Pausania,
270 2757 296 2787 x.
309 2740 332 2788 4.
343 2739 401 2787 licet
416 2755 430 2788 a
444 2740 564 2804 Stephano
614 2741 658 2788 hoo
668 2756 731 2789 more
746 2740 864 2789 salutandi
879 2748 952 2788 terras
967 2737 1108 2803 peregrinas,

70 2814 177 2874 Πανόπη
188 2822 293 2870 vocetur,
301 2814 416 2862 Sulmaaio
426 2823 450 2862 et
457 2815 565 2863 Berkelio
615 2830 685 2879 quem
700 2814 763 2880 apud
778 2823 860 2880 poetas
875 2812 947 2879 prisci
956 2812 1063 2861 homines
1073 2827 1110 2861 re·

70 2885 259 2936 defendentibus.
614 2887 696 2951 ligiose
712 2889 802 2943 colunt,
814 2887 869 2935 vide
880 2886 981 2935 Ciof.ad
997 2885 1061 2934 bunc
1075 2885 1110 2932 lo·

100 2963 141 3011 20.
157 2960 222 3009 Illud
238 2963 273 3008 bos
286 2964 349 3008 stetit
359 2970 384 3009 et
392 2962 513 3022 procubuit
524 2976 565 3007 ex·
616 2978 678 3011 cum.
711 2962 766 3011 Fuit
782 2961 839 3011 satis
860 2961 979 3025 antiquus.
1012 2959 1110 3008 Homer.

71 3035 169 3092 ornavit,
177 3050 253 3084 moros
263 3033 334 3083 utum
345 3033 472 3083 errantium
480 3033 566 3082 descri-
617 3036 664 3086 0d.
676 3042 704 3085 Ε.
712 3038 768 3086 354.

71 3110 156 3159 bando.
183 3110 407 3171 Spuriommlatam.
429 3110 489 3156 Mox
499 3124 566 3157 versu
648 3112 688 3159 26.
704 3111 776 3159 Sacro
791 3110 851 3165 Joui,
867 3107 926 3170 eto]
946 3107 1018 3155 Illam
1033 3107 1111 3173 ipsam

71 3184 109 3232 56.
119 3185 240 3246 panorm
253 3168 376 3244 corpuabt
386 3197 454 3230 versu
464 3183 506 3230 95.
516 3198 567 3243 spu·
613 3187 749 3250 juvencam,
771 3183 814 3232 viro
835 3184 929 3238 ducem,
950 3182 1112 3231 immolatuma

73 3259 129 3305 tiam
149 3257 226 3304 bortis
268 3257 347 3304 Boves
367 3254 472 3321 spatiosa
492 3255 567 3303 fronte
615 3267 675 3315 orat,
686 3256 828 3313 velrellurt
837 3255 968 3304 secuudum
979 3255 1111 3312 oraculum,

72 3328 161 3379 Grmi!
168 3325 460 3394 ἆὶθΰῐὶῐῑῑῐεῦρυμὲτωπθῑι
469 3329 564 3375 mba-
616 3334 653 3382 vel
670 3331 794 3388 Minerva,
811 3338 908 3379 auctore
920 3329 1033 3393 Apollod.
1044 3330 1111 3386 forte,

73 3400 217 3467 ruptronor·
251 3403 347 3450 Homer.
366 3400 392 3449 h.
412 3403 488 3450 Mero.
509 3403 566 3449 355.
617 3406 673 3470 quia
688 3405 731 3453 illa
740 3405 837 3470 fautrix
850 3406 963 3459 otri‚ver.
976 3403 1029 3450 101.
1062 3403 1112 3450 Νο-

73 3475 105 3524 Ηί
114 3474 198 3541 optimi
209 3475 372 3525 habebantur:
391 3477 475 3524 Varro.
488 3475 520 3522 R.
532 3475 567 3522 R·
616 3488 662 3528 ster
670 3480 748 3527 Jooem
758 3477 886 3527 substituit.
908 3475 1114 3530 Mittaturncomi-

72 3549 98 3598 ii·
107 3552 137 3610 53
155 3550 251 3599 Colum·
264 3551 308 3600 VI·
316 3551 332 3598 i·
343 3549 384 3599 ubi
399 3548 471 3598 etiam
483 3553 568 3598 amnuo
619 3564 663 3610 tes,
674 3569 732 3617 quos
738 3568 856 3602 sacrorum
867 3550 1021 3617 parandomrn
1032 3547 1113 3595 minir-

70 3625 436 3686 Pmmetrvfflssfllfludffltur·
470 3624 569 3688 Mugiti·
619 3637 666 3677 tros
683 3642 735 3675 esse
746 3626 850 3675 volebat.
883 3625 942 3672 Mox
959 3625 1013 3670 socii
1028 3634 1113 3668 vocan-

74 3698 157 3756 bur,in
173 3700 268 3748 oraculo
278 3699 397 3764 Apollinis
407 3706 513 3753 vocatur,
523 3696 570 3762 apt·
620 3710 669 3760 tur;
694 3699 774 3748 Schol.
792 3700 889 3746 Homer.
910 3697 980 3753 τινὰς
995 3698 1046 3743 τῶν
1062 3693 1115 3758 μεθ’

72 3775 227 3837 paroc,qu
237 3777 347 3838 mugiens.
375 3768 571 3834 Impelttclainor·
621 3774 716 3824 ἑαυτοῦ.
742 3771 816 3837 Apud
829 3768 996 3835 Euripidipse
1010 3765 1116 3816 Cadmus

73 3844 128 3894 ibus
143 3861 158 3894 a
173 3845 248 3911 poetis
262 3847 373 3895 dicuntur
384 3861 430 3894 nou
444 3844 514 3893 modo
531 3861 572 3893 au·
622 3847 672 3896 abit
682 3847 724 3894 ἐπὶ
733 3843 898 3910 χέρνιβας,αι1
909 3857 992 3891 manus
1002 3839 1118 3890 lavandas

73 3933 119 3975 rea,
131 3916 174 3965 sod
183 3926 208 3967 et
218 3934 291 3978 aura,
302 3926 403 3976 montes,
414 3925 462 3968 etc.
625 3936 687 3984 aqua
696 3917 797 3967 lustrali.
828 3918 859 3966 Iu
868 3931 922 3966 eam
932 3930 980 3963 rem
991 3915 1043 3962 otoo
1053 3928 1117 3978 aqua

107 3992 149 4040 22.
167 3992 241 4055 Atque
251 3994 295 4050 ito,
306 4009 353 4057 quo
363 3992 436 4048 sacto,
446 3999 473 4040 ut
487 3991 505 4038 i.
519 3992 575 4040 377.
625 3993 787 4042 adhibebatur.
823 3991 876 4041 Liv.
896 3990 914 4040 i.
934 3992 979 4039 45:
1007 3989 1071 4044 Quin
1090 3996 1117 4035 tu

77 4066 184 4113 Comiter.
209 4066 312 4116 Pausou.
318 4067 363 4117 τὸν
371 4068 418 4116 σὺν
427 4065 496 4130 αὐτῷ
501 4082 573 4129 στρα-
625 4078 679 4117 onte
692 4066 896 4132 oiooperfundorir
904 4066 1019 4129 flumina?
1035 4063 1118 4128 Ipsum

74 4138 129 4190 τόν·
163 4140 243 4198 Lato,
264 4157 357 4208 corpus.
374 4143 512 4198 tramittere.
526 4147 577 4197 aut,
626 4143 746 4193 oraculum
757 4142 860 4207 jusserat
873 4155 964 4191 sacrum
976 4134 1119 4202 fieridyodo
