<?xml version="1.0" encoding="UTF-8"?>
<!DOCTYPE html PUBLIC "-//W3C//DTD XHTML 1.0 Transitional//EN"
    "http://www.w3.org/TR/xhtml1/DTD/xhtml1-transitional.dtd">
<html xmlns="http://www.w3.org/1999/xhtml" xml:lang="en" lang="en">
 <head>
  <title>
</title>
<meta http-equiv="Content-Type" content="text/html;charset=utf-8" />
  <meta name='ocr-system' content='tesseract 3.04.00' />
  <meta name='ocr-capabilities' content='ocr_page ocr_carea ocr_par ocr_line ocrx_word'/>
</head>
<body>
  <div class='ocr_page' id='page_1' title='image "./povidiinasoniso04burmgoog_0056.png"; bbox 0 0 2812 5010; ppageno 0'>
   <div class='ocr_carea' id='block_1_1' title="bbox 193 324 1106 395">
    <p class='ocr_par' dir='ltr' id='par_1_1' title="bbox 193 324 1106 395">
     <span class='ocr_line' id='line_1_1' title="bbox 193 324 1106 395; baseline 0.003 -3"><span class='ocrx_word' id='word_1_1' title='bbox 193 327 262 393; x_wconf 93' lang='lat' dir='ltr'>DE</span> <span class='ocrx_word' id='word_1_2' title='bbox 286 325 450 392; x_wconf 87' lang='lat' dir='ltr'>OPERE</span> <span class='ocrx_word' id='word_1_3' title='bbox 473 324 965 393; x_wconf 87' lang='lat' dir='ltr'>METAMORPHOSEON.</span> <span class='ocrx_word' id='word_1_4' title='bbox 1051 329 1106 395; x_wconf 86' lang='lat' dir='ltr'>xlv</span> 
     </span>
    </p>
   </div>
   <div class='ocr_carea' id='block_1_2' title="bbox 56 498 1145 1533">
    <p class='ocr_par' dir='ltr' id='par_1_2' title="bbox 56 498 1145 1533">
     <span class='ocr_line' id='line_1_2' title="bbox 60 498 1145 588; baseline 0.003 -24"><span class='ocrx_word' id='word_1_5' title='bbox 60 501 169 577; x_wconf 87' lang='lat' dir='ltr'>centis,</span> <span class='ocrx_word' id='word_1_6' title='bbox 193 501 253 566; x_wconf 84' lang='lat' dir='ltr'>sed</span> <span class='ocrx_word' id='word_1_7' title='bbox 276 512 310 565; x_wconf 88' lang='lat' dir='ltr'>et</span> <span class='ocrx_word' id='word_1_8' title='bbox 331 521 479 585; x_wconf 82' lang='lat' dir='ltr'>personae</span> <span class='ocrx_word' id='word_1_9' title='bbox 501 498 749 563; x_wconf 75' lang='lat' dir='ltr'>accommodatae</span> <span class='ocrx_word' id='word_1_10' title='bbox 770 500 852 563; x_wconf 87' lang='lat' dir='ltr'>sint:</span> <span class='ocrx_word' id='word_1_11' title='bbox 874 523 948 585; x_wconf 82' lang='lat' dir='ltr'>quae</span> <span class='ocrx_word' id='word_1_12' title='bbox 967 511 1106 586; x_wconf 90' lang='lat' dir='ltr'>utraque</span> <span class='ocrx_word' id='word_1_13' title='bbox 1139 576 1145 588; x_wconf 22' lang='grc' dir='ltr'>δ</span> 
     </span>
     <span class='ocr_line' id='line_1_3' title="bbox 59 617 1106 704; baseline 0 -21"><span class='ocrx_word' id='word_1_14' title='bbox 59 617 126 684; x_wconf 84' lang='lat' dir='ltr'>laus</span> <span class='ocrx_word' id='word_1_15' title='bbox 146 621 347 685; x_wconf 87' lang='lat' dir='ltr'>orationibus</span> <span class='ocrx_word' id='word_1_16' title='bbox 368 619 437 684; x_wconf 82' lang='lat' dir='ltr'>fere</span> <span class='ocrx_word' id='word_1_17' title='bbox 454 619 613 696; x_wconf 67' lang='lat' dir='ltr'>omnibus</span> <span class='ocrx_word' id='word_1_18' title='bbox 629 641 709 704; x_wconf 87' lang='lat' dir='ltr'>quas</span> <span class='ocrx_word' id='word_1_19' title='bbox 728 619 792 683; x_wconf 86' lang='lat' dir='ltr'>hoc</span> <span class='ocrx_word' id='word_1_20' title='bbox 810 641 938 684; x_wconf 88' lang='lat' dir='ltr'>carmen</span> <span class='ocrx_word' id='word_1_21' title='bbox 953 618 1106 704; x_wconf 82' lang='lat' dir='ltr'>plurimas</span> 
     </span>
     <span class='ocr_line' id='line_1_4' title="bbox 59 736 1108 821; baseline 0 -18"><span class='ocrx_word' id='word_1_22' title='bbox 59 738 171 816; x_wconf 88' lang='lat' dir='ltr'>habet,</span> <span class='ocrx_word' id='word_1_23' title='bbox 197 739 347 803; x_wconf 91' lang='lat' dir='ltr'>debetur.</span> <span class='ocrx_word' id='word_1_24' title='bbox 398 736 617 802; x_wconf 88' lang='lat' dir='ltr'>Nobilissimae</span> <span class='ocrx_word' id='word_1_25' title='bbox 644 747 731 814; x_wconf 90' lang='lat' dir='ltr'>sunt,</span> <span class='ocrx_word' id='word_1_26' title='bbox 755 737 822 802; x_wconf 85' lang='lat' dir='ltr'>xiii.</span> <span class='ocrx_word' id='word_1_27' title='bbox 853 737 960 814; x_wconf 83' lang='grc'><strong>1-378,</strong></span> <span class='ocrx_word' id='word_1_28' title='bbox 990 739 1108 821; x_wconf 87' lang='lat' dir='ltr'>quibus</span> 
     </span>
     <span class='ocr_line' id='line_1_5' title="bbox 58 855 1108 942; baseline 0 -22"><span class='ocrx_word' id='word_1_29' title='bbox 58 856 146 942; x_wconf 83' lang='lat' dir='ltr'>Ajax</span> <span class='ocrx_word' id='word_1_30' title='bbox 168 867 203 922; x_wconf 91' lang='lat' dir='ltr'>et</span> <span class='ocrx_word' id='word_1_31' title='bbox 217 856 352 940; x_wconf 90' lang='lat' dir='ltr'>Ulysses</span> <span class='ocrx_word' id='word_1_32' title='bbox 372 856 413 921; x_wconf 88' lang='lat' dir='ltr'>de</span> <span class='ocrx_word' id='word_1_33' title='bbox 428 855 566 921; x_wconf 86' lang='lat' dir='ltr'>Achillis</span> <span class='ocrx_word' id='word_1_34' title='bbox 581 856 676 920; x_wconf 89' lang='lat' dir='ltr'>armis</span> <span class='ocrx_word' id='word_1_35' title='bbox 697 864 834 932; x_wconf 85' lang='lat' dir='ltr'>certant,</span> <span class='ocrx_word' id='word_1_36' title='bbox 849 877 985 941; x_wconf 86' lang='lat' dir='ltr'>quarum</span> <span class='ocrx_word' id='word_1_37' title='bbox 1005 855 1108 921; x_wconf 84' lang='lat' dir='ltr'>altera</span> 
     </span>
     <span class='ocr_line' id='line_1_6' title="bbox 57 972 1107 1060; baseline -0.001 -21"><span class='ocrx_word' id='word_1_38' title='bbox 57 975 322 1060; x_wconf 86' lang='lat' dir='ltr'>indignationem,</span> <span class='ocrx_word' id='word_1_39' title='bbox 338 973 440 1039; x_wconf 86' lang='lat' dir='ltr'>altera</span> <span class='ocrx_word' id='word_1_40' title='bbox 454 972 661 1038; x_wconf 82' lang='lat' dir='ltr'>calliditatem</span> <span class='ocrx_word' id='word_1_41' title='bbox 675 974 787 1058; x_wconf 86' lang='lat' dir='ltr'>spirat,</span> <span class='ocrx_word' id='word_1_42' title='bbox 797 972 852 1036; x_wconf 89' lang='lat' dir='ltr'>illa</span> <span class='ocrx_word' id='word_1_43' title='bbox 862 973 1033 1040; x_wconf 87' lang='lat' dir='ltr'>vehemens</span> <span class='ocrx_word' id='word_1_44' title='bbox 1046 985 1107 1052; x_wconf 92' lang='lat' dir='ltr'>est,</span> 
     </span>
     <span class='ocr_line' id='line_1_7' title="bbox 56 1093 1108 1178; baseline -0.002 -20"><span class='ocrx_word' id='word_1_45' title='bbox 56 1093 126 1158; x_wconf 85' lang='lat' dir='ltr'>haec</span> <span class='ocrx_word' id='word_1_46' title='bbox 153 1094 332 1178; x_wconf 80' lang='lat' dir='ltr'>composita</span> <span class='ocrx_word' id='word_1_47' title='bbox 360 1104 393 1158; x_wconf 93' lang='lat' dir='ltr'>et</span> <span class='ocrx_word' id='word_1_48' title='bbox 416 1094 594 1170; x_wconf 86' lang='lat' dir='ltr'>moderata,</span> <span class='ocrx_word' id='word_1_49' title='bbox 620 1103 758 1176; x_wconf 89' lang='lat' dir='ltr'>utraque</span> <span class='ocrx_word' id='word_1_50' title='bbox 780 1102 888 1156; x_wconf 88' lang='lat' dir='ltr'>autem</span> <span class='ocrx_word' id='word_1_51' title='bbox 910 1093 1108 1176; x_wconf 85' lang='lat' dir='ltr'>argumentis</span> 
     </span>
     <span class='ocr_line' id='line_1_8' title="bbox 57 1208 1106 1295; baseline -0.001 -21"><span class='ocrx_word' id='word_1_52' title='bbox 57 1210 238 1275; x_wconf 83' lang='lat' dir='ltr'>fortissimis</span> <span class='ocrx_word' id='word_1_53' title='bbox 257 1220 393 1295; x_wconf 90' lang='lat' dir='ltr'>pugnat.</span> <span class='ocrx_word' id='word_1_54' title='bbox 441 1210 649 1276; x_wconf 83' lang='lat' dir='ltr'>Dissuasoria</span> <span class='ocrx_word' id='word_1_55' title='bbox 663 1209 784 1275; x_wconf 87' lang='lat' dir='ltr'>Phoebi</span> <span class='ocrx_word' id='word_1_56' title='bbox 799 1210 842 1273; x_wconf 91' lang='lat' dir='ltr'>ad</span> <span class='ocrx_word' id='word_1_57' title='bbox 858 1208 1106 1287; x_wconf 87' lang='lat' dir='ltr'>Phaethontem,</span> 
     </span>
     <span class='ocr_line' id='line_1_9' title="bbox 56 1327 1109 1414; baseline 0 -22"><span class='ocrx_word' id='word_1_58' title='bbox 56 1329 86 1393; x_wconf 71' lang='lat' dir='ltr'>ii,</span> <span class='ocrx_word' id='word_1_59' title='bbox 112 1329 252 1406; x_wconf 66' lang='lat' dir='ltr'>soloe,</span> <span class='ocrx_word' id='word_1_60' title='bbox 272 1351 337 1393; x_wconf 93' lang='lat' dir='ltr'>non</span> <span class='ocrx_word' id='word_1_61' title='bbox 356 1329 453 1393; x_wconf 94' lang='lat' dir='ltr'>modo</span> <span class='ocrx_word' id='word_1_62' title='bbox 475 1339 736 1414; x_wconf 89' lang='lat' dir='ltr'>argumentorum</span> <span class='ocrx_word' id='word_1_63' title='bbox 755 1327 900 1414; x_wconf 92' lang='lat' dir='ltr'>pondere</span> <span class='ocrx_word' id='word_1_64' title='bbox 923 1338 956 1392; x_wconf 91' lang='lat' dir='ltr'>et</span> <span class='ocrx_word' id='word_1_65' title='bbox 978 1327 1109 1393; x_wconf 86' lang='lat' dir='ltr'>delectu</span> 
     </span>
     <span class='ocr_line' id='line_1_10' title="bbox 56 1446 1108 1533; baseline 0 -23"><span class='ocrx_word' id='word_1_66' title='bbox 56 1446 152 1525; x_wconf 85' lang='lat' dir='ltr'>valet,</span> <span class='ocrx_word' id='word_1_67' title='bbox 165 1448 223 1511; x_wconf 89' lang='lat' dir='ltr'>sed</span> <span class='ocrx_word' id='word_1_68' title='bbox 234 1457 267 1511; x_wconf 88' lang='lat' dir='ltr'>et</span> <span class='ocrx_word' id='word_1_69' title='bbox 277 1447 417 1511; x_wconf 90' lang='lat' dir='ltr'>animum</span> <span class='ocrx_word' id='word_1_70' title='bbox 427 1458 599 1533; x_wconf 88' lang='lat' dir='ltr'>paternum</span> <span class='ocrx_word' id='word_1_71' title='bbox 610 1447 842 1532; x_wconf 84' lang='lat' dir='ltr'>sollicitumque</span> <span class='ocrx_word' id='word_1_72' title='bbox 853 1447 972 1530; x_wconf 83' lang='lat' dir='ltr'>prodit.</span> <span class='ocrx_word' id='word_1_73' title='bbox 1005 1446 1108 1511; x_wconf 91' lang='lat' dir='ltr'>Plena</span> 
     </span>
    </p>
   </div>
   <div class='ocr_carea' id='block_1_3' title="bbox 57 1542 1105 1649">
    <p class='ocr_par' dir='ltr' id='par_1_3' title="bbox 57 1542 1105 1649">
     <span class='ocr_line' id='line_1_11' title="bbox 57 1542 1105 1649; baseline 0.001 -21"><span class='ocrx_word' id='word_1_74' title='bbox 57 1565 244 1629; x_wconf 84' lang='lat' dir='ltr'>acerbitatis</span> <span class='ocrx_word' id='word_1_75' title='bbox 270 1574 319 1629; x_wconf 89' lang='lat' dir='ltr'>est</span> <span class='ocrx_word' id='word_1_76' title='bbox 341 1565 455 1642; x_wconf 90' lang='lat' dir='ltr'>oratio,</span> <span class='ocrx_word' id='word_1_77' title='bbox 476 1587 540 1649; x_wconf 88' lang='lat' dir='ltr'>qua</span> <span class='ocrx_word' id='word_1_78' title='bbox 562 1542 671 1649; x_wconf 81' lang='lat' dir='ltr'>Scylla</span> <span class='ocrx_word' id='word_1_79' title='bbox 696 1564 810 1629; x_wconf 88' lang='lat' dir='ltr'>Minoa</span> <span class='ocrx_word' id='word_1_80' title='bbox 832 1565 1021 1649; x_wconf 84' lang='lat' dir='ltr'>fugientem,</span> <span class='ocrx_word' id='word_1_81' title='bbox 1041 1565 1105 1629; x_wconf 84' lang='lat' dir='ltr'>viii.</span> 
     </span>
    </p>
   </div>
   <div class='ocr_carea' id='block_1_4' title="bbox 54 1683 1108 4138">
    <p class='ocr_par' dir='ltr' id='par_1_4' title="bbox 54 1683 1108 4138">
     <span class='ocr_line' id='line_1_12' title="bbox 62 1683 1104 1768; baseline 0.002 -22"><span class='ocrx_word' id='word_1_82' title='bbox 62 1683 213 1759; x_wconf 71' lang='lat' dir='ltr'>loa-lto,</span> <span class='ocrx_word' id='word_1_83' title='bbox 229 1683 414 1748; x_wconf 88' lang='lat' dir='ltr'>insectatur.</span> <span class='ocrx_word' id='word_1_84' title='bbox 453 1683 688 1748; x_wconf 88' lang='lat' dir='ltr'>Convenienter</span> <span class='ocrx_word' id='word_1_85' title='bbox 704 1685 864 1768; x_wconf 87' lang='lat' dir='ltr'>majestati</span> <span class='ocrx_word' id='word_1_86' title='bbox 879 1706 946 1748; x_wconf 87' lang='lat' dir='ltr'>suae</span> <span class='ocrx_word' id='word_1_87' title='bbox 961 1683 1104 1768; x_wconf 84' lang='lat' dir='ltr'>Jupiter,</span> 
     </span>
     <span class='ocr_line' id='line_1_13' title="bbox 57 1800 1108 1888; baseline 0.002 -24"><span class='ocrx_word' id='word_1_88' title='bbox 57 1801 251 1877; x_wconf 67' lang='grc'><strong>1.,182-243,</strong></span> <span class='ocrx_word' id='word_1_89' title='bbox 272 1801 363 1865; x_wconf 91' lang='lat' dir='ltr'>Deos</span> <span class='ocrx_word' id='word_1_90' title='bbox 381 1809 573 1867; x_wconf 84' lang='lat' dir='ltr'>convocatos</span> <span class='ocrx_word' id='word_1_91' title='bbox 596 1800 781 1887; x_wconf 90' lang='lat' dir='ltr'>alloquitur,</span> <span class='ocrx_word' id='word_1_92' title='bbox 801 1802 985 1888; x_wconf 88' lang='lat' dir='ltr'>sceleraque</span> <span class='ocrx_word' id='word_1_93' title='bbox 1006 1802 1108 1866; x_wconf 91' lang='lat' dir='ltr'>homi-</span> 
     </span>
     <span class='ocr_line' id='line_1_14' title="bbox 57 1918 1107 2002; baseline -0.003 -16"><span class='ocrx_word' id='word_1_94' title='bbox 57 1941 133 1987; x_wconf 88' lang='lat' dir='ltr'>num</span> <span class='ocrx_word' id='word_1_95' title='bbox 148 1918 257 1983; x_wconf 85' lang='lat' dir='ltr'>verbis</span> <span class='ocrx_word' id='word_1_96' title='bbox 271 1918 464 2002; x_wconf 87' lang='lat' dir='ltr'>gravissimis</span> <span class='ocrx_word' id='word_1_97' title='bbox 480 1929 581 1983; x_wconf 90' lang='lat' dir='ltr'>notat.</span> <span class='ocrx_word' id='word_1_98' title='bbox 627 1919 783 1984; x_wconf 89' lang='lat' dir='ltr'>Fidenter</span> <span class='ocrx_word' id='word_1_99' title='bbox 797 1932 830 1985; x_wconf 91' lang='lat' dir='ltr'>et</span> <span class='ocrx_word' id='word_1_100' title='bbox 847 1921 889 1984; x_wconf 90' lang='lat' dir='ltr'>ad</span> <span class='ocrx_word' id='word_1_101' title='bbox 907 1944 1107 1986; x_wconf 50' lang='lat' dir='ltr'>commovens</span> 
     </span>
     <span class='ocr_line' id='line_1_15' title="bbox 59 2035 1107 2122; baseline 0.004 -23"><span class='ocrx_word' id='word_1_102' title='bbox 59 2037 135 2100; x_wconf 91' lang='lat' dir='ltr'>dum</span> <span class='ocrx_word' id='word_1_103' title='bbox 150 2046 228 2121; x_wconf 90' lang='lat' dir='ltr'>apte</span> <span class='ocrx_word' id='word_1_104' title='bbox 244 2035 359 2101; x_wconf 85' lang='lat' dir='ltr'>Tellus</span> <span class='ocrx_word' id='word_1_105' title='bbox 374 2058 463 2100; x_wconf 88' lang='lat' dir='ltr'>suam</span> <span class='ocrx_word' id='word_1_106' title='bbox 477 2037 653 2120; x_wconf 89' lang='lat' dir='ltr'>mundique</span> <span class='ocrx_word' id='word_1_107' title='bbox 669 2059 798 2101; x_wconf 89' lang='lat' dir='ltr'>causam</span> <span class='ocrx_word' id='word_1_108' title='bbox 812 2039 890 2122; x_wconf 88' lang='lat' dir='ltr'>agit,</span> <span class='ocrx_word' id='word_1_109' title='bbox 904 2039 936 2103; x_wconf 93' lang='lat' dir='ltr'>ii.</span> <span class='ocrx_word' id='word_1_110' title='bbox 953 2040 1107 2103; x_wconf 65' lang='lat'><strong>279300.</strong></span> 
     </span>
     <span class='ocr_line' id='line_1_16' title="bbox 58 2154 1107 2239; baseline 0.003 -21"><span class='ocrx_word' id='word_1_111' title='bbox 58 2154 187 2219; x_wconf 88' lang='lat' dir='ltr'>Meram</span> <span class='ocrx_word' id='word_1_112' title='bbox 206 2154 398 2239; x_wconf 82' lang='lat' dir='ltr'>zelotypiam</span> <span class='ocrx_word' id='word_1_113' title='bbox 418 2166 451 2220; x_wconf 90' lang='lat' dir='ltr'>et</span> <span class='ocrx_word' id='word_1_114' title='bbox 468 2156 547 2218; x_wconf 87' lang='lat' dir='ltr'>iram</span> <span class='ocrx_word' id='word_1_115' title='bbox 567 2177 609 2218; x_wconf 88' lang='lat' dir='ltr'>ex</span> <span class='ocrx_word' id='word_1_116' title='bbox 627 2157 676 2219; x_wconf 90' lang='lat' dir='ltr'>sui</span> <span class='ocrx_word' id='word_1_117' title='bbox 693 2167 857 2221; x_wconf 87' lang='lat' dir='ltr'>contemtu</span> <span class='ocrx_word' id='word_1_118' title='bbox 874 2157 991 2221; x_wconf 89' lang='lat' dir='ltr'>evomit</span> <span class='ocrx_word' id='word_1_119' title='bbox 1005 2157 1107 2236; x_wconf 78' lang='lat' dir='ltr'>duno,</span> 
     </span>
     <span class='ocr_line' id='line_1_17' title="bbox 59 2274 1105 2358; baseline 0.005 -23"><span class='ocrx_word' id='word_1_120' title='bbox 59 2274 87 2336; x_wconf 93' lang='lat' dir='ltr'>ii.</span> <span class='ocrx_word' id='word_1_121' title='bbox 106 2274 240 2350; x_wconf 82' lang='lat'>511-30,</span> <span class='ocrx_word' id='word_1_122' title='bbox 259 2274 349 2358; x_wconf 89' lang='lat' dir='ltr'>apud</span> <span class='ocrx_word' id='word_1_123' title='bbox 371 2275 463 2338; x_wconf 87' lang='lat' dir='ltr'>Deos</span> <span class='ocrx_word' id='word_1_124' title='bbox 486 2276 634 2338; x_wconf 90' lang='lat' dir='ltr'>marinos.</span> <span class='ocrx_word' id='word_1_125' title='bbox 681 2275 841 2340; x_wconf 87' lang='lat' dir='ltr'>Praeclare</span> <span class='ocrx_word' id='word_1_126' title='bbox 865 2276 1043 2353; x_wconf 89' lang='lat' dir='ltr'>Pentheus,</span> <span class='ocrx_word' id='word_1_127' title='bbox 1062 2277 1105 2340; x_wconf 91' lang='lat' dir='ltr'>iii.</span> 
     </span>
     <span class='ocr_line' id='line_1_18' title="bbox 59 2391 1107 2480; baseline 0.005 -27"><span class='ocrx_word' id='word_1_128' title='bbox 59 2391 190 2467; x_wconf 80' lang='lat'>531-63,</span> <span class='ocrx_word' id='word_1_129' title='bbox 209 2413 229 2454; x_wconf 89' lang='lat' dir='ltr'>a</span> <span class='ocrx_word' id='word_1_130' title='bbox 245 2392 320 2455; x_wconf 93' lang='lat' dir='ltr'>novi</span> <span class='ocrx_word' id='word_1_131' title='bbox 336 2392 403 2456; x_wconf 90' lang='lat' dir='ltr'>Dei</span> <span class='ocrx_word' id='word_1_132' title='bbox 418 2392 561 2470; x_wconf 91' lang='lat' dir='ltr'>mollitie,</span> <span class='ocrx_word' id='word_1_133' title='bbox 581 2417 600 2457; x_wconf 91' lang='lat' dir='ltr'>a</span> <span class='ocrx_word' id='word_1_134' title='bbox 620 2417 782 2459; x_wconf 89' lang='lat' dir='ltr'>sacrorum</span> <span class='ocrx_word' id='word_1_135' title='bbox 799 2396 869 2479; x_wconf 88' lang='lat' dir='ltr'>ejus</span> <span class='ocrx_word' id='word_1_136' title='bbox 888 2395 1025 2480; x_wconf 89' lang='lat' dir='ltr'>strepitu</span> <span class='ocrx_word' id='word_1_137' title='bbox 1040 2405 1073 2459; x_wconf 89' lang='lat' dir='ltr'>et</span> <span class='ocrx_word' id='word_1_138' title='bbox 1088 2419 1107 2458; x_wconf 87' lang='lat' dir='ltr'>a</span> 
     </span>
     <span class='ocr_line' id='line_1_19' title="bbox 59 2509 1106 2599; baseline 0.003 -26"><span class='ocrx_word' id='word_1_139' title='bbox 59 2509 292 2575; x_wconf 91' lang='lat' dir='ltr'>Thebanorum</span> <span class='ocrx_word' id='word_1_140' title='bbox 308 2512 429 2594; x_wconf 88' lang='lat' dir='ltr'>origine</span> <span class='ocrx_word' id='word_1_141' title='bbox 441 2513 628 2578; x_wconf 89' lang='lat' dir='ltr'>deterrendi</span> <span class='ocrx_word' id='word_1_142' title='bbox 639 2523 827 2599; x_wconf 83' lang='lat' dir='ltr'>argumenta</span> <span class='ocrx_word' id='word_1_143' title='bbox 839 2513 945 2576; x_wconf 91' lang='lat' dir='ltr'>sumit.</span> <span class='ocrx_word' id='word_1_144' title='bbox 983 2512 1106 2589; x_wconf 90' lang='lat' dir='ltr'>Niobe,</span> 
     </span>
     <span class='ocr_line' id='line_1_20' title="bbox 58 2629 1106 2717; baseline 0.003 -26"><span class='ocrx_word' id='word_1_145' title='bbox 58 2629 170 2712; x_wconf 88' lang='lat' dir='ltr'>regina</span> <span class='ocrx_word' id='word_1_146' title='bbox 193 2629 411 2708; x_wconf 86' lang='lat' dir='ltr'>celeberrima,</span> <span class='ocrx_word' id='word_1_147' title='bbox 431 2631 658 2714; x_wconf 85' lang='lat' dir='ltr'>superbissime</span> <span class='ocrx_word' id='word_1_148' title='bbox 680 2655 783 2717; x_wconf 90' lang='lat' dir='ltr'>genus</span> <span class='ocrx_word' id='word_1_149' title='bbox 809 2653 912 2708; x_wconf 91' lang='lat' dir='ltr'>suum,</span> <span class='ocrx_word' id='word_1_150' title='bbox 935 2652 1025 2716; x_wconf 88' lang='lat' dir='ltr'>opes,</span> <span class='ocrx_word' id='word_1_151' title='bbox 1047 2653 1106 2694; x_wconf 89' lang='lat' dir='ltr'>nu·</span> 
     </span>
     <span class='ocr_line' id='line_1_21' title="bbox 58 2747 1104 2834; baseline 0.006 -26"><span class='ocrx_word' id='word_1_152' title='bbox 58 2747 365 2832; x_wconf 89' lang='lat' dir='ltr'>merosissimamque</span> <span class='ocrx_word' id='word_1_153' title='bbox 389 2747 513 2832; x_wconf 92' lang='lat' dir='ltr'>prolem</span> <span class='ocrx_word' id='word_1_154' title='bbox 530 2749 644 2833; x_wconf 84' lang='lat' dir='ltr'>jactat,</span> <span class='ocrx_word' id='word_1_155' title='bbox 660 2760 758 2834; x_wconf 90' lang='lat' dir='ltr'>atque</span> <span class='ocrx_word' id='word_1_156' title='bbox 777 2749 962 2814; x_wconf 87' lang='lat' dir='ltr'>contemtim</span> <span class='ocrx_word' id='word_1_157' title='bbox 979 2771 1049 2834; x_wconf 88' lang='lat' dir='ltr'>prae</span> <span class='ocrx_word' id='word_1_158' title='bbox 1070 2771 1104 2814; x_wconf 90' lang='lat' dir='ltr'>se</span> 
     </span>
     <span class='ocr_line' id='line_1_22' title="bbox 59 2863 1105 2951; baseline 0.003 -24"><span class='ocrx_word' id='word_1_159' title='bbox 59 2863 219 2929; x_wconf 88' lang='lat' dir='ltr'>Latonam</span> <span class='ocrx_word' id='word_1_160' title='bbox 245 2867 380 2949; x_wconf 87' lang='lat' dir='ltr'>spernit,</span> <span class='ocrx_word' id='word_1_161' title='bbox 402 2868 444 2931; x_wconf 91' lang='lat' dir='ltr'>vi.</span> <span class='ocrx_word' id='word_1_162' title='bbox 473 2867 620 2931; x_wconf 76' lang='lat'>170-202.</span> <span class='ocrx_word' id='word_1_163' title='bbox 667 2868 826 2931; x_wconf 88' lang='lat' dir='ltr'>Convenit</span> <span class='ocrx_word' id='word_1_164' title='bbox 855 2866 958 2930; x_wconf 86' lang='lat' dir='ltr'>furori</span> <span class='ocrx_word' id='word_1_165' title='bbox 977 2868 1105 2951; x_wconf 90' lang='lat' dir='ltr'>juvenis</span> 
     </span>
     <span class='ocr_line' id='line_1_23' title="bbox 58 2981 1103 3069; baseline 0.003 -25"><span class='ocrx_word' id='word_1_166' title='bbox 58 2981 180 3046; x_wconf 88' lang='lat' dir='ltr'>incitati</span> <span class='ocrx_word' id='word_1_167' title='bbox 197 2992 230 3045; x_wconf 92' lang='lat' dir='ltr'>et</span> <span class='ocrx_word' id='word_1_168' title='bbox 246 2983 374 3067; x_wconf 88' lang='lat' dir='ltr'>perdite</span> <span class='ocrx_word' id='word_1_169' title='bbox 392 2983 526 3046; x_wconf 89' lang='lat' dir='ltr'>amantis</span> <span class='ocrx_word' id='word_1_170' title='bbox 547 2984 659 3061; x_wconf 87' lang='lat' dir='ltr'>oratio,</span> <span class='ocrx_word' id='word_1_171' title='bbox 675 3008 739 3069; x_wconf 90' lang='lat' dir='ltr'>qua</span> <span class='ocrx_word' id='word_1_172' title='bbox 759 2985 918 3062; x_wconf 92' lang='lat' dir='ltr'>Phoebus,</span> <span class='ocrx_word' id='word_1_173' title='bbox 934 2985 955 3048; x_wconf 89' lang='lat' dir='ltr'>i.</span> <span class='ocrx_word' id='word_1_174' title='bbox 972 2984 1103 3062; x_wconf 73' lang='lat'>504-24,</span> 
     </span>
     <span class='ocr_line' id='line_1_24' title="bbox 58 3099 1105 3188; baseline 0.004 -26"><span class='ocrx_word' id='word_1_175' title='bbox 58 3099 224 3184; x_wconf 88' lang='lat' dir='ltr'>Daphnen</span> <span class='ocrx_word' id='word_1_176' title='bbox 250 3099 426 3187; x_wconf 85' lang='lat' dir='ltr'>fugientem</span> <span class='ocrx_word' id='word_1_177' title='bbox 454 3114 596 3180; x_wconf 83' lang='lat' dir='ltr'>revocat,</span> <span class='ocrx_word' id='word_1_178' title='bbox 620 3126 743 3188; x_wconf 90' lang='lat' dir='ltr'>suaque</span> <span class='ocrx_word' id='word_1_179' title='bbox 765 3105 928 3168; x_wconf 85' lang='lat' dir='ltr'>connubia</span> <span class='ocrx_word' id='word_1_180' title='bbox 947 3125 1105 3168; x_wconf 88' lang='lat' dir='ltr'>commen-</span> 
     </span>
     <span class='ocr_line' id='line_1_25' title="bbox 58 3219 1105 3308; baseline 0.004 -27"><span class='ocrx_word' id='word_1_181' title='bbox 58 3219 133 3297; x_wconf 81' lang='lat' dir='ltr'>dat3</span> <span class='ocrx_word' id='word_1_182' title='bbox 157 3221 200 3283; x_wconf 91' lang='lat' dir='ltr'>ab</span> <span class='ocrx_word' id='word_1_183' title='bbox 216 3243 318 3305; x_wconf 90' lang='lat' dir='ltr'>eaque</span> <span class='ocrx_word' id='word_1_184' title='bbox 338 3221 435 3306; x_wconf 89' lang='lat' dir='ltr'>longe</span> <span class='ocrx_word' id='word_1_185' title='bbox 451 3223 647 3307; x_wconf 82' lang='lat' dir='ltr'>discrepant,</span> <span class='ocrx_word' id='word_1_186' title='bbox 664 3225 792 3308; x_wconf 91' lang='lat' dir='ltr'>quibus,</span> <span class='ocrx_word' id='word_1_187' title='bbox 807 3224 852 3287; x_wconf 90' lang='lat' dir='ltr'>ix.</span> <span class='ocrx_word' id='word_1_188' title='bbox 873 3225 979 3299; x_wconf 78' lang='lat'>16-26,</span> <span class='ocrx_word' id='word_1_189' title='bbox 996 3220 1105 3287; x_wconf 84' lang='lat' dir='ltr'>Ache·</span> 
     </span>
     <span class='ocr_line' id='line_1_26' title="bbox 56 3335 1106 3427; baseline 0.006 -28"><span class='ocrx_word' id='word_1_190' title='bbox 56 3335 126 3400; x_wconf 92' lang='lat' dir='ltr'>lous</span> <span class='ocrx_word' id='word_1_191' title='bbox 145 3338 311 3423; x_wconf 86' lang='lat' dir='ltr'>Dejanirae</span> <span class='ocrx_word' id='word_1_192' title='bbox 328 3342 459 3424; x_wconf 89' lang='lat' dir='ltr'>nuptias</span> <span class='ocrx_word' id='word_1_193' title='bbox 480 3344 590 3407; x_wconf 89' lang='lat' dir='ltr'>ambit.</span> <span class='ocrx_word' id='word_1_194' title='bbox 628 3344 668 3407; x_wconf 93' lang='lat' dir='ltr'>In</span> <span class='ocrx_word' id='word_1_195' title='bbox 688 3345 835 3407; x_wconf 91' lang='lat' dir='ltr'>omnibus</span> <span class='ocrx_word' id='word_1_196' title='bbox 855 3343 905 3406; x_wconf 89' lang='lat' dir='ltr'>his</span> <span class='ocrx_word' id='word_1_197' title='bbox 926 3353 992 3406; x_wconf 90' lang='lat' dir='ltr'>tam</span> <span class='ocrx_word' id='word_1_198' title='bbox 1011 3365 1106 3427; x_wconf 88' lang='lat' dir='ltr'>argu-</span> 
     </span>
     <span class='ocr_line' id='line_1_27' title="bbox 57 3459 1105 3546; baseline 0.005 -28"><span class='ocrx_word' id='word_1_199' title='bbox 57 3466 175 3531; x_wconf 88' lang='lat' dir='ltr'>menta,</span> <span class='ocrx_word' id='word_1_200' title='bbox 191 3480 287 3540; x_wconf 93' lang='lat' dir='ltr'>quam</span> <span class='ocrx_word' id='word_1_201' title='bbox 300 3459 403 3523; x_wconf 88' lang='lat' dir='ltr'>forma</span> <span class='ocrx_word' id='word_1_202' title='bbox 420 3462 600 3526; x_wconf 90' lang='lat' dir='ltr'>orationum</span> <span class='ocrx_word' id='word_1_203' title='bbox 617 3463 764 3546; x_wconf 87' lang='lat' dir='ltr'>personis</span> <span class='ocrx_word' id='word_1_204' title='bbox 784 3462 958 3527; x_wconf 90' lang='lat' dir='ltr'>dicentium</span> <span class='ocrx_word' id='word_1_205' title='bbox 975 3462 1105 3544; x_wconf 86' lang='lat' dir='ltr'>egregie</span> 
     </span>
     <span class='ocr_line' id='line_1_28' title="bbox 57 3577 1105 3666; baseline 0.005 -29"><span class='ocrx_word' id='word_1_206' title='bbox 57 3584 278 3659; x_wconf 85' lang='lat' dir='ltr'>attemperata.</span> <span class='ocrx_word' id='word_1_207' title='bbox 318 3577 408 3643; x_wconf 89' lang='lat' dir='ltr'>Idem</span> <span class='ocrx_word' id='word_1_208' title='bbox 427 3579 513 3644; x_wconf 90' lang='lat' dir='ltr'>valet</span> <span class='ocrx_word' id='word_1_209' title='bbox 534 3581 576 3645; x_wconf 88' lang='lat' dir='ltr'>de</span> <span class='ocrx_word' id='word_1_210' title='bbox 596 3582 793 3666; x_wconf 67' lang='lat' dir='ltr'>soliloquiirr</span> <span class='ocrx_word' id='word_1_211' title='bbox 814 3581 902 3665; x_wconf 86' lang='lat' dir='ltr'>quod</span> <span class='ocrx_word' id='word_1_212' title='bbox 923 3579 1105 3665; x_wconf 87' lang='lat' dir='ltr'>apparebit,</span> 
     </span>
     <span class='ocr_line' id='line_1_29' title="bbox 56 3694 1105 3781; baseline 0.004 -25"><span class='ocrx_word' id='word_1_213' title='bbox 56 3694 169 3778; x_wconf 87' lang='lat' dir='ltr'>siquis</span> <span class='ocrx_word' id='word_1_214' title='bbox 184 3719 214 3759; x_wconf 87' lang='lat' dir='ltr'>v.</span> <span class='ocrx_word' id='word_1_215' title='bbox 231 3717 258 3759; x_wconf 85' lang='lat' dir='ltr'>c.</span> <span class='ocrx_word' id='word_1_216' title='bbox 278 3720 362 3781; x_wconf 85' lang='lat' dir='ltr'>quae,</span> <span class='ocrx_word' id='word_1_217' title='bbox 379 3698 422 3762; x_wconf 90' lang='lat' dir='ltr'>iii.</span> <span class='ocrx_word' id='word_1_218' title='bbox 438 3699 570 3777; x_wconf 63' lang='lat' dir='ltr'>eoa-72,</span> <span class='ocrx_word' id='word_1_219' title='bbox 587 3699 686 3776; x_wconf 82' lang='lat' dir='ltr'>duno,</span> <span class='ocrx_word' id='word_1_220' title='bbox 703 3710 747 3775; x_wconf 92' lang='lat' dir='ltr'>et,</span> <span class='ocrx_word' id='word_1_221' title='bbox 763 3699 804 3763; x_wconf 89' lang='lat' dir='ltr'>vi.</span> <span class='ocrx_word' id='word_1_222' title='bbox 817 3699 969 3773; x_wconf 82' lang='grc'><strong>687-701,</strong></span> <span class='ocrx_word' id='word_1_223' title='bbox 983 3697 1105 3761; x_wconf 87' lang='lat' dir='ltr'>Boreas</span> 
     </span>
     <span class='ocr_line' id='line_1_30' title="bbox 55 3812 1106 3903; baseline 0.006 -28"><span class='ocrx_word' id='word_1_224' title='bbox 55 3834 165 3876; x_wconf 88' lang='lat' dir='ltr'>secum</span> <span class='ocrx_word' id='word_1_225' title='bbox 185 3812 372 3898; x_wconf 89' lang='lat' dir='ltr'>loquuntur,</span> <span class='ocrx_word' id='word_1_226' title='bbox 388 3827 421 3880; x_wconf 89' lang='lat' dir='ltr'>et</span> <span class='ocrx_word' id='word_1_227' title='bbox 436 3820 609 3903; x_wconf 87' lang='lat' dir='ltr'>separatim</span> <span class='ocrx_word' id='word_1_228' title='bbox 630 3830 663 3883; x_wconf 88' lang='lat' dir='ltr'>et</span> <span class='ocrx_word' id='word_1_229' title='bbox 681 3819 766 3883; x_wconf 87' lang='lat' dir='ltr'>inter</span> <span class='ocrx_word' id='word_1_230' title='bbox 781 3840 815 3882; x_wconf 89' lang='lat' dir='ltr'>se</span> <span class='ocrx_word' id='word_1_231' title='bbox 830 3816 946 3881; x_wconf 88' lang='lat' dir='ltr'>collata</span> <span class='ocrx_word' id='word_1_232' title='bbox 960 3817 1106 3881; x_wconf 89' lang='lat' dir='ltr'>conside-</span> 
     </span>
     <span class='ocr_line' id='line_1_31' title="bbox 56 3932 1103 4019; baseline 0.007 -27"><span class='ocrx_word' id='word_1_233' title='bbox 56 3932 184 3995; x_wconf 84' lang='lat' dir='ltr'>raverit.</span> <span class='ocrx_word' id='word_1_234' title='bbox 223 3933 439 3999; x_wconf 80' lang='lat' dir='ltr'>Narrationes</span> <span class='ocrx_word' id='word_1_235' title='bbox 453 3935 622 4000; x_wconf 89' lang='lat' dir='ltr'>nonnullas</span> <span class='ocrx_word' id='word_1_236' title='bbox 639 3945 752 4001; x_wconf 88' lang='lat' dir='ltr'>auctor</span> <span class='ocrx_word' id='word_1_237' title='bbox 766 3934 836 3999; x_wconf 92' lang='lat' dir='ltr'>aliis</span> <span class='ocrx_word' id='word_1_238' title='bbox 851 3935 976 4012; x_wconf 89' lang='lat' dir='ltr'>tribuit,</span> <span class='ocrx_word' id='word_1_239' title='bbox 991 3957 1103 4019; x_wconf 89' lang='lat' dir='ltr'>eaeque</span> 
     </span>
     <span class='ocr_line' id='line_1_32' title="bbox 54 4052 1105 4138; baseline 0.003 -27"><span class='ocrx_word' id='word_1_240' title='bbox 54 4059 185 4113; x_wconf 83' lang='lat' dir='ltr'>moratae</span> <span class='ocrx_word' id='word_1_241' title='bbox 203 4052 279 4114; x_wconf 88' lang='lat' dir='ltr'>satis</span> <span class='ocrx_word' id='word_1_242' title='bbox 300 4063 393 4130; x_wconf 88' lang='lat' dir='ltr'>sunt;</span> <span class='ocrx_word' id='word_1_243' title='bbox 417 4054 555 4138; x_wconf 90' lang='lat' dir='ltr'>ideoque</span> <span class='ocrx_word' id='word_1_244' title='bbox 576 4054 678 4119; x_wconf 81' lang='lat' dir='ltr'>forma</span> <span class='ocrx_word' id='word_1_245' title='bbox 698 4053 854 4118; x_wconf 91' lang='lat' dir='ltr'>dissident</span> <span class='ocrx_word' id='word_1_246' title='bbox 876 4063 941 4118; x_wconf 87' lang='lat' dir='ltr'>tam</span> <span class='ocrx_word' id='word_1_247' title='bbox 963 4076 982 4116; x_wconf 90' lang='lat' dir='ltr'>a</span> <span class='ocrx_word' id='word_1_248' title='bbox 1003 4074 1037 4116; x_wconf 91' lang='lat' dir='ltr'>se</span> <span class='ocrx_word' id='word_1_249' title='bbox 1057 4053 1105 4114; x_wconf 91' lang='lat' dir='ltr'>in·</span> 
     </span>
    </p>
   </div>
   <div class='ocr_carea' id='block_1_5' title="bbox 0 0 1410 5010">
    <p class='ocr_par' dir='ltr' id='par_1_5' title="bbox 0 0 1410 5010">
     <span class='ocr_line' id='line_1_33' title="bbox 0 0 1410 5010; baseline 0 0"><span class='ocrx_word' id='word_1_250' title='bbox 0 0 1410 5010; x_wconf 95' lang='lat' dir='ltr'> </span> 
     </span>
    </p>
   </div>
  </div>
 </body>
</html>
