<?xml version="1.0" encoding="UTF-8"?>
<!DOCTYPE html PUBLIC "-//W3C//DTD XHTML 1.0 Transitional//EN"
    "http://www.w3.org/TR/xhtml1/DTD/xhtml1-transitional.dtd">
<html xmlns="http://www.w3.org/1999/xhtml" xml:lang="en" lang="en">
 <head>
  <title>
</title>
<meta http-equiv="Content-Type" content="text/html;charset=utf-8" />
  <meta name='ocr-system' content='tesseract 3.04.00' />
  <meta name='ocr-capabilities' content='ocr_page ocr_carea ocr_par ocr_line ocrx_word'/>
</head>
<body>
  <div class='ocr_page' id='page_1' title='image "./povidiinasoniso04burmgoog_0277.png"; bbox 0 0 2812 5010; ppageno 0'>
   <div class='ocr_carea' id='block_1_1' title="bbox 172 341 925 411">
    <p class='ocr_par' dir='ltr' id='par_1_1' title="bbox 172 341 925 411">
     <span class='ocr_line' id='line_1_1' title="bbox 172 341 925 411; baseline 0 0"><span class='ocrx_word' id='word_1_1' title='bbox 172 346 237 411; x_wconf 73' lang='grc'>966</span> <span class='ocrx_word' id='word_1_2' title='bbox 465 344 504 408; x_wconf 93' lang='lat' dir='ltr'>P.</span> <span class='ocrx_word' id='word_1_3' title='bbox 529 341 691 409; x_wconf 92' lang='lat' dir='ltr'><strong>OVIDII</strong></span> <span class='ocrx_word' id='word_1_4' title='bbox 715 343 925 410; x_wconf 84' lang='lat' dir='ltr'>NASONIS</span> 
     </span>
    </p>
   </div>
   <div class='ocr_carea' id='block_1_2' title="bbox 170 516 1255 2354">
    <p class='ocr_par' dir='ltr' id='par_1_2' title="bbox 170 516 1255 2354">
     <span class='ocr_line' id='line_1_2' title="bbox 175 516 1079 613; baseline 0.001 -21"><span class='ocrx_word' id='word_1_5' title='bbox 175 518 235 592; x_wconf 92' lang='lat' dir='ltr'>De</span> <span class='ocrx_word' id='word_1_6' title='bbox 253 517 363 590; x_wconf 93' lang='lat' dir='ltr'>modo</span> <span class='ocrx_word' id='word_1_7' title='bbox 381 517 525 613; x_wconf 87' lang='lat' dir='ltr'>viginti,</span> <span class='ocrx_word' id='word_1_8' title='bbox 544 527 600 590; x_wconf 90' lang='lat' dir='ltr'>tot</span> <span class='ocrx_word' id='word_1_9' title='bbox 618 516 717 590; x_wconf 91' lang='lat' dir='ltr'>enim</span> <span class='ocrx_word' id='word_1_10' title='bbox 735 517 825 591; x_wconf 92' lang='lat' dir='ltr'>ratis</span> <span class='ocrx_word' id='word_1_11' title='bbox 843 518 907 593; x_wconf 92' lang='lat' dir='ltr'>illa</span> <span class='ocrx_word' id='word_1_12' title='bbox 924 517 1079 607; x_wconf 86' lang='lat' dir='ltr'>ferebat,</span> 
     </span>
     <span class='ocr_line' id='line_1_3' title="bbox 174 610 1210 731; baseline 0.001 -24"><span class='ocrx_word' id='word_1_13' title='bbox 174 634 380 707; x_wconf 88' lang='lat' dir='ltr'>Restabam</span> <span class='ocrx_word' id='word_1_14' title='bbox 396 634 522 721; x_wconf 91' lang='lat' dir='ltr'>solus;</span> <span class='ocrx_word' id='word_1_15' title='bbox 551 634 727 731; x_wconf 89' lang='lat' dir='ltr'>pavidum</span> <span class='ocrx_word' id='word_1_16' title='bbox 745 634 987 730; x_wconf 89' lang='lat' dir='ltr'>gelidumque</span> <span class='ocrx_word' id='word_1_17' title='bbox 1004 634 1181 709; x_wconf 90' lang='lat' dir='ltr'>trementi</span> <span class='ocrx_word' id='word_1_18' title='bbox 1205 610 1210 633; x_wconf 69' lang='grc'><strong>’</strong></span> 
     </span>
     <span class='ocr_line' id='line_1_4' title="bbox 174 749 1255 848; baseline 0.001 -26"><span class='ocrx_word' id='word_1_19' title='bbox 174 751 353 848; x_wconf 84' lang='lat' dir='ltr'>Corpore,</span> <span class='ocrx_word' id='word_1_20' title='bbox 371 749 511 847; x_wconf 88' lang='lat' dir='ltr'>vixque</span> <span class='ocrx_word' id='word_1_21' title='bbox 538 774 663 825; x_wconf 93' lang='lat' dir='ltr'>meum</span> <span class='ocrx_word' id='word_1_22' title='bbox 689 750 812 824; x_wconf 88' lang='lat' dir='ltr'>firmat</span> <span class='ocrx_word' id='word_1_23' title='bbox 835 749 952 837; x_wconf 92' lang='lat' dir='ltr'>Deus,</span> <span class='ocrx_word' id='word_1_24' title='bbox 973 749 1136 838; x_wconf 84' lang='lat' dir='ltr'>Excute,</span> <span class='ocrx_word' id='word_1_25' title='bbox 1159 750 1216 824; x_wconf 90' lang='lat' dir='ltr'>di·</span> <span class='ocrx_word' id='word_1_26' title='bbox 1252 808 1255 814; x_wconf 91' lang='lat'>.</span> 
     </span>
     <span class='ocr_line' id='line_1_5' title="bbox 322 889 424 952; baseline -0.029 -13"><span class='ocrx_word' id='word_1_27' title='bbox 322 889 424 952; x_wconf 90' lang='lat' dir='ltr'>cens,</span> 
     </span>
     <span class='ocr_line' id='line_1_6' title="bbox 173 978 1200 1077; baseline 0 -24"><span class='ocrx_word' id='word_1_28' title='bbox 173 982 298 1056; x_wconf 84' lang='lat' dir='ltr'>Corde</span> <span class='ocrx_word' id='word_1_29' title='bbox 315 992 470 1067; x_wconf 90' lang='lat' dir='ltr'>metum,</span> <span class='ocrx_word' id='word_1_30' title='bbox 491 980 680 1077; x_wconf 85' lang='lat' dir='ltr'>Diamque</span> <span class='ocrx_word' id='word_1_31' title='bbox 698 990 798 1054; x_wconf 88' lang='lat' dir='ltr'>tene.</span> <span class='ocrx_word' id='word_1_32' title='bbox 851 979 1010 1053; x_wconf 83' lang='lat' dir='ltr'>Delatus</span> <span class='ocrx_word' id='word_1_33' title='bbox 1027 978 1200 1066; x_wconf 91' lang='lat' dir='ltr'>inillam,</span> 
     </span>
     <span class='ocr_line' id='line_1_7' title="bbox 172 1091 1213 1191; baseline 0 -23"><span class='ocrx_word' id='word_1_34' title='bbox 172 1097 354 1171; x_wconf 90' lang='lat' dir='ltr'>Accensis</span> <span class='ocrx_word' id='word_1_35' title='bbox 371 1097 457 1181; x_wconf 88' lang='lat' dir='ltr'>aris,</span> <span class='ocrx_word' id='word_1_36' title='bbox 478 1095 669 1170; x_wconf 84' lang='lat' dir='ltr'>Baccheia</span> <span class='ocrx_word' id='word_1_37' title='bbox 686 1119 792 1169; x_wconf 89' lang='lat' dir='ltr'>sacra</span> <span class='ocrx_word' id='word_1_38' title='bbox 808 1091 1042 1191; x_wconf 82' lang='lat' dir='ltr'>frequent0.&#39;’</span> <span class='ocrx_word' id='word_1_39' title='bbox 1141 1099 1213 1168; x_wconf 89' lang='grc'>691</span> 
     </span>
     <span class='ocr_line' id='line_1_8' title="bbox 224 1210 1216 1309; baseline -0.002 -23"><span class='ocrx_word' id='word_1_40' title='bbox 224 1224 247 1252; x_wconf 89' lang='grc'><strong>“</strong></span> <span class='ocrx_word' id='word_1_41' title='bbox 267 1213 503 1287; x_wconf 89' lang='lat' dir='ltr'>Praehuimus</span> <span class='ocrx_word' id='word_1_42' title='bbox 530 1212 688 1309; x_wconf 88' lang='lat' dir='ltr'>longis,”</span> <span class='ocrx_word' id='word_1_43' title='bbox 716 1211 923 1297; x_wconf 90' lang='lat' dir='ltr'>Pentheus,</span> <span class='ocrx_word' id='word_1_44' title='bbox 954 1220 976 1248; x_wconf 90' lang='lat'><strong>“</strong></span> <span class='ocrx_word' id='word_1_45' title='bbox 993 1210 1216 1306; x_wconf 85' lang='lat' dir='ltr'>ambagibus</span> 
     </span>
     <span class='ocr_line' id='line_1_9' title="bbox 173 1327 1216 1426; baseline -0.002 -24"><span class='ocrx_word' id='word_1_46' title='bbox 173 1329 315 1426; x_wconf 89' lang='lat' dir='ltr'>lnquit,</span> <span class='ocrx_word' id='word_1_47' title='bbox 327 1338 350 1368; x_wconf 91' lang='lat'><strong>“</strong></span> <span class='ocrx_word' id='word_1_48' title='bbox 362 1329 678 1404; x_wconf 91' lang='lat' dir='ltr'>utiramoravires</span> <span class='ocrx_word' id='word_1_49' title='bbox 687 1329 884 1402; x_wconf 91' lang='lat' dir='ltr'>absumere</span> <span class='ocrx_word' id='word_1_50' title='bbox 892 1336 1033 1425; x_wconf 90' lang='lat' dir='ltr'>posset.</span> <span class='ocrx_word' id='word_1_51' title='bbox 1050 1327 1216 1422; x_wconf 75' lang='lat' dir='ltr'>[aureS,’&#39;</span> 
     </span>
     <span class='ocr_line' id='line_1_10' title="bbox 172 1442 1216 1543; baseline -0.002 -26"><span class='ocrx_word' id='word_1_52' title='bbox 172 1444 413 1543; x_wconf 86' lang='lat' dir='ltr'>Praecipitem</span> <span class='ocrx_word' id='word_1_53' title='bbox 430 1442 559 1517; x_wconf 87' lang='lat' dir='ltr'>famuli</span> <span class='ocrx_word' id='word_1_54' title='bbox 576 1446 695 1543; x_wconf 84' lang='lat' dir='ltr'>rapite</span> <span class='ocrx_word' id='word_1_55' title='bbox 712 1445 834 1533; x_wconf 90' lang='lat' dir='ltr'>hunc;</span> <span class='ocrx_word' id='word_1_56' title='bbox 864 1443 1105 1540; x_wconf 91' lang='lat' dir='ltr'>cruciataque</span> <span class='ocrx_word' id='word_1_57' title='bbox 1123 1443 1216 1517; x_wconf 91' lang='lat' dir='ltr'>diris</span> 
     </span>
     <span class='ocr_line' id='line_1_11' title="bbox 174 1559 1217 1658; baseline 0.002 -26"><span class='ocrx_word' id='word_1_58' title='bbox 174 1560 341 1657; x_wconf 85' lang='lat' dir='ltr'>Corpora</span> <span class='ocrx_word' id='word_1_59' title='bbox 357 1560 552 1633; x_wconf 90' lang='lat' dir='ltr'>tormentis</span> <span class='ocrx_word' id='word_1_60' title='bbox 572 1560 715 1658; x_wconf 87' lang='lat' dir='ltr'>Stygiae</span> <span class='ocrx_word' id='word_1_61' title='bbox 733 1561 919 1634; x_wconf 90' lang='lat' dir='ltr'>demittite</span> <span class='ocrx_word' id='word_1_62' title='bbox 938 1559 1076 1633; x_wconf 91' lang='lat' dir='ltr'>nocti.&#39;’</span> <span class='ocrx_word' id='word_1_63' title='bbox 1143 1565 1217 1634; x_wconf 86' lang='lat'>695</span> 
     </span>
     <span class='ocr_line' id='line_1_12' title="bbox 172 1673 1136 1774; baseline 0.003 -29"><span class='ocrx_word' id='word_1_64' title='bbox 172 1673 348 1746; x_wconf 86' lang='lat' dir='ltr'>Protinus</span> <span class='ocrx_word' id='word_1_65' title='bbox 367 1675 578 1748; x_wconf 89' lang='lat' dir='ltr'>abstractus</span> <span class='ocrx_word' id='word_1_66' title='bbox 599 1676 727 1749; x_wconf 91' lang='lat' dir='ltr'>solidis</span> <span class='ocrx_word' id='word_1_67' title='bbox 746 1676 961 1774; x_wconf 89' lang='lat' dir='ltr'>Tyrrhenus</span> <span class='ocrx_word' id='word_1_68' title='bbox 979 1675 1136 1749; x_wconf 89' lang='lat' dir='ltr'>Acoetes</span> 
     </span>
     <span class='ocr_line' id='line_1_13' title="bbox 174 1789 1076 1889; baseline 0.002 -28"><span class='ocrx_word' id='word_1_69' title='bbox 174 1789 372 1862; x_wconf 84' lang='lat' dir='ltr'>Clauditur</span> <span class='ocrx_word' id='word_1_70' title='bbox 384 1790 423 1862; x_wconf 91' lang='lat' dir='ltr'>in</span> <span class='ocrx_word' id='word_1_71' title='bbox 441 1791 574 1880; x_wconf 83' lang='lat' dir='ltr'>tectis3</span> <span class='ocrx_word' id='word_1_72' title='bbox 603 1803 653 1879; x_wconf 93' lang='lat' dir='ltr'>et,</span> <span class='ocrx_word' id='word_1_73' title='bbox 672 1794 762 1866; x_wconf 92' lang='lat' dir='ltr'>dum</span> <span class='ocrx_word' id='word_1_74' title='bbox 781 1792 946 1866; x_wconf 89' lang='lat' dir='ltr'>crudelia</span> <span class='ocrx_word' id='word_1_75' title='bbox 959 1793 1076 1889; x_wconf 88' lang='lat' dir='ltr'>jussae</span> 
     </span>
     <span class='ocr_line' id='line_1_14' title="bbox 172 1902 1188 2005; baseline 0.006 -31"><span class='ocrx_word' id='word_1_76' title='bbox 172 1902 429 1978; x_wconf 87' lang='lat' dir='ltr'>Instrumenta</span> <span class='ocrx_word' id='word_1_77' title='bbox 446 1905 563 1993; x_wconf 90' lang='lat' dir='ltr'>necis,</span> <span class='ocrx_word' id='word_1_78' title='bbox 582 1906 795 2004; x_wconf 83' lang='lat' dir='ltr'>ferrumque</span> <span class='ocrx_word' id='word_1_79' title='bbox 810 1908 983 2004; x_wconf 85' lang='lat' dir='ltr'>ignisque</span> <span class='ocrx_word' id='word_1_80' title='bbox 998 1917 1188 2005; x_wconf 89' lang='lat' dir='ltr'>parantur,</span> 
     </span>
     <span class='ocr_line' id='line_1_15' title="bbox 173 2018 1106 2122; baseline 0.004 -31"><span class='ocrx_word' id='word_1_81' title='bbox 173 2018 316 2116; x_wconf 90' lang='lat' dir='ltr'>Sponte</span> <span class='ocrx_word' id='word_1_82' title='bbox 334 2045 403 2092; x_wconf 90' lang='lat' dir='ltr'>sua</span> <span class='ocrx_word' id='word_1_83' title='bbox 419 2021 587 2119; x_wconf 89' lang='lat' dir='ltr'>patuisse</span> <span class='ocrx_word' id='word_1_84' title='bbox 606 2023 716 2108; x_wconf 86' lang='lat' dir='ltr'>fores,</span> <span class='ocrx_word' id='word_1_85' title='bbox 735 2026 937 2122; x_wconf 91' lang='lat' dir='ltr'>lapsasque</span> <span class='ocrx_word' id='word_1_86' title='bbox 955 2023 1106 2098; x_wconf 90' lang='lat' dir='ltr'>lacertis</span> 
     </span>
     <span class='ocr_line' id='line_1_16' title="bbox 173 2134 1215 2232; baseline 0.007 -27"><span class='ocrx_word' id='word_1_87' title='bbox 173 2134 317 2232; x_wconf 86' lang='lat' dir='ltr'>Sponte</span> <span class='ocrx_word' id='word_1_88' title='bbox 334 2161 414 2222; x_wconf 90' lang='lat' dir='ltr'>sua,</span> <span class='ocrx_word' id='word_1_89' title='bbox 434 2135 533 2211; x_wconf 86' lang='lat' dir='ltr'>fama</span> <span class='ocrx_word' id='word_1_90' title='bbox 549 2149 620 2227; x_wconf 87' lang='lat' dir='ltr'>est,</span> <span class='ocrx_word' id='word_1_91' title='bbox 635 2140 737 2212; x_wconf 93' lang='lat' dir='ltr'>nullo</span> <span class='ocrx_word' id='word_1_92' title='bbox 756 2141 936 2226; x_wconf 88' lang='lat' dir='ltr'>solvente,</span> <span class='ocrx_word' id='word_1_93' title='bbox 952 2149 1119 2213; x_wconf 89' lang='lat' dir='ltr'>catenas.</span> <span class='ocrx_word' id='word_1_94' title='bbox 1140 2144 1215 2212; x_wconf 87' lang='lat'>700</span> 
     </span>
     <span class='ocr_line' id='line_1_17' title="bbox 170 2243 1175 2354; baseline 0.006 -32"><span class='ocrx_word' id='word_1_95' title='bbox 170 2249 323 2325; x_wconf 89' lang='lat' dir='ltr'>Perstat</span> <span class='ocrx_word' id='word_1_96' title='bbox 341 2251 569 2329; x_wconf 88' lang='lat' dir='ltr'>Echionides</span> <span class='ocrx_word' id='word_1_97' title='bbox 584 2284 593 2344; x_wconf 91' lang='lat'>;</span> <span class='ocrx_word' id='word_1_98' title='bbox 624 2281 692 2331; x_wconf 91' lang='lat' dir='ltr'>nec</span> <span class='ocrx_word' id='word_1_99' title='bbox 705 2258 785 2354; x_wconf 90' lang='lat' dir='ltr'>jam</span> <span class='ocrx_word' id='word_1_100' title='bbox 799 2256 909 2354; x_wconf 90' lang='lat' dir='ltr'>jubet</span> <span class='ocrx_word' id='word_1_101' title='bbox 925 2257 990 2342; x_wconf 93' lang='lat' dir='ltr'>ire,</span> <span class='ocrx_word' id='word_1_102' title='bbox 1007 2243 1075 2329; x_wconf 80' lang='lat' dir='ltr'>sed</span> <span class='ocrx_word' id='word_1_103' title='bbox 1092 2255 1175 2352; x_wconf 91' lang='lat' dir='ltr'>ipse</span> 
     </span>
    </p>
   </div>
   <div class='ocr_carea' id='block_1_3' title="bbox 166 2484 1216 4168">
    <p class='ocr_par' dir='ltr' id='par_1_3' title="bbox 166 2484 1216 3727">
     <span class='ocr_line' id='line_1_18' title="bbox 201 2484 1214 2550; baseline 0 -17"><span class='ocrx_word' id='word_1_104' title='bbox 201 2484 386 2549; x_wconf 64' lang='lat' dir='ltr'>tentiginis]</span> <span class='ocrx_word' id='word_1_105' title='bbox 415 2484 524 2550; x_wconf 86' lang='lat' dir='ltr'>Hyginus</span> <span class='ocrx_word' id='word_1_106' title='bbox 539 2485 665 2534; x_wconf 82' lang='lat' dir='ltr'>duodecim</span> <span class='ocrx_word' id='word_1_107' title='bbox 715 2503 808 2548; x_wconf 78' lang='lat' dir='ltr'>corpora</span> <span class='ocrx_word' id='word_1_108' title='bbox 827 2485 1134 2542; x_wconf 60' lang='lat' dir='ltr'>toletanensem.</span> <span class='ocrx_word' id='word_1_109' title='bbox 1167 2485 1214 2533; x_wconf 86' lang='lat' dir='ltr'>Sed</span> 
     </span>
     <span class='ocr_line' id='line_1_19' title="bbox 168 2558 1215 2624; baseline 0 -18"><span class='ocrx_word' id='word_1_110' title='bbox 168 2558 247 2608; x_wconf 89' lang='lat' dir='ltr'>hahet.</span> <span class='ocrx_word' id='word_1_111' title='bbox 277 2559 319 2607; x_wconf 80' lang='lat' dir='ltr'>Vir</span> <span class='ocrx_word' id='word_1_112' title='bbox 328 2575 409 2615; x_wconf 82' lang='lat' dir='ltr'>meum,</span> <span class='ocrx_word' id='word_1_113' title='bbox 422 2560 460 2607; x_wconf 88' lang='lat' dir='ltr'>vix</span> <span class='ocrx_word' id='word_1_114' title='bbox 472 2575 599 2608; x_wconf 87' lang='lat' dir='ltr'>memorem</span> <span class='ocrx_word' id='word_1_115' title='bbox 610 2560 665 2618; x_wconf 90' lang='lat' dir='ltr'>mei,</span> <span class='ocrx_word' id='word_1_116' title='bbox 716 2562 802 2610; x_wconf 88' lang='lat' dir='ltr'>Noster</span> <span class='ocrx_word' id='word_1_117' title='bbox 810 2561 1134 2624; x_wconf 80' lang='lat' dir='ltr'>demittereStygiaerrocti,ex</span> <span class='ocrx_word' id='word_1_118' title='bbox 1146 2558 1215 2623; x_wconf 89' lang='lat' dir='ltr'>cujus</span> 
     </span>
     <span class='ocr_line' id='line_1_20' title="bbox 166 2624 1213 2690; baseline -0.001 -9"><span class='ocrx_word' id='word_1_119' title='bbox 166 2624 338 2682; x_wconf 79' lang='lat' dir='ltr'>exanimatum.</span> <span class='ocrx_word' id='word_1_120' title='bbox 370 2632 481 2681; x_wconf 85' lang='lat' dir='ltr'>Similiter</span> <span class='ocrx_word' id='word_1_121' title='bbox 499 2633 577 2682; x_wconf 73' lang='lat' dir='ltr'>Graeci</span> <span class='ocrx_word' id='word_1_122' title='bbox 594 2642 664 2682; x_wconf 88' lang='lat' dir='ltr'>utun·</span> <span class='ocrx_word' id='word_1_123' title='bbox 715 2634 846 2682; x_wconf 88' lang='lat' dir='ltr'>imitatione</span> <span class='ocrx_word' id='word_1_124' title='bbox 855 2634 926 2682; x_wconf 90' lang='lat' dir='ltr'>Silius</span> <span class='ocrx_word' id='word_1_125' title='bbox 933 2633 1040 2690; x_wconf 88' lang='lat' dir='ltr'>Italicus,</span> <span class='ocrx_word' id='word_1_126' title='bbox 1046 2651 1070 2680; x_wconf 86' lang='lat' dir='ltr'>v.</span> <span class='ocrx_word' id='word_1_127' title='bbox 1078 2634 1213 2680; x_wconf 69' lang='lat' dir='ltr'>arizium-</span> 
     </span>
     <span class='ocr_line' id='line_1_21' title="bbox 169 2705 1213 2772; baseline -0.002 -18"><span class='ocrx_word' id='word_1_128' title='bbox 169 2714 255 2755; x_wconf 86' lang='lat' dir='ltr'>tursuo</span> <span class='ocrx_word' id='word_1_129' title='bbox 265 2706 330 2771; x_wconf 75' lang='grc' dir='ltr'><strong>ἑμός.</strong></span> <span class='ocrx_word' id='word_1_130' title='bbox 346 2707 460 2755; x_wconf 89' lang='lat' dir='ltr'>Monente</span> <span class='ocrx_word' id='word_1_131' title='bbox 470 2707 568 2756; x_wconf 91' lang='lat' dir='ltr'>Heinsio</span> <span class='ocrx_word' id='word_1_132' title='bbox 571 2709 665 2771; x_wconf 82' lang='lat' dir='ltr'>firmat,</span> <span class='ocrx_word' id='word_1_133' title='bbox 715 2708 866 2772; x_wconf 77' lang='lat' dir='ltr'>nureStygr&#39;c</span> <span class='ocrx_word' id='word_1_134' title='bbox 876 2710 944 2754; x_wconf 85' lang='lat' dir='ltr'>nocti.</span> <span class='ocrx_word' id='word_1_135' title='bbox 977 2706 1050 2771; x_wconf 90' lang='lat' dir='ltr'>Apud</span> <span class='ocrx_word' id='word_1_136' title='bbox 1065 2705 1213 2771; x_wconf 85' lang='lat' dir='ltr'>Euripidem,</span> 
     </span>
     <span class='ocr_line' id='line_1_22' title="bbox 169 2778 1214 2843; baseline 0 -17"><span class='ocrx_word' id='word_1_137' title='bbox 169 2779 274 2827; x_wconf 88' lang='lat' dir='ltr'>animum</span> <span class='ocrx_word' id='word_1_138' title='bbox 285 2779 343 2826; x_wconf 89' lang='lat' dir='ltr'>mihi</span> <span class='ocrx_word' id='word_1_139' title='bbox 354 2778 429 2829; x_wconf 88' lang='lat' dir='ltr'>addit.</span> <span class='ocrx_word' id='word_1_140' title='bbox 463 2781 667 2838; x_wconf 84' lang='lat' dir='ltr'>Diamtene,tene</span> <span class='ocrx_word' id='word_1_141' title='bbox 717 2780 833 2828; x_wconf 86' lang='lat' dir='ltr'>cumvult</span> <span class='ocrx_word' id='word_1_142' title='bbox 846 2779 920 2842; x_wconf 86' lang='lat' dir='ltr'>ligare</span> <span class='ocrx_word' id='word_1_143' title='bbox 935 2779 965 2827; x_wconf 88' lang='lat' dir='ltr'>ud</span> <span class='ocrx_word' id='word_1_144' title='bbox 982 2794 1103 2843; x_wconf 78' lang='lat' dir='ltr'>proesepe3</span> <span class='ocrx_word' id='word_1_145' title='bbox 1118 2779 1161 2828; x_wconf 85' lang='lat' dir='ltr'>sed</span> <span class='ocrx_word' id='word_1_146' title='bbox 1178 2779 1214 2827; x_wconf 91' lang='lat' dir='ltr'>in-</span> 
     </span>
     <span class='ocr_line' id='line_1_23' title="bbox 170 2851 1215 2918; baseline 0.001 -19"><span class='ocrx_word' id='word_1_147' title='bbox 170 2851 232 2900; x_wconf 85' lang='lat' dir='ltr'>viam</span> <span class='ocrx_word' id='word_1_148' title='bbox 243 2868 297 2916; x_wconf 80' lang='lat' dir='ltr'>quae</span> <span class='ocrx_word' id='word_1_149' title='bbox 308 2852 374 2900; x_wconf 90' lang='lat' dir='ltr'>ducit</span> <span class='ocrx_word' id='word_1_150' title='bbox 384 2852 416 2900; x_wconf 86' lang='lat' dir='ltr'>ud</span> <span class='ocrx_word' id='word_1_151' title='bbox 427 2853 508 2902; x_wconf 72' lang='lat' dir='ltr'>Diam,</span> <span class='ocrx_word' id='word_1_152' title='bbox 529 2854 586 2912; x_wconf 82' lang='lat' dir='ltr'>Dia,</span> <span class='ocrx_word' id='word_1_153' title='bbox 597 2856 621 2902; x_wconf 96' lang='lat' dir='ltr'>N</span> <span class='ocrx_word' id='word_1_154' title='bbox 623 2871 665 2903; x_wconf 88' lang='lat' dir='ltr'>ex·</span> <span class='ocrx_word' id='word_1_155' title='bbox 716 2854 782 2902; x_wconf 88' lang='lat' dir='ltr'>sauia</span> <span class='ocrx_word' id='word_1_156' title='bbox 796 2862 923 2918; x_wconf 87' lang='lat' dir='ltr'>correptus,</span> <span class='ocrx_word' id='word_1_157' title='bbox 937 2854 989 2901; x_wconf 88' lang='lat' dir='ltr'>loco</span> <span class='ocrx_word' id='word_1_158' title='bbox 1003 2852 1103 2910; x_wconf 89' lang='lat' dir='ltr'>Bacchi,</span> <span class='ocrx_word' id='word_1_159' title='bbox 1120 2861 1215 2902; x_wconf 87' lang='lat' dir='ltr'>taurum</span> 
     </span>
     <span class='ocr_line' id='line_1_24' title="bbox 168 2925 808 2990; baseline 0.005 -18"><span class='ocrx_word' id='word_1_160' title='bbox 168 2940 203 2981; x_wconf 91' lang='lat' dir='ltr'>os,</span> <span class='ocrx_word' id='word_1_161' title='bbox 217 2941 288 2989; x_wconf 89' lang='lat' dir='ltr'>quam</span> <span class='ocrx_word' id='word_1_162' title='bbox 298 2926 454 2989; x_wconf 86' lang='lat' dir='ltr'>Strongylem,</span> <span class='ocrx_word' id='word_1_163' title='bbox 466 2925 521 2975; x_wconf 88' lang='lat' dir='ltr'>dein</span> <span class='ocrx_word' id='word_1_164' title='bbox 530 2926 603 2984; x_wconf 87' lang='lat' dir='ltr'>Dian,</span> <span class='ocrx_word' id='word_1_165' title='bbox 611 2944 666 2976; x_wconf 87' lang='lat' dir='ltr'>mox</span> <span class='ocrx_word' id='word_1_166' title='bbox 716 2927 808 2990; x_wconf 86' lang='lat' dir='ltr'>alligat.</span> 
     </span>
     <span class='ocr_line' id='line_1_25' title="bbox 169 2998 1214 3064; baseline 0.004 -19"><span class='ocrx_word' id='word_1_167' title='bbox 169 2998 309 3063; x_wconf 88' lang='lat' dir='ltr'>Dionysida,</span> <span class='ocrx_word' id='word_1_168' title='bbox 319 3010 365 3047; x_wconf 90' lang='lat' dir='ltr'>etc.</span> <span class='ocrx_word' id='word_1_169' title='bbox 377 2999 535 3064; x_wconf 64' lang='lat' dir='ltr'>appellarunt.</span> <span class='ocrx_word' id='word_1_170' title='bbox 553 3001 666 3051; x_wconf 80' lang='lat' dir='ltr'>Plinlib.</span> <span class='ocrx_word' id='word_1_171' title='bbox 748 3002 804 3049; x_wconf 91' lang='grc'><strong>696.</strong></span> <span class='ocrx_word' id='word_1_172' title='bbox 821 3001 899 3048; x_wconf 77' lang='lat' dir='ltr'>solido</span> <span class='ocrx_word' id='word_1_173' title='bbox 913 3010 980 3056; x_wconf 86' lang='lat' dir='ltr'>tecto,</span> <span class='ocrx_word' id='word_1_174' title='bbox 990 3015 1070 3048; x_wconf 88' lang='lat' dir='ltr'>carcer</span> <span class='ocrx_word' id='word_1_175' title='bbox 1084 3000 1146 3048; x_wconf 87' lang='lat' dir='ltr'>hene</span> <span class='ocrx_word' id='word_1_176' title='bbox 1162 3015 1214 3049; x_wconf 86' lang='lat' dir='ltr'>mu-</span> 
     </span>
     <span class='ocr_line' id='line_1_26' title="bbox 168 3071 1215 3136; baseline 0.001 -17"><span class='ocrx_word' id='word_1_177' title='bbox 168 3071 214 3120; x_wconf 89' lang='lat' dir='ltr'>IV.</span> <span class='ocrx_word' id='word_1_178' title='bbox 224 3087 280 3136; x_wconf 90' lang='lat' dir='ltr'>cap.</span> <span class='ocrx_word' id='word_1_179' title='bbox 291 3074 333 3120; x_wconf 78' lang='lat'>22.</span> <span class='ocrx_word' id='word_1_180' title='bbox 367 3073 475 3128; x_wconf 82' lang='lat' dir='ltr'>Accendi,</span> <span class='ocrx_word' id='word_1_181' title='bbox 486 3072 596 3122; x_wconf 83' lang='lat' dir='ltr'>calefieri.</span> <span class='ocrx_word' id='word_1_182' title='bbox 627 3075 667 3123; x_wconf 92' lang='lat' dir='ltr'>Ita</span> <span class='ocrx_word' id='word_1_183' title='bbox 716 3073 789 3123; x_wconf 87' lang='lat' dir='ltr'>nitus.</span> <span class='ocrx_word' id='word_1_184' title='bbox 813 3075 852 3122; x_wconf 86' lang='lat' dir='ltr'>Sic</span> <span class='ocrx_word' id='word_1_185' title='bbox 866 3074 899 3123; x_wconf 90' lang='lat' dir='ltr'>iv.</span> <span class='ocrx_word' id='word_1_186' title='bbox 914 3075 972 3123; x_wconf 78' lang='grc'><strong>645.</strong></span> <span class='ocrx_word' id='word_1_187' title='bbox 987 3076 1057 3122; x_wconf 80' lang='lat' dir='ltr'>solido</span> <span class='ocrx_word' id='word_1_188' title='bbox 1074 3076 1175 3131; x_wconf 76' lang='lat' dir='ltr'>meaio5</span> <span class='ocrx_word' id='word_1_189' title='bbox 1191 3081 1215 3121; x_wconf 88' lang='lat' dir='ltr'>et</span> 
     </span>
     <span class='ocr_line' id='line_1_27' title="bbox 167 3145 1214 3208; baseline 0 -15"><span class='ocrx_word' id='word_1_190' title='bbox 167 3162 264 3194; x_wconf 74' lang='lat' dir='ltr'>occense</span> <span class='ocrx_word' id='word_1_191' title='bbox 274 3149 350 3203; x_wconf 84' lang='lat' dir='ltr'>unde,</span> <span class='ocrx_word' id='word_1_192' title='bbox 361 3145 442 3202; x_wconf 91' lang='lat' dir='ltr'>Silius,</span> <span class='ocrx_word' id='word_1_193' title='bbox 455 3164 478 3195; x_wconf 89' lang='lat' dir='ltr'>v.</span> <span class='ocrx_word' id='word_1_194' title='bbox 487 3148 601 3208; x_wconf 75' lang='lat' dir='ltr'>6053ubi</span> <span class='ocrx_word' id='word_1_195' title='bbox 612 3149 666 3198; x_wconf 90' lang='lat' dir='ltr'>vide</span> <span class='ocrx_word' id='word_1_196' title='bbox 715 3147 749 3195; x_wconf 86' lang='lat' dir='ltr'>vi.</span> <span class='ocrx_word' id='word_1_197' title='bbox 761 3149 819 3196; x_wconf 86' lang='grc'><strong>573.</strong></span> <span class='ocrx_word' id='word_1_198' title='bbox 830 3151 912 3196; x_wconf 78' lang='lat' dir='ltr'>meniu</span> <span class='ocrx_word' id='word_1_199' title='bbox 923 3149 992 3196; x_wconf 86' lang='lat' dir='ltr'>solido</span> <span class='ocrx_word' id='word_1_200' title='bbox 1000 3163 1059 3194; x_wconf 78' lang='lat' dir='ltr'>seso.</span> <span class='ocrx_word' id='word_1_201' title='bbox 1094 3147 1214 3202; x_wconf 80' lang='lat' dir='ltr'>Crudelis,</span> 
     </span>
     <span class='ocr_line' id='line_1_28' title="bbox 169 3220 1214 3272; baseline 0.002 -6"><span class='ocrx_word' id='word_1_202' title='bbox 169 3220 293 3268; x_wconf 85' lang='lat' dir='ltr'>Drakenb.</span> <span class='ocrx_word' id='word_1_203' title='bbox 326 3220 390 3268; x_wconf 86' lang='lat' dir='ltr'>Hinc</span> <span class='ocrx_word' id='word_1_204' title='bbox 403 3229 427 3268; x_wconf 88' lang='lat' dir='ltr'>et</span> <span class='ocrx_word' id='word_1_205' title='bbox 442 3238 487 3269; x_wconf 81' lang='lat' dir='ltr'>ore</span> <span class='ocrx_word' id='word_1_206' title='bbox 504 3220 615 3271; x_wconf 89' lang='lat' dir='ltr'>dicuutur</span> <span class='ocrx_word' id='word_1_207' title='bbox 628 3241 664 3272; x_wconf 88' lang='lat' dir='ltr'>oc·</span> <span class='ocrx_word' id='word_1_208' title='bbox 716 3220 850 3269; x_wconf 86' lang='lat' dir='ltr'>crudelitati</span> <span class='ocrx_word' id='word_1_209' title='bbox 870 3221 1029 3269; x_wconf 84' lang='lat' dir='ltr'>inservientia.</span> <span class='ocrx_word' id='word_1_210' title='bbox 1069 3221 1106 3268; x_wconf 88' lang='lat' dir='ltr'>Ex</span> <span class='ocrx_word' id='word_1_211' title='bbox 1126 3223 1214 3268; x_wconf 71' lang='lat' dir='ltr'>instar-</span> 
     </span>
     <span class='ocr_line' id='line_1_29' title="bbox 167 3291 1213 3357; baseline 0.002 -17"><span class='ocrx_word' id='word_1_212' title='bbox 167 3297 242 3349; x_wconf 83' lang='lat' dir='ltr'>cendi,</span> <span class='ocrx_word' id='word_1_213' title='bbox 263 3294 288 3340; x_wconf 90' lang='lat' dir='ltr'>in</span> <span class='ocrx_word' id='word_1_214' title='bbox 308 3292 394 3357; x_wconf 89' lang='lat' dir='ltr'>quibus</span> <span class='ocrx_word' id='word_1_215' title='bbox 413 3307 481 3341; x_wconf 88' lang='lat' dir='ltr'>sacra</span> <span class='ocrx_word' id='word_1_216' title='bbox 501 3291 570 3341; x_wconf 88' lang='lat' dir='ltr'>fiunt.</span> <span class='ocrx_word' id='word_1_217' title='bbox 603 3295 667 3343; x_wconf 87' lang='lat' dir='ltr'>Tura</span> <span class='ocrx_word' id='word_1_218' title='bbox 715 3299 795 3342; x_wconf 82' lang='lat' dir='ltr'>meotis</span> <span class='ocrx_word' id='word_1_219' title='bbox 810 3297 870 3342; x_wconf 78' lang='lat' dir='ltr'>necis</span> <span class='ocrx_word' id='word_1_220' title='bbox 885 3295 994 3342; x_wconf 87' lang='lat' dir='ltr'>ardentes</span> <span class='ocrx_word' id='word_1_221' title='bbox 1004 3292 1098 3341; x_wconf 77' lang='lat' dir='ltr'>luminat</span> <span class='ocrx_word' id='word_1_222' title='bbox 1109 3308 1213 3342; x_wconf 87' lang='lat' dir='ltr'>comme·</span> 
     </span>
     <span class='ocr_line' id='line_1_30' title="bbox 168 3366 1214 3430; baseline -0.003 -14"><span class='ocrx_word' id='word_1_223' title='bbox 168 3377 248 3416; x_wconf 88' lang='lat' dir='ltr'>autem</span> <span class='ocrx_word' id='word_1_224' title='bbox 265 3367 316 3415; x_wconf 88' lang='lat' dir='ltr'>dari</span> <span class='ocrx_word' id='word_1_225' title='bbox 333 3366 431 3415; x_wconf 89' lang='lat' dir='ltr'>Baccho</span> <span class='ocrx_word' id='word_1_226' title='bbox 447 3367 563 3425; x_wconf 90' lang='lat' dir='ltr'>solebant,</span> <span class='ocrx_word' id='word_1_227' title='bbox 579 3368 611 3417; x_wconf 88' lang='lat' dir='ltr'>iv.</span> <span class='ocrx_word' id='word_1_228' title='bbox 628 3370 666 3417; x_wconf 88' lang='lat'>11.</span> <span class='ocrx_word' id='word_1_229' title='bbox 715 3366 914 3416; x_wconf 82' lang='lat' dir='ltr'>moranturaCic.</span> <span class='ocrx_word' id='word_1_230' title='bbox 925 3368 994 3415; x_wconf 86' lang='lat' dir='ltr'>Verr.</span> <span class='ocrx_word' id='word_1_231' title='bbox 1002 3384 1025 3414; x_wconf 89' lang='lat' dir='ltr'>v.</span> <span class='ocrx_word' id='word_1_232' title='bbox 1033 3367 1073 3414; x_wconf 87' lang='grc'><strong>63.</strong></span> <span class='ocrx_word' id='word_1_233' title='bbox 1083 3381 1130 3430; x_wconf 91' lang='lat' dir='ltr'>quo</span> <span class='ocrx_word' id='word_1_234' title='bbox 1141 3366 1214 3414; x_wconf 89' lang='lat' dir='ltr'>etiam</span> 
     </span>
     <span class='ocr_line' id='line_1_31' title="bbox 167 3437 1216 3506; baseline -0.004 -15"><span class='ocrx_word' id='word_1_235' title='bbox 167 3442 206 3491; x_wconf 88' lang='lat' dir='ltr'>Fit</span> <span class='ocrx_word' id='word_1_236' title='bbox 227 3458 282 3506; x_wconf 90' lang='lat' dir='ltr'>ergo</span> <span class='ocrx_word' id='word_1_237' title='bbox 303 3442 402 3489; x_wconf 86' lang='lat' dir='ltr'>Acoetes</span> <span class='ocrx_word' id='word_1_238' title='bbox 420 3441 530 3505; x_wconf 81' lang='lat' dir='ltr'>samaias</span> <span class='ocrx_word' id='word_1_239' title='bbox 551 3458 666 3491; x_wconf 79' lang='lat' dir='ltr'>sacrorum</span> <span class='ocrx_word' id='word_1_240' title='bbox 715 3440 739 3489; x_wconf 92' lang='lat' dir='ltr'>h.</span> <span class='ocrx_word' id='word_1_241' title='bbox 747 3440 763 3487; x_wconf 90' lang='lat' dir='ltr'>l.</span> <span class='ocrx_word' id='word_1_242' title='bbox 766 3439 862 3504; x_wconf 81' lang='lat' dir='ltr'>ferrum</span> <span class='ocrx_word' id='word_1_243' title='bbox 871 3448 895 3488; x_wconf 90' lang='lat' dir='ltr'>et</span> <span class='ocrx_word' id='word_1_244' title='bbox 903 3442 963 3504; x_wconf 82' lang='lat' dir='ltr'>ignis</span> <span class='ocrx_word' id='word_1_245' title='bbox 974 3438 1088 3503; x_wconf 87' lang='lat' dir='ltr'>respicere</span> <span class='ocrx_word' id='word_1_246' title='bbox 1096 3437 1216 3488; x_wconf 87' lang='lat' dir='ltr'>videntur.</span> 
     </span>
     <span class='ocr_line' id='line_1_32' title="bbox 168 3512 1214 3579; baseline -0.004 -15"><span class='ocrx_word' id='word_1_247' title='bbox 168 3516 350 3572; x_wconf 88' lang='lat' dir='ltr'>Bacchicomm,</span> <span class='ocrx_word' id='word_1_248' title='bbox 362 3531 430 3564; x_wconf 89' lang='lat' dir='ltr'>versu</span> <span class='ocrx_word' id='word_1_249' title='bbox 443 3517 499 3564; x_wconf 82' lang='lat'><strong>574.</strong></span> <span class='ocrx_word' id='word_1_250' title='bbox 532 3515 562 3564; x_wconf 89' lang='lat' dir='ltr'>Iu</span> <span class='ocrx_word' id='word_1_251' title='bbox 578 3516 665 3579; x_wconf 86' lang='lat' dir='ltr'>hymno</span> <span class='ocrx_word' id='word_1_252' title='bbox 714 3515 788 3562; x_wconf 82' lang='lat' dir='ltr'>Nullo</span> <span class='ocrx_word' id='word_1_253' title='bbox 804 3515 902 3562; x_wconf 79' lang='lat' dir='ltr'>solvente</span> <span class='ocrx_word' id='word_1_254' title='bbox 916 3515 1016 3562; x_wconf 90' lang='lat' dir='ltr'>otiosum</span> <span class='ocrx_word' id='word_1_255' title='bbox 1030 3512 1214 3578; x_wconf 84' lang='lat' dir='ltr'>rideturCapo-</span> 
     </span>
     <span class='ocr_line' id='line_1_33' title="bbox 166 3586 1214 3655; baseline -0.004 -17"><span class='ocrx_word' id='word_1_256' title='bbox 166 3590 293 3639; x_wconf 89' lang='lat' dir='ltr'>Homerico</span> <span class='ocrx_word' id='word_1_257' title='bbox 309 3590 376 3639; x_wconf 89' lang='lat' dir='ltr'>Deus</span> <span class='ocrx_word' id='word_1_258' title='bbox 391 3606 445 3638; x_wconf 90' lang='lat' dir='ltr'>eum</span> <span class='ocrx_word' id='word_1_259' title='bbox 456 3591 548 3647; x_wconf 88' lang='lat' dir='ltr'>retinet,</span> <span class='ocrx_word' id='word_1_260' title='bbox 559 3590 664 3655; x_wconf 82' lang='lat' dir='ltr'>facitque</span> <span class='ocrx_word' id='word_1_261' title='bbox 713 3587 796 3645; x_wconf 78' lang='lat' dir='ltr'>ferreo,</span> <span class='ocrx_word' id='word_1_262' title='bbox 806 3587 862 3652; x_wconf 91' lang='lat' dir='ltr'>quia</span> <span class='ocrx_word' id='word_1_263' title='bbox 872 3586 993 3651; x_wconf 80' lang='lat' dir='ltr'>praecessit</span> <span class='ocrx_word' id='word_1_264' title='bbox 1002 3597 1079 3647; x_wconf 81' lang='lat' dir='ltr'>sponte</span> <span class='ocrx_word' id='word_1_265' title='bbox 1089 3602 1141 3641; x_wconf 72' lang='lat' dir='ltr'>situ,</span> <span class='ocrx_word' id='word_1_266' title='bbox 1151 3586 1214 3650; x_wconf 92' lang='lat' dir='ltr'>quod</span> 
     </span>
     <span class='ocr_line' id='line_1_34' title="bbox 167 3659 1215 3727; baseline -0.005 -14"><span class='ocrx_word' id='word_1_267' title='bbox 167 3663 319 3727; x_wconf 81' lang='grc' dir='ltr'>πανόλβιον.</span> <span class='ocrx_word' id='word_1_268' title='bbox 713 3662 767 3711; x_wconf 93' lang='lat' dir='ltr'>ideo</span> <span class='ocrx_word' id='word_1_269' title='bbox 785 3670 861 3711; x_wconf 88' lang='lat' dir='ltr'>mutat</span> <span class='ocrx_word' id='word_1_270' title='bbox 876 3662 901 3709; x_wconf 88' lang='lat' dir='ltr'>iu</span> <span class='ocrx_word' id='word_1_271' title='bbox 919 3664 1030 3710; x_wconf 78' lang='lat' dir='ltr'>innocuis.</span> <span class='ocrx_word' id='word_1_272' title='bbox 1056 3659 1133 3708; x_wconf 90' lang='lat' dir='ltr'>Male.</span> <span class='ocrx_word' id='word_1_273' title='bbox 1149 3660 1215 3708; x_wconf 87' lang='lat' dir='ltr'>Solet</span> 
     </span>
    </p>

    <p class='ocr_par' dir='ltr' id='par_1_4' title="bbox 166 3734 1215 4168">
     <span class='ocr_line' id='line_1_35' title="bbox 198 3734 1215 3802; baseline -0.005 -16"><span class='ocrx_word' id='word_1_274' title='bbox 198 3740 256 3787; x_wconf 82' lang='lat'><strong>692.</strong></span> <span class='ocrx_word' id='word_1_275' title='bbox 275 3739 416 3786; x_wconf 82' lang='lat' dir='ltr'>Prehaimus</span> <span class='ocrx_word' id='word_1_276' title='bbox 428 3739 508 3802; x_wconf 82' lang='lat' dir='ltr'>longis,</span> <span class='ocrx_word' id='word_1_277' title='bbox 519 3739 578 3802; x_wconf 70' lang='lat' dir='ltr'>ete]</span> <span class='ocrx_word' id='word_1_278' title='bbox 602 3738 664 3788; x_wconf 88' lang='lat' dir='ltr'>Vide</span> <span class='ocrx_word' id='word_1_279' title='bbox 714 3739 801 3787; x_wconf 87' lang='lat' dir='ltr'>Noster</span> <span class='ocrx_word' id='word_1_280' title='bbox 815 3737 903 3802; x_wconf 83' lang='lat' dir='ltr'>passim</span> <span class='ocrx_word' id='word_1_281' title='bbox 917 3736 952 3784; x_wconf 85' lang='lat' dir='ltr'>ita</span> <span class='ocrx_word' id='word_1_282' title='bbox 967 3734 1126 3784; x_wconf 77' lang='lat' dir='ltr'>redundantes</span> <span class='ocrx_word' id='word_1_283' title='bbox 1140 3734 1215 3798; x_wconf 91' lang='lat' dir='ltr'>loqui,</span> 
     </span>
     <span class='ocr_line' id='line_1_36' title="bbox 167 3809 1213 3875; baseline -0.006 -15"><span class='ocrx_word' id='word_1_284' title='bbox 167 3811 198 3860; x_wconf 84' lang='lat' dir='ltr'>ad</span> <span class='ocrx_word' id='word_1_285' title='bbox 210 3827 259 3860; x_wconf 90' lang='lat' dir='ltr'>ver.</span> <span class='ocrx_word' id='word_1_286' title='bbox 269 3812 326 3860; x_wconf 88' lang='grc'><strong>577.</strong></span> <span class='ocrx_word' id='word_1_287' title='bbox 355 3811 410 3860; x_wconf 90' lang='lat' dir='ltr'>Sine</span> <span class='ocrx_word' id='word_1_288' title='bbox 421 3827 485 3859; x_wconf 83' lang='lat' dir='ltr'>nexu</span> <span class='ocrx_word' id='word_1_289' title='bbox 501 3812 663 3875; x_wconf 87' lang='lat' dir='ltr'>grammatico,</span> <span class='ocrx_word' id='word_1_290' title='bbox 711 3822 739 3861; x_wconf 90' lang='lat' dir='ltr'>ut</span> <span class='ocrx_word' id='word_1_291' title='bbox 748 3811 765 3860; x_wconf 92' lang='lat' dir='ltr'>i.</span> <span class='ocrx_word' id='word_1_292' title='bbox 775 3813 815 3860; x_wconf 87' lang='grc'>90.</span> <span class='ocrx_word' id='word_1_293' title='bbox 826 3828 873 3874; x_wconf 80' lang='lat' dir='ltr'>que</span> <span class='ocrx_word' id='word_1_294' title='bbox 884 3813 972 3859; x_wconf 81' lang='lat' dir='ltr'>vindice</span> <span class='ocrx_word' id='word_1_295' title='bbox 983 3810 1056 3864; x_wconf 84' lang='lat' dir='ltr'>nullo,</span> <span class='ocrx_word' id='word_1_296' title='bbox 1068 3809 1152 3870; x_wconf 83' lang='lat' dir='ltr'>Sponte</span> <span class='ocrx_word' id='word_1_297' title='bbox 1161 3825 1213 3861; x_wconf 80' lang='lat' dir='ltr'>suo.</span> 
     </span>
     <span class='ocr_line' id='line_1_37' title="bbox 168 3880 1213 3948; baseline -0.004 -16"><span class='ocrx_word' id='word_1_298' title='bbox 168 3892 276 3932; x_wconf 87' lang='lat' dir='ltr'>enatura</span> <span class='ocrx_word' id='word_1_299' title='bbox 290 3883 341 3940; x_wconf 82' lang='lat' dir='ltr'>irre,</span> <span class='ocrx_word' id='word_1_300' title='bbox 353 3900 407 3932; x_wconf 86' lang='lat' dir='ltr'>mox</span> <span class='ocrx_word' id='word_1_301' title='bbox 424 3884 570 3933; x_wconf 89' lang='lat' dir='ltr'>convertitur</span> <span class='ocrx_word' id='word_1_302' title='bbox 586 3885 617 3933; x_wconf 88' lang='lat' dir='ltr'>ud</span> <span class='ocrx_word' id='word_1_303' title='bbox 627 3886 662 3934; x_wconf 90' lang='lat' dir='ltr'>fa·</span> <span class='ocrx_word' id='word_1_304' title='bbox 711 3888 759 3933; x_wconf 85' lang='lat' dir='ltr'>siae</span> <span class='ocrx_word' id='word_1_305' title='bbox 776 3887 832 3948; x_wconf 81' lang='lat' dir='ltr'>lege,</span> <span class='ocrx_word' id='word_1_306' title='bbox 846 3893 872 3932; x_wconf 87' lang='lat' dir='ltr'>et</span> <span class='ocrx_word' id='word_1_307' title='bbox 885 3899 954 3933; x_wconf 89' lang='lat' dir='ltr'>versu</span> <span class='ocrx_word' id='word_1_308' title='bbox 967 3884 1023 3930; x_wconf 88' lang='grc'><strong>100.</strong></span> <span class='ocrx_word' id='word_1_309' title='bbox 1042 3880 1095 3942; x_wconf 84' lang='lat' dir='ltr'>Ipso</span> <span class='ocrx_word' id='word_1_310' title='bbox 1108 3897 1213 3942; x_wconf 83' lang='lat' dir='ltr'>per-se,</span> 
     </span>
     <span class='ocr_line' id='line_1_38' title="bbox 166 3954 1214 4020; baseline -0.003 -15"><span class='ocrx_word' id='word_1_311' title='bbox 166 3958 250 4005; x_wconf 88' lang='lat' dir='ltr'>mulos.</span> <span class='ocrx_word' id='word_1_312' title='bbox 294 3957 437 4018; x_wconf 66' lang='lat' dir='ltr'>Praecipitem</span> <span class='ocrx_word' id='word_1_313' title='bbox 456 3961 539 4019; x_wconf 83' lang='lat' dir='ltr'>rapite,</span> <span class='ocrx_word' id='word_1_314' title='bbox 561 3958 664 4007; x_wconf 85' lang='lat' dir='ltr'>maxima</span> <span class='ocrx_word' id='word_1_315' title='bbox 712 3958 753 4007; x_wconf 90' lang='lat' dir='ltr'>uhi</span> <span class='ocrx_word' id='word_1_316' title='bbox 764 3958 818 4006; x_wconf 92' lang='lat' dir='ltr'>vide</span> <span class='ocrx_word' id='word_1_317' title='bbox 829 3967 916 4007; x_wconf 88' lang='lat' dir='ltr'>notam.</span> <span class='ocrx_word' id='word_1_318' title='bbox 933 3958 964 4005; x_wconf 90' lang='lat' dir='ltr'>Et</span> <span class='ocrx_word' id='word_1_319' title='bbox 974 3972 1037 4005; x_wconf 88' lang='lat' dir='ltr'>nunc</span> <span class='ocrx_word' id='word_1_320' title='bbox 1046 3955 1143 4020; x_wconf 90' lang='lat' dir='ltr'>quidem</span> <span class='ocrx_word' id='word_1_321' title='bbox 1153 3954 1214 4003; x_wconf 92' lang='lat' dir='ltr'>illud</span> 
     </span>
     <span class='ocr_line' id='line_1_39' title="bbox 167 4027 1212 4098; baseline -0.001 -20"><span class='ocrx_word' id='word_1_322' title='bbox 167 4045 222 4078; x_wconf 89' lang='lat' dir='ltr'>cum</span> <span class='ocrx_word' id='word_1_323' title='bbox 232 4029 256 4078; x_wconf 92' lang='lat' dir='ltr'>vi</span> <span class='ocrx_word' id='word_1_324' title='bbox 267 4037 292 4076; x_wconf 93' lang='lat' dir='ltr'>et</span> <span class='ocrx_word' id='word_1_325' title='bbox 305 4029 426 4080; x_wconf 88' lang='lat' dir='ltr'>celeritate</span> <span class='ocrx_word' id='word_1_326' title='bbox 441 4031 539 4080; x_wconf 86' lang='lat' dir='ltr'>auferte.</span> <span class='ocrx_word' id='word_1_327' title='bbox 572 4032 662 4079; x_wconf 87' lang='lat' dir='ltr'>Demit-</span> <span class='ocrx_word' id='word_1_328' title='bbox 710 4041 786 4093; x_wconf 83' lang='lat' dir='ltr'>sponte</span> <span class='ocrx_word' id='word_1_329' title='bbox 797 4048 847 4088; x_wconf 86' lang='lat' dir='ltr'>suo,</span> <span class='ocrx_word' id='word_1_330' title='bbox 856 4031 881 4080; x_wconf 91' lang='lat' dir='ltr'>in</span> <span class='ocrx_word' id='word_1_331' title='bbox 893 4048 939 4098; x_wconf 90' lang='lat' dir='ltr'>quo</span> <span class='ocrx_word' id='word_1_332' title='bbox 950 4030 986 4080; x_wconf 90' lang='lat' dir='ltr'>vis</span> <span class='ocrx_word' id='word_1_333' title='bbox 997 4027 1112 4085; x_wconf 88' lang='lat' dir='ltr'>miraculi,</span> <span class='ocrx_word' id='word_1_334' title='bbox 1124 4044 1212 4093; x_wconf 87' lang='lat' dir='ltr'>urgen-</span> 
     </span>
     <span class='ocr_line' id='line_1_40' title="bbox 168 4104 839 4168; baseline 0.001 -17"><span class='ocrx_word' id='word_1_335' title='bbox 168 4106 209 4151; x_wconf 83' lang='lat' dir='ltr'>tite</span> <span class='ocrx_word' id='word_1_336' title='bbox 229 4107 298 4152; x_wconf 80' lang='lat' dir='ltr'>nocti.</span> <span class='ocrx_word' id='word_1_337' title='bbox 342 4104 455 4168; x_wconf 82' lang='lat' dir='ltr'>Virgilius</span> <span class='ocrx_word' id='word_1_338' title='bbox 474 4108 590 4153; x_wconf 79' lang='lat' dir='ltr'>demittere</span> <span class='ocrx_word' id='word_1_339' title='bbox 611 4122 662 4152; x_wconf 84' lang='lat' dir='ltr'>orco</span> <span class='ocrx_word' id='word_1_340' title='bbox 710 4104 768 4153; x_wconf 91' lang='lat' dir='ltr'>dum</span> <span class='ocrx_word' id='word_1_341' title='bbox 779 4113 839 4152; x_wconf 87' lang='lat' dir='ltr'>erat.</span> 
     </span>
    </p>
   </div>
   <div class='ocr_carea' id='block_1_4' title="bbox 167 4175 1211 4240">
    <p class='ocr_par' dir='ltr' id='par_1_5' title="bbox 167 4175 1211 4240">
     <span class='ocr_line' id='line_1_41' title="bbox 167 4175 1211 4240; baseline -0.001 -16"><span class='ocrx_word' id='word_1_342' title='bbox 167 4175 228 4224; x_wconf 83' lang='lat' dir='ltr'>dixit</span> <span class='ocrx_word' id='word_1_343' title='bbox 245 4175 342 4226; x_wconf 84' lang='lat' dir='ltr'>AEneid.</span> <span class='ocrx_word' id='word_1_344' title='bbox 360 4178 393 4226; x_wconf 83' lang='lat' dir='ltr'>ix.</span> <span class='ocrx_word' id='word_1_345' title='bbox 411 4179 474 4237; x_wconf 75' lang='lat'>5273</span> <span class='ocrx_word' id='word_1_346' title='bbox 501 4186 525 4225; x_wconf 87' lang='lat' dir='ltr'>et</span> <span class='ocrx_word' id='word_1_347' title='bbox 545 4181 661 4227; x_wconf 80' lang='lat' dir='ltr'>demittere</span> <span class='ocrx_word' id='word_1_348' title='bbox 744 4179 799 4227; x_wconf 90' lang='grc'><strong>701.</strong></span> <span class='ocrx_word' id='word_1_349' title='bbox 817 4181 909 4227; x_wconf 83' lang='lat' dir='ltr'>Perstat</span> <span class='ocrx_word' id='word_1_350' title='bbox 931 4177 1088 4240; x_wconf 71' lang='lat' dir='ltr'>Echionides]</span> <span class='ocrx_word' id='word_1_351' title='bbox 1123 4175 1211 4224; x_wconf 81' lang='lat' dir='ltr'>Exitus</span> 
     </span>
    </p>
   </div>
   <div class='ocr_carea' id='block_1_5' title="bbox 0 0 1410 5010">
    <p class='ocr_par' dir='ltr' id='par_1_6' title="bbox 0 0 1410 5010">
     <span class='ocr_line' id='line_1_42' title="bbox 0 0 1410 5010; baseline 0 1"><span class='ocrx_word' id='word_1_352' title='bbox 0 0 1410 5010; x_wconf 95' lang='lat' dir='ltr'> </span> 
     </span>
    </p>
   </div>
  </div>
 </body>
</html>
