2812 5010
174 325 240 391 xlvi
567 316 825 383 PRAEFATIO

174 479 287 572 vicem,
302 515 398 579 quam
418 494 459 556 ab
481 491 659 557 Ovidianis.
698 489 792 556 Alius
816 490 904 557 color
926 490 967 555 iis
986 502 1047 569 est,
1069 513 1154 577 quae,
1177 493 1221 557 iii.

176 614 328 691 582-691,
344 610 496 690 Acoetes3
511 609 604 687 alius,
619 632 704 695 quae,
718 632 749 674 v.
765 610 918 688 577-641,
934 607 1102 675 Arethusa
1115 609 1157 674 de
1170 633 1222 689 se;

177 732 270 810 alius,
285 754 358 817 quae
373 729 508 805 AEacus,
523 728 576 791 vii.
593 727 746 804 518-660,
761 727 803 791 de
821 736 913 811 peste
930 738 964 792 et
981 726 1225 813 Myrmidonum

178 872 308 918 suorum
322 849 463 934 origine;
478 845 559 911 alius
570 846 721 929 denique,
731 867 805 930 quae
817 843 993 929 Cephalus,
1004 845 1057 910 vii.
1068 846 1223 923 690862,

106 1044 109 1055 ¹
179 971 221 1036 de
232 967 388 1033 Procride
402 988 472 1042 sua,
483 965 638 1029 refemnt.
672 961 711 1026 In
726 961 829 1048 prima
843 972 975 1029 nautam
989 963 1031 1028 de
1045 964 1143 1028 rebus
1159 963 1225 1028 suis

179 1088 373 1174 garrientem
387 1095 421 1150 et
436 1106 532 1150 causa
544 1105 602 1147 sua
615 1081 771 1151 fidentem
784 1081 896 1146 audire
912 1082 971 1146 tibi
985 1082 1120 1160 rideris;
1137 1082 1226 1147 ideo·

179 1229 243 1294 que
257 1216 290 1271 et
304 1205 497 1292 ignoscimus
512 1202 605 1267 facile
618 1211 736 1286 poetae,
748 1200 836 1286 quod
852 1199 1000 1266 Penthea
1013 1199 1226 1265 furibundum

179 1324 284 1410 longis
307 1323 370 1388 illis
395 1322 596 1411 ambagibus
610 1343 705 1386 aures
735 1322 933 1406 praebentem
955 1319 1059 1385 finxit.
1109 1319 1227 1386 Altera

181 1441 384 1527 simplicitate
399 1450 448 1505 est
465 1439 647 1524 conspicua.
694 1439 733 1503 In
748 1438 860 1504 ultima
874 1438 1020 1505 adfectus
1035 1440 1227 1504 tenerrimus

180 1571 364 1625 narrantem
383 1561 425 1626 ab
447 1559 539 1624 initio
559 1582 661 1644 usque
682 1558 724 1623 ad
743 1558 840 1624 finem
859 1559 1001 1637 deducit,
1017 1559 1228 1644 studiumque

181 1678 321 1744 venandi
339 1675 519 1742 interlucet.
557 1676 808 1742 Narrationibus
828 1678 1027 1764 interpositae
1047 1689 1123 1743 sunt
1141 1677 1229 1744 loco·

181 1819 263 1873 rum,
284 1795 449 1866 homiuum
470 1817 641 1879 rerumque
662 1796 898 1882 descriptiones,
917 1820 991 1882 quae
1009 1796 1227 1876 multitudine,

183 1917 338 1980 varietate
363 1925 396 1979 et
417 1916 605 1999 praestantia
627 1938 686 1980 sua
706 1936 771 1980 non
797 1917 948 2001 exiguam
973 1917 1081 2001 operis
1102 1928 1229 2002 partem

183 2035 335 2100 efficiunt.
373 2033 587 2120 Quocumque
607 2032 717 2099 oculos
737 2033 981 2112 circumtuleris,
997 2035 1230 2120 descriptiones

182 2154 243 2220 tibi
269 2164 437 2218 occurrent
462 2155 528 2219 sive
549 2154 715 2239 imagines,
736 2176 810 2238 quae
834 2163 867 2218 te
890 2154 1059 2219 advertent
1084 2164 1118 2219 et
1139 2165 1230 2221 tene-

184 2274 276 2338 bunt.
313 2271 522 2336 Phantasiam
538 2282 644 2357 poetae
664 2273 697 2335 in
714 2272 752 2336 iis
769 2272 891 2336 enitere
904 2273 972 2357 jam
992 2295 1090 2358 supra
1108 2275 1231 2352 monui,

185 2391 243 2455 sed
268 2402 302 2455 et
322 2391 480 2476 judicium
504 2392 576 2476 ejus
599 2391 633 2454 in
657 2386 837 2477 deligendis
862 2392 1020 2476 partibus,
1044 2414 1086 2456 ex
1111 2393 1232 2477 quibus

185 2510 339 2595 imagines
353 2511 549 2595 compositae,
564 2522 662 2595 atque
676 2510 739 2574 vim
754 2509 913 2596 poeticam
930 2509 964 2575 in
981 2509 1019 2573 iis
1037 2511 1233 2575 exornandis

186 2628 337 2695 admirari
358 2628 443 2694 licet.
490 2629 529 2692 In
545 2630 635 2714 regia
652 2629 748 2705 Solis,
763 2628 795 2692 ii.
816 2627 928 2705 2530,
943 2649 1008 2693 non
1029 2651 1142 2692 aurum
1161 2652 1235 2694 rur-

187 2769 242 2810 sus
264 2746 357 2810 nobis
379 2758 413 2810 ct
433 2769 593 2831 pyropum
616 2747 767 2824 ostendit,
789 2747 859 2824 sed,
880 2756 918 2811 ut
937 2769 1102 2831 personas,
1122 2748 1234 2826 Diem,

188 2862 348 2940 Mensem,
363 2862 507 2943 Annum,
523 2864 652 2943 Secula,
673 2864 793 2944 Horas,
810 2866 890 2943 Ver,
907 2865 1082 2943 AEstatem,
1095 2865 1237 2932 Autum-

189 3004 276 3057 num,
302 2980 461 3046 Hiemem.
513 2983 593 3047 Alas
620 2983 761 3063 Daedall,
781 2986 843 3053 viii.
871 2986 943 3061 189,
970 2984 1112 3049 ostendit
1141 2987 1236 3050 nobis

189 3100 278 3163 suavi
292 3098 496 3164 similitudine
510 3101 716 3186 interposita:
738 3103 795 3167 Sic
808 3103 929 3167 rustica
944 3104 1098 3187 quondam
1107 3103 1237 3168 Fistula

189 3216 372 3300 disparibus
393 3217 554 3301 paulatim
577 3219 683 3306 surgit
703 3220 820 3284 coenis.
866 3220 920 3285 De
944 3242 1024 3305 apro
1045 3220 1237 3305 Calydonio,

189 3333 253 3397 viii.
269 3334 401 3411 asa-97,
418 3344 486 3398 tum
503 3334 636 3414 33840,
657 3336 702 3400 nil
721 3349 887 3416 memorat,
905 3338 967 3402 nisi
989 3339 1077 3424 quod
1097 3339 1139 3403 ad
1162 3361 1239 3403 con·

189 3451 294 3516 silium
317 3453 476 3535 pertinet;
499 3454 562 3519 hoc
583 3468 643 3533 est,
666 3458 754 3543 quod
776 3455 930 3535 declarat,
955 3480 1051 3541 quam
1075 3456 1239 3522 horrenda

191 3569 289 3634 fuerit
303 3568 422 3646 bellua,
438 3583 594 3656 quantum
607 3574 758 3638 damnum
773 3573 917 3639 attulerit
934 3576 1031 3659 agris,
1046 3585 1080 3638 et
1095 3584 1175 3659 quot
1186 3576 1240 3660 ju·

67 3721 68 3725 ,
191 3711 308 3752 venum
329 3711 488 3754 concursu
507 3714 590 3777 opus
607 3692 704 3757 fuerit
724 3694 767 3758 ad
786 3673 857 3758 eam
878 3691 1112 3785 debellandam.
1160 3692 1239 3769 Sed,

192 3817 229 3870 ut
248 3808 316 3891 jam
330 3806 410 3884 dixi,
424 3819 527 3873 totum
547 3833 675 3876 carmen
693 3812 851 3896 ejusmodi
865 3811 1038 3875 luminibus
1053 3811 1241 3875 distinctum

124 3926 127 3931 ’
192 3935 252 4001 est,
268 3946 373 4009 neque
388 3926 469 3989 adeo
479 3937 541 4003 est,
552 3929 642 4011 quod
657 3928 751 4013 plura
761 3931 830 4013 jam
843 3951 1036 4016 recenseam.

237 4042 348 4106 Etiam
361 4044 394 4107 in
408 4044 586 4129 adfectibus
605 4049 721 4112 mentis
738 4035 898 4127 humanae,
915 4059 980 4112 tam
994 4047 1134 4111 motibus
1152 4056 1243 4110 tene·
