2812 5010
356 305 824 395 METAMORPHOSEQN
848 305 939 370 LIB.
962 305 1025 371 IV.
1146 306 1213 375 315

174 483 356 558 Constitit
374 482 571 583 Hesperio,
589 482 713 579 regnis
732 480 908 568 Atlantis,
927 480 965 554 in
984 479 1095 569 orbe;

174 599 437 697 Exiguumque
456 600 551 699 petit
568 598 750 697 requiem,
770 598 861 671 dum
880 595 1149 694 Lucifer'ignes

174 714 317 790 Evocet
333 714 501 803 Aurorae,
521 740 650 789 currus
667 714 999 789 Auroradiurnos.

165 829 248 914 Hie
266 829 459 904 hominum
474 841 629 905 cunctos
648 829 791 926 ingenti
810 854 965 928 corpore
981 838 1166 928 praestans

174 944 428 1044 Iapetionides
443 945 552 1020 Atlas
570 945 661 1019 fuit:
690 945 827 1019 ultima
838 946 950 1019 tellus
1142 948 1213 1018 631

175 1061 282 1158 Rege
301 1065 370 1136 sub
388 1064 473 1149 hoc,
492 1073 531 1138 et
547 1073 685 1161 pontus
703 1072 795 1148 erat,
815 1061 880 1159 qui
896 1060 995 1134 Solis
1014 1059 1158 1133 anhelis

175 1174 340 1274 AEquora
357 1178 486 1251 subdit
503 1176 623 1275 equis
644 1187 683 1250 et
700 1176 818 1250 fessos
837 1177 979 1275 exeipit
996 1200 1100 1249 axes,

175 1290 284 1366 Mille
302 1318 434 1390 greges
454 1293 519 1379 illi,
539 1293 773 1389 totidemque
793 1303 962 1366 armenta
978 1315 1046 1391 per
1063 1290 1199 1363 herbas

177 1406 382 1497 Errabant;
404 1420 443 1483 et
455 1411 612 1483 humum
622 1411 757 1483 vicinia
771 1411 875 1483 nulla
891 1410 1123 1507 premebant.
1143 1411 1218 1481 635

177 1523 355 1596 Arboreae
374 1524 537 1612 frondes
559 1550 648 1599 auro
666 1526 834 1599 radiante
851 1525 1026 1611 virentes
1069 1549 1070 1552 ¹

178 1637 238 1711 Ex
256 1662 345 1714 auro
363 1664 498 1727 ramos,
515 1665 563 1713 ex
578 1665 667 1715 auro
685 1665 799 1739 poma
815 1642 1007 1738 tegebant.

1231 1893 1243 1915 4

178 1920 291 1986 sequitur.
313 1922 398 1987 Virgil.
414 1923 501 1989 Georg.
517 1925 535 1974 i.
550 1927 611 1974 388:
632 1926 674 1974 Vo-
724 1926 766 1976 stri
785 1926 864 1990 Regii,
882 1927 994 1988 premebat
1008 1924 1094 1973 uicinia
1112 1922 1137 1970 in
1152 1921 1220 1970 femi·

178 2005 215 2042 cat
223 1997 327 2057 pluvium
338 2002 426 2046 cornia.
725 2000 780 2051 nino
796 2016 889 2065 genere.
923 2001 1029 2046 Premere
1038 1996 1167 2061 eleganter,
1178 2010 1221 2061 pro

209 2071 266 2118 630.
277 2070 373 2120 Cunctos
384 2072 517 2135 boninum]
531 2071 616 2121 Graeco
623 2087 674 2122 mo·
724 2077 849 2131 includere,
861 2090 968 2122 coercm.

177 2159 210 2191 re.
227 2143 597 2206 Liv.xxx.9.erpeditimilituni.
614 2148 674 2197 Lea·
756 2150 812 2198 636.
833 2150 936 2196 Arboreae
950 2147 1056 2212 frondes,
1073 2144 1136 2207 eim]
1160 2143 1220 2191 Haec

178 2216 211 2264 tio
221 2216 318 2265 Codicis
328 2218 358 2266 B.
367 2229 448 2274 eustos
455 2220 505 2267 sola
513 2218 606 2268 sincera
616 2221 674 2269 mihi
724 2231 779 2270 sunt
789 2222 831 2270 illa
845 2238 915 2270 aurea
927 2239 999 2282 poma,
1010 2236 1063 2284 quae
1075 2218 1116 2268 alii
1129 2218 1220 2281 Hespe·

178 2290 288 2340 videtur:
306 2292 369 2357 apud
379 2295 509 2342 Homerum
520 2293 583 2342 enim
593 2303 618 2343 et
629 2311 673 2343 cae·
724 2295 823 2353 ridibus,
835 2295 942 2344 Atlantis
959 2295 1063 2350 filiabus,
1077 2291 1221 2341 tribuebant.

180 2372 242 2414 ieros
269 2373 360 2431 poetas,
386 2383 453 2432 reges
482 2375 537 2416 sunt
563 2366 677 2434 ποιμένες
725 2373 839 2420 Veterum
856 2370 897 2418 alii
916 2371 989 2418 citrea
1005 2368 1042 2416 vel
1060 2365 1169 2415 aurantia
1183 2364 1219 2412 in-

179 2441 259 2498 λαῶν,
272 2450 387 2506 pastores,
404 2441 512 2491 custodes
529 2442 677 2508 populorum.
726 2443 858 2507 telligenda
872 2459 924 2492 esse
941 2442 1064 2508 putabant,
1075 2439 1165 2488 Athen.
1179 2438 1223 2487 lib.

179 2515 256 2572 Atlas,
273 2514 352 2580 Iapeti
370 2514 441 2572 filius,
458 2514 610 2564 Mauritaniae
627 2532 676 2574 rex,
724 2516 758 2566 iii.
775 2535 800 2583 p.
819 2519 850 2565 82
872 2534 908 2581 sq.
925 2516 965 2565 alii
988 2531 1044 2564 oves
1059 2511 1223 2580 praestantissi-

180 2603 261 2653 quem‚
273 2604 346 2652 quum
355 2588 509 2638 Astronomioe
524 2595 585 2638 esset
602 2589 677 2637 studi-
726 2606 777 2639 mas
795 2592 874 2640 colore
893 2591 982 2649 rutilo,
998 2586 1073 2655 poetis
1089 2587 1151 2635 enim
1166 2601 1222 2634 oves

180 2678 244 2724 osus,
261 2661 423 2727 sphaeramque
442 2661 578 2719 invenisset,
589 2662 677 2711 coelum
725 2667 795 2730 μῆλα
807 2665 955 2713 dicebantur.
972 2662 1073 2712 Diodor.
1081 2661 1113 2710 iv.
1124 2677 1149 2726 p.
1158 2661 1223 2720 2333

180 2735 287 2785 humeris
311 2735 425 2784 sustinere
449 2744 524 2799 poetae
551 2736 676 2785 finxerunt.
725 2739 834 2804 Palaeph.
845 2742 882 2789 19.
900 2741 980 2797 Quum
988 2755 1054 2800 panna
1062 2735 1176 2785 anreabis
1185 2749 1223 2782 ar-

181 2809 220 2859 Sic
237 2809 292 2858 Cic.
306 2809 377 2858 Tnsc.
387 2826 411 2858 v.
426 2811 458 2870 ³5
475 2809 559 2858 Isidor.
572 2809 614 2858 lib.
628 2809 677 2858 riv.
726 2812 821 2861 boribus
832 2813 888 2861 data
899 2821 985 2869 essent,
998 2810 1039 2860 alii
1050 2809 1174 2875 etfrondes
1184 2825 1223 2856 ra-

181 2898 236 2950 cap.
254 2885 277 2932 8.
320 2883 415 2942 Ultima.
438 2883 501 2934 Vide
523 2882 599 2931 adii.
620 2885 677 2933 254.
726 2887 939 2950 marquefinxerunt
949 2903 978 2935 ex
989 2885 1107 2934 eoeodem
1116 2882 1224 2931 metallo.

182 2959 272 3007 Pontus
281 2974 370 3020 muare
379 2960 463 3015 subdit,
474 2957 594 3014 subditse,
603 2973 678 3022 aquas
727 2961 757 3008 In
776 2961 923 3009 Mauritania
943 2960 1022 3009 hortos
1046 2958 1100 3006 illos
1121 2955 1224 3006 colloca-

181 3048 246 3088 snas,
257 3031 328 3081 undis
338 3032 385 3080 suis
396 3031 485 3097 excipit
495 3048 576 3096 equos
592 3032 677 3096 Virgil.
727 3042 782 3083 runt
799 3044 823 3082 et
839 3034 889 3093 alii,
906 3044 933 3084 nt
949 3034 1049 3090 Plinius,
1059 3031 1122 3080 Hist.
1132 3031 1191 3080 Nat.
1200 3046 1224 3079 v.

182 3105 282 3156 AEneid.
292 3107 382 3155 ulos:
397 3111 480 3170 premit
489 3108 679 3169 placidaeqnora
729 3110 752 3158 5.
769 3109 799 3157 de
817 3108 886 3167 Lixo,
906 3108 970 3157 illius
988 3115 1055 3155 terrae
1074 3106 1141 3163 urbe,
1156 3107 1189 3152 ibi
1203 3113 1225 3153 et

181 3190 273 3242 pontus,
291 3180 376 3247 premit
391 3197 446 3230 suas
460 3181 545 3237 undas,
557 3188 584 3228 ut
600 3180 678 3244 quies·
730 3183 881 3244 Hesperidum
897 3185 957 3232 horti
964 3200 973 3242 ,·
991 3180 1098 3230 nonnulli
1112 3179 1138 3228 in
1151 3180 1226 3244 Cyre·

182 3262 247 3304 cant.
284 3256 368 3302 Annii
386 3259 437 3318 equi
454 3254 505 3320 jam
527 3253 610 3302 orienti
630 3254 679 3302 Soli
729 3256 808 3312 naicrn
833 3256 946 3322 Apollod.
967 3254 1028 3303 inter
1054 3254 1226 3319 Hyperboreos,

183 3326 680 3392 danturaVirgilio,Georg.i.250.Fessi
729 3330 772 3378 sed
787 3330 932 3395 antiquiores
948 3331 973 3379 in
985 3328 1065 3378 insula
1075 3327 1165 3377 Oceani
1176 3329 1225 3377 Oc·
1268 3367 1271 3371 ,

177 3419 243 3461 ωε,
254 3400 352 3466 utferse
362 3418 431 3451 cursu
442 3419 517 3450 naues.
532 3400 634 3458 Plinius,
644 3402 678 3451 V.
730 3402 863 3463 ¹cidentalis.
896 3403 996 3453 Hesiod.
1007 3400 1054 3451 Th.
1068 3402 1126 3449 215.
1144 3397 1226 3465 πέρην

183 3477 229 3543 Ep.
240 3476 273 3525 vi.
286 3477 316 3523 14
326 3493 332 3523 :
351 3480 497 3538 aurussputio
508 3478 554 3537 ipso
565 3476 640 3524 lusam.
730 3478 820 3526 κλυτοῦ
828 3476 964 3527 Ὠκεανοῖο.
982 3476 1021 3525 Sic
1028 3484 1053 3525 et
1059 3474 1224 3538 Pherecydes:

216 3551 276 3599 635.
295 3550 383 3598 Errare
400 3551 499 3599 verbum
520 3549 639 3614 proprium
656 3557 681 3598 et
730 3549 779 3598 vid.
799 3551 898 3598 Salmas.
912 3549 1028 3599 Exercitt.
1056 3547 1119 3596 Plin.
1136 3563 1160 3612 p.
1177 3547 1225 3595 20⁷

183 3624 280 3688 elegans
296 3622 327 3672 de
338 3623 448 3688 gregibus
462 3633 486 3673 et
497 3622 614 3680 armentis,
626 3639 679 3688 qnae
731 3632 755 3671 et
771 3625 829 3672 671.
863 3625 928 3672 Auro
948 3625 1054 3672 radiante
1072 3625 1169 3682 virentes
1184 3635 1227 3670 ex-

182 3705 313 3764 pascuntur
322 3696 346 3744 in
357 3705 432 3763 prato.
459 3697 582 3762 Virgilius,
593 3698 681 3761 Georg.
731 3698 827 3763 quisita,
851 3709 937 3747 auree.
973 3697 1051 3745 Vicere
1069 3697 1130 3744 bene
1147 3695 1227 3744 delec-

183 3771 201 3821 i.
219 3774 265 3821 15:
283 3773 322 3819 eui
343 3771 386 3818 Ter
402 3782 493 3820 centurn
511 3775 572 3820 niuei
589 3775 682 3820 tondent
731 3781 790 3830 tum,
801 3771 859 3838 quia
868 3780 893 3821 et
906 3770 1027 3820 frondibus
1038 3778 1063 3819 et
1073 3767 1175 3817 metallis
1185 3783 1227 3833 ap·

183 3849 277 3894 dumeta
290 3848 397 3907 juvenci.
421 3844 508 3893 Priscis
526 3854 604 3894 autem
622 3853 681 3893 tern-
731 3856 789 3897 tum.
817 3845 946 3896 Claudian.
956 3862 1028 3894 xxxv.
1039 3846 1105 3894 291:
1124 3842 1227 3907 Fulgen-

183 3919 287 3985 poribus,
307 3935 387 3986 greges
403 3928 428 3968 et
445 3928 548 3968 armenta
568 3919 681 3968 maximae
732 3924 840 3971 lesuiridi
852 3937 925 3969 ramos
936 3929 1031 3969 mereata
1041 3919 1142 3968 metallo.
1162 3918 1228 3965 Auro

182 3996 286 4060 ipsorum
302 4010 384 4061 regum
401 4011 466 4060 opes.
502 3996 592 4044 Vicinia
606 3997 680 4053 nulia,
731 3995 845 4062 repetitur
859 3994 903 4052 sic,
914 4002 943 4043 ut
954 3994 979 4043 ii.
992 3994 1047 4044 107.
1080 3990 1183 4041 Frandes
1200 3996 1227 4063 ut

183 4069 241 4135 qnia
265 4070 291 4119 in
316 4078 422 4120 extremo
441 4069 497 4119 orbe
517 4077 630 4118 terrarum
651 4069 682 4118 ad
732 4073 820 4129 vestire,
840 4069 917 4120 itaet
936 4079 1010 4136 tegere
1029 4070 1123 4118 arbores
1143 4064 1227 4115 dana·

183 4145 309 4196 Oceanum
318 4145 451 4195 habitabat.
473 4146 616 4199 Prunebant.
632 4143 682 4193 No·
732 4153 780 4196 tur.
