<?xml version="1.0" encoding="UTF-8"?>
<!DOCTYPE html PUBLIC "-//W3C//DTD XHTML 1.0 Transitional//EN"
    "http://www.w3.org/TR/xhtml1/DTD/xhtml1-transitional.dtd">
<html xmlns="http://www.w3.org/1999/xhtml" xml:lang="en" lang="en">
 <head>
  <title>
</title>
<meta http-equiv="Content-Type" content="text/html;charset=utf-8" />
  <meta name='ocr-system' content='tesseract 3.04.00' />
  <meta name='ocr-capabilities' content='ocr_page ocr_carea ocr_par ocr_line ocrx_word'/>
</head>
<body>
  <div class='ocr_page' id='page_1' title='image "./povidiinasoniso04burmgoog_0473.png"; bbox 0 0 2812 5010; ppageno 0'>
   <div class='ocr_carea' id='block_1_1' title="bbox 263 329 1043 420">
    <p class='ocr_par' dir='ltr' id='par_1_1' title="bbox 263 329 1043 420">
     <span class='ocr_line' id='line_1_1' title="bbox 263 329 1043 420; baseline -0.006 -20"><span class='ocrx_word' id='word_1_1' title='bbox 263 335 345 420; x_wconf 73' lang='grc' dir='ltr'>Ι462</span> <span class='ocrx_word' id='word_1_2' title='bbox 467 384 471 395; x_wconf 91' lang='grc'><strong>.</strong></span> <span class='ocrx_word' id='word_1_3' title='bbox 531 333 616 399; x_wconf 92' lang='lat' dir='ltr'>.P.</span> <span class='ocrx_word' id='word_1_4' title='bbox 640 330 804 397; x_wconf 85' lang='lat' dir='ltr'><strong>OVIDII</strong></span> <span class='ocrx_word' id='word_1_5' title='bbox 827 329 1043 396; x_wconf 89' lang='lat' dir='ltr'>NASONIS</span> 
     </span>
    </p>
   </div>
   <div class='ocr_carea' id='block_1_2' title="bbox 249 503 1332 1983">
    <p class='ocr_par' dir='ltr' id='par_1_2' title="bbox 279 503 1331 1051">
     <span class='ocr_line' id='line_1_2' title="bbox 280 503 1331 603; baseline -0.004 -23"><span class='ocrx_word' id='word_1_6' title='bbox 280 507 333 580; x_wconf 90' lang='lat' dir='ltr'>At</span> <span class='ocrx_word' id='word_1_7' title='bbox 350 506 507 603; x_wconf 88' lang='lat' dir='ltr'>genitor,</span> <span class='ocrx_word' id='word_1_8' title='bbox 524 507 744 600; x_wconf 89' lang='lat' dir='ltr'>quanquam</span> <span class='ocrx_word' id='word_1_9' title='bbox 760 503 909 577; x_wconf 88' lang='lat' dir='ltr'>laetatur</span> <span class='ocrx_word' id='word_1_10' title='bbox 927 504 1070 602; x_wconf 90' lang='lat' dir='ltr'>sospite</span> <span class='ocrx_word' id='word_1_11' title='bbox 1088 511 1190 589; x_wconf 91' lang='lat' dir='ltr'>nat0,</span> <span class='ocrx_word' id='word_1_12' title='bbox 1258 506 1331 576; x_wconf 82' lang='lat'>425</span> 
     </span>
     <span class='ocr_line' id='line_1_3' title="bbox 279 617 1118 715; baseline -0.004 -22"><span class='ocrx_word' id='word_1_13' title='bbox 279 621 478 695; x_wconf 90' lang='lat' dir='ltr'>Attonitus</span> <span class='ocrx_word' id='word_1_14' title='bbox 496 629 654 706; x_wconf 90' lang='lat' dir='ltr'>tanturn,</span> <span class='ocrx_word' id='word_1_15' title='bbox 673 618 740 692; x_wconf 92' lang='lat' dir='ltr'>leti</span> <span class='ocrx_word' id='word_1_16' title='bbox 757 617 974 691; x_wconf 86' lang='lat' dir='ltr'>discrimine</span> <span class='ocrx_word' id='word_1_17' title='bbox 991 641 1118 715; x_wconf 92' lang='lat' dir='ltr'>parvo,</span> 
     </span>
     <span class='ocr_line' id='line_1_4' title="bbox 282 731 1199 831; baseline -0.005 -21"><span class='ocrx_word' id='word_1_18' title='bbox 282 734 481 810; x_wconf 87' lang='lat' dir='ltr'>Committi</span> <span class='ocrx_word' id='word_1_19' title='bbox 500 734 668 831; x_wconf 90' lang='lat' dir='ltr'>potuisse</span> <span class='ocrx_word' id='word_1_20' title='bbox 683 731 801 819; x_wconf 78' lang='lat' dir='ltr'>nesea,</span> <span class='ocrx_word' id='word_1_21' title='bbox 815 731 918 807; x_wconf 87' lang='lat' dir='ltr'>fovet</span> <span class='ocrx_word' id='word_1_22' title='bbox 933 733 1084 829; x_wconf 86' lang='lat' dir='ltr'>ignibus</span> <span class='ocrx_word' id='word_1_23' title='bbox 1102 755 1199 818; x_wconf 89' lang='lat' dir='ltr'>aras,</span> 
     </span>
     <span class='ocr_line' id='line_1_5' title="bbox 280 846 1285 946; baseline -0.006 -22"><span class='ocrx_word' id='word_1_24' title='bbox 280 849 585 945; x_wconf 82' lang='lat' dir='ltr'>Muneribusque</span> <span class='ocrx_word' id='word_1_25' title='bbox 604 849 707 922; x_wconf 90' lang='lat' dir='ltr'>Deos</span> <span class='ocrx_word' id='word_1_26' title='bbox 726 848 879 946; x_wconf 91' lang='lat' dir='ltr'>implet;</span> <span class='ocrx_word' id='word_1_27' title='bbox 901 846 1115 945; x_wconf 86' lang='lat' dir='ltr'>feriuntque</span> <span class='ocrx_word' id='word_1_28' title='bbox 1130 870 1285 921; x_wconf 90' lang='lat' dir='ltr'>secures</span> 
     </span>
     <span class='ocr_line' id='line_1_6' title="bbox 282 962 1200 1051; baseline -0.004 -12"><span class='ocrx_word' id='word_1_29' title='bbox 282 966 392 1039; x_wconf 87' lang='lat' dir='ltr'>Colla</span> <span class='ocrx_word' id='word_1_30' title='bbox 408 976 534 1039; x_wconf 82' lang='lat' dir='ltr'>torosa</span> <span class='ocrx_word' id='word_1_31' title='bbox 551 964 679 1051; x_wconf 90' lang='lat' dir='ltr'>bourn,</span> <span class='ocrx_word' id='word_1_32' title='bbox 698 962 909 1038; x_wconf 89' lang='lat' dir='ltr'>vinetorum</span> <span class='ocrx_word' id='word_1_33' title='bbox 927 987 1067 1036; x_wconf 90' lang='lat' dir='ltr'>cornua</span> <span class='ocrx_word' id='word_1_34' title='bbox 1083 962 1200 1036; x_wconf 90' lang='lat' dir='ltr'>vittis.</span> 
     </span>
    </p>

    <p class='ocr_par' dir='ltr' id='par_1_3' title="bbox 280 1077 1332 1292">
     <span class='ocr_line' id='line_1_7' title="bbox 282 1077 1332 1155; baseline -0.009 0"><span class='ocrx_word' id='word_1_35' title='bbox 282 1082 320 1155; x_wconf 94' lang='lat' dir='ltr'>N</span> <span class='ocrx_word' id='word_1_36' title='bbox 322 1082 420 1154; x_wconf 91' lang='lat' dir='ltr'>ullus</span> <span class='ocrx_word' id='word_1_37' title='bbox 440 1078 682 1154; x_wconf 88' lang='lat' dir='ltr'>Erechthidis</span> <span class='ocrx_word' id='word_1_38' title='bbox 700 1078 816 1153; x_wconf 83' lang='lat' dir='ltr'>fertur</span> <span class='ocrx_word' id='word_1_39' title='bbox 833 1078 1056 1152; x_wconf 84' lang='lat' dir='ltr'>celebratior</span> <span class='ocrx_word' id='word_1_40' title='bbox 1072 1077 1136 1150; x_wconf 92' lang='lat' dir='ltr'>illo</span> <span class='ocrx_word' id='word_1_41' title='bbox 1260 1079 1332 1148; x_wconf 78' lang='lat'>430</span> 
     </span>
     <span class='ocr_line' id='line_1_8' title="bbox 280 1193 1096 1292; baseline -0.005 -23"><span class='ocrx_word' id='word_1_42' title='bbox 280 1196 458 1270; x_wconf 86' lang='lat' dir='ltr'>Illuxisse</span> <span class='ocrx_word' id='word_1_43' title='bbox 476 1196 580 1269; x_wconf 89' lang='lat' dir='ltr'>dies:</span> <span class='ocrx_word' id='word_1_44' title='bbox 610 1194 753 1291; x_wconf 90' lang='lat' dir='ltr'>agitant</span> <span class='ocrx_word' id='word_1_45' title='bbox 770 1193 940 1268; x_wconf 89' lang='lat' dir='ltr'>convivia</span> <span class='ocrx_word' id='word_1_46' title='bbox 957 1203 1096 1292; x_wconf 88' lang='lat' dir='ltr'>patres,</span> 
     </span>
    </p>

    <p class='ocr_par' dir='ltr' id='par_1_4' title="bbox 249 1299 1330 1983">
     <span class='ocr_line' id='line_1_9' title="bbox 249 1299 1251 1406; baseline -0.007 -23"><span class='ocrx_word' id='word_1_47' title='bbox 249 1299 253 1306; x_wconf 59' lang='grc'><strong>’</strong></span> <span class='ocrx_word' id='word_1_48' title='bbox 280 1309 333 1384; x_wconf 89' lang='lat' dir='ltr'>Et</span> <span class='ocrx_word' id='word_1_49' title='bbox 349 1311 517 1385; x_wconf 90' lang='lat' dir='ltr'>medium</span> <span class='ocrx_word' id='word_1_50' title='bbox 534 1310 694 1406; x_wconf 83' lang='lat' dir='ltr'>vulgus3</span> <span class='ocrx_word' id='word_1_51' title='bbox 724 1332 795 1381; x_wconf 92' lang='lat' dir='ltr'>nec</span> <span class='ocrx_word' id='word_1_52' title='bbox 813 1334 889 1382; x_wconf 92' lang='lat' dir='ltr'>non</span> <span class='ocrx_word' id='word_1_53' title='bbox 907 1319 947 1382; x_wconf 92' lang='lat' dir='ltr'>et</span> <span class='ocrx_word' id='word_1_54' title='bbox 964 1306 1143 1393; x_wconf 90' lang='lat' dir='ltr'>carmina,</span> <span class='ocrx_word' id='word_1_55' title='bbox 1161 1305 1251 1378; x_wconf 92' lang='lat' dir='ltr'>vino</span> 
     </span>
     <span class='ocr_line' id='line_1_10' title="bbox 279 1420 1330 1522; baseline -0.006 -25"><span class='ocrx_word' id='word_1_56' title='bbox 279 1424 482 1522; x_wconf 88' lang='lat' dir='ltr'>Ingenium</span> <span class='ocrx_word' id='word_1_57' title='bbox 499 1423 674 1509; x_wconf 83' lang='lat' dir='ltr'>faciente,</span> <span class='ocrx_word' id='word_1_58' title='bbox 687 1433 849 1497; x_wconf 87' lang='lat' dir='ltr'>canunt:</span> <span class='ocrx_word' id='word_1_59' title='bbox 872 1432 896 1461; x_wconf 92' lang='lat'><strong>“</strong></span> <span class='ocrx_word' id='word_1_60' title='bbox 909 1422 977 1510; x_wconf 89' lang='lat' dir='ltr'>Te,</span> <span class='ocrx_word' id='word_1_61' title='bbox 989 1422 1153 1497; x_wconf 83' lang='lat' dir='ltr'>maxime</span> <span class='ocrx_word' id='word_1_62' title='bbox 1168 1420 1330 1504; x_wconf 85' lang='lat' dir='ltr'>Theseu,</span> 
     </span>
     <span class='ocr_line' id='line_1_11' title="bbox 279 1535 1213 1636; baseline -0.002 -24"><span class='ocrx_word' id='word_1_63' title='bbox 279 1538 421 1614; x_wconf 89' lang='lat' dir='ltr'>Mirata</span> <span class='ocrx_word' id='word_1_64' title='bbox 437 1551 497 1614; x_wconf 94' lang='lat' dir='ltr'>est</span> <span class='ocrx_word' id='word_1_65' title='bbox 514 1538 717 1612; x_wconf 83' lang='lat' dir='ltr'>Marathon</span> <span class='ocrx_word' id='word_1_66' title='bbox 736 1538 874 1613; x_wconf 83' lang='lat' dir='ltr'>Gretaei</span> <span class='ocrx_word' id='word_1_67' title='bbox 892 1537 1074 1636; x_wconf 88' lang='lat' dir='ltr'>sanguine</span> <span class='ocrx_word' id='word_1_68' title='bbox 1092 1535 1213 1610; x_wconf 90' lang='lat' dir='ltr'>tauri:</span> 
     </span>
     <span class='ocr_line' id='line_1_12' title="bbox 280 1653 1328 1752; baseline -0.007 -24"><span class='ocrx_word' id='word_1_69' title='bbox 280 1653 469 1752; x_wconf 85' lang='lat' dir='ltr'>Quodque</span> <span class='ocrx_word' id='word_1_70' title='bbox 485 1653 562 1728; x_wconf 89' lang='lat' dir='ltr'>suis</span> <span class='ocrx_word' id='word_1_71' title='bbox 576 1679 731 1728; x_wconf 88' lang='lat' dir='ltr'>securus</span> <span class='ocrx_word' id='word_1_72' title='bbox 744 1666 826 1728; x_wconf 92' lang='lat' dir='ltr'>erat</span> <span class='ocrx_word' id='word_1_73' title='bbox 839 1655 1056 1752; x_wconf 86' lang='lat' dir='ltr'>Cromyona</span> <span class='ocrx_word' id='word_1_74' title='bbox 1073 1654 1245 1737; x_wconf 91' lang='lat' dir='ltr'>colonus,</span> <span class='ocrx_word' id='word_1_75' title='bbox 1257 1653 1328 1722; x_wconf 85' lang='grc'>435</span> 
     </span>
     <span class='ocr_line' id='line_1_13' title="bbox 280 1767 1319 1867; baseline -0.003 -27"><span class='ocrx_word' id='word_1_76' title='bbox 280 1767 423 1841; x_wconf 90' lang='lat' dir='ltr'>Munus</span> <span class='ocrx_word' id='word_1_77' title='bbox 441 1793 612 1867; x_wconf 91' lang='lat' dir='ltr'>opusque</span> <span class='ocrx_word' id='word_1_78' title='bbox 625 1778 733 1843; x_wconf 92' lang='lat' dir='ltr'>tuum</span> <span class='ocrx_word' id='word_1_79' title='bbox 751 1779 827 1843; x_wconf 91' lang='lat' dir='ltr'>est:</span> <span class='ocrx_word' id='word_1_80' title='bbox 848 1770 959 1842; x_wconf 89' lang='lat' dir='ltr'>tellus</span> <span class='ocrx_word' id='word_1_81' title='bbox 972 1767 1179 1867; x_wconf 88' lang='lat' dir='ltr'>Epidauria</span> <span class='ocrx_word' id='word_1_82' title='bbox 1195 1788 1265 1865; x_wconf 93' lang='lat' dir='ltr'>per</span> <span class='ocrx_word' id='word_1_83' title='bbox 1281 1774 1319 1838; x_wconf 90' lang='lat' dir='ltr'>te</span> 
     </span>
     <span class='ocr_line' id='line_1_14' title="bbox 280 1882 1239 1983; baseline 0.002 -28"><span class='ocrx_word' id='word_1_84' title='bbox 280 1882 518 1980; x_wconf 86' lang='lat' dir='ltr'>Clavigeram</span> <span class='ocrx_word' id='word_1_85' title='bbox 535 1883 630 1956; x_wconf 89' lang='lat' dir='ltr'>vidit</span> <span class='ocrx_word' id='word_1_86' title='bbox 645 1882 807 1960; x_wconf 92' lang='lat' dir='ltr'>Vulcani</span> <span class='ocrx_word' id='word_1_87' title='bbox 825 1885 1051 1958; x_wconf 89' lang='lat' dir='ltr'>occumbere</span> <span class='ocrx_word' id='word_1_88' title='bbox 1070 1885 1239 1983; x_wconf 89' lang='lat' dir='ltr'>prolem:</span> 
     </span>
    </p>
   </div>
   <div class='ocr_carea' id='block_1_3' title="bbox 198 2097 1330 4230">
    <p class='ocr_par' dir='ltr' id='par_1_5' title="bbox 198 2097 1330 4230">
     <span class='ocr_line' id='line_1_15' title="bbox 281 2097 1329 2169; baseline 0.001 -22"><span class='ocrx_word' id='word_1_89' title='bbox 281 2114 382 2163; x_wconf 88' lang='lat' dir='ltr'>regnum</span> <span class='ocrx_word' id='word_1_90' title='bbox 390 2101 477 2152; x_wconf 86' lang='lat' dir='ltr'>reddit.</span> <span class='ocrx_word' id='word_1_91' title='bbox 501 2101 661 2152; x_wconf 86' lang='lat' dir='ltr'>SedOvidins</span> <span class='ocrx_word' id='word_1_92' title='bbox 670 2101 721 2152; x_wconf 82' lang='lat' dir='ltr'>lata</span> <span class='ocrx_word' id='word_1_93' title='bbox 731 2102 783 2168; x_wconf 86' lang='lat' dir='ltr'>ejus</span> <span class='ocrx_word' id='word_1_94' title='bbox 833 2113 920 2154; x_wconf 86' lang='lat' dir='ltr'>erata</span> <span class='ocrx_word' id='word_1_95' title='bbox 942 2110 1019 2169; x_wconf 88' lang='lat' dir='ltr'>patre.</span> <span class='ocrx_word' id='word_1_96' title='bbox 1059 2102 1123 2152; x_wconf 88' lang='lat' dir='ltr'>Vide</span> <span class='ocrx_word' id='word_1_97' title='bbox 1139 2098 1243 2150; x_wconf 89' lang='lat' dir='ltr'>Meursii</span> <span class='ocrx_word' id='word_1_98' title='bbox 1262 2097 1329 2148; x_wconf 81' lang='lat' dir='ltr'>Thes</span> 
     </span>
     <span class='ocr_line' id='line_1_16' title="bbox 280 2172 1328 2242; baseline -0.003 -20"><span class='ocrx_word' id='word_1_99' title='bbox 280 2174 332 2239; x_wconf 86' lang='lat' dir='ltr'>jam</span> <span class='ocrx_word' id='word_1_100' title='bbox 343 2175 470 2241; x_wconf 89' lang='lat' dir='ltr'>abrumpit.</span> <span class='ocrx_word' id='word_1_101' title='bbox 832 2193 887 2242; x_wconf 90' lang='lat' dir='ltr'>cap.</span> <span class='ocrx_word' id='word_1_102' title='bbox 897 2179 935 2226; x_wconf 90' lang='grc'>10.</span> <span class='ocrx_word' id='word_1_103' title='bbox 970 2176 1024 2224; x_wconf 81' lang='lat' dir='ltr'>Sais</span> <span class='ocrx_word' id='word_1_104' title='bbox 1035 2191 1136 2224; x_wconf 71' lang='lat' dir='ltr'>semma.</span> <span class='ocrx_word' id='word_1_105' title='bbox 1168 2175 1248 2222; x_wconf 82' lang='lat' dir='ltr'>Notat</span> <span class='ocrx_word' id='word_1_106' title='bbox 1257 2172 1328 2220; x_wconf 84' lang='lat' dir='ltr'>Hein-</span> 
     </span>
     <span class='ocr_line' id='line_1_17' title="bbox 312 2246 1328 2316; baseline -0.002 -21"><span class='ocrx_word' id='word_1_107' title='bbox 312 2249 370 2298; x_wconf 80' lang='lat'>428.</span> <span class='ocrx_word' id='word_1_108' title='bbox 384 2250 520 2299; x_wconf 80' lang='lat' dir='ltr'>Muneribus</span> <span class='ocrx_word' id='word_1_109' title='bbox 537 2252 596 2300; x_wconf 89' lang='lat' dir='ltr'>Deos</span> <span class='ocrx_word' id='word_1_110' title='bbox 614 2253 693 2312; x_wconf 79' lang='lat' dir='ltr'>implet</span> <span class='ocrx_word' id='word_1_111' title='bbox 700 2267 710 2309; x_wconf 90' lang='lat'>,·</span> <span class='ocrx_word' id='word_1_112' title='bbox 727 2250 782 2316; x_wconf 89' lang='lat' dir='ltr'>plu·</span> <span class='ocrx_word' id='word_1_113' title='bbox 831 2251 881 2300; x_wconf 91' lang='lat' dir='ltr'>sius</span> <span class='ocrx_word' id='word_1_114' title='bbox 899 2249 951 2300; x_wconf 86' lang='lat' dir='ltr'>voci</span> <span class='ocrx_word' id='word_1_115' title='bbox 967 2267 1061 2298; x_wconf 73' lang='lat' dir='ltr'>sesama</span> <span class='ocrx_word' id='word_1_116' title='bbox 1076 2250 1199 2312; x_wconf 84' lang='lat' dir='ltr'>eleganter</span> <span class='ocrx_word' id='word_1_117' title='bbox 1221 2246 1278 2296; x_wconf 90' lang='lat' dir='ltr'>addi</span> <span class='ocrx_word' id='word_1_118' title='bbox 1293 2260 1328 2294; x_wconf 88' lang='lat' dir='ltr'>ca·</span> 
     </span>
     <span class='ocr_line' id='line_1_18' title="bbox 280 2320 1329 2390; baseline -0.003 -20"><span class='ocrx_word' id='word_1_119' title='bbox 280 2322 353 2370; x_wconf 86' lang='lat' dir='ltr'>rimas</span> <span class='ocrx_word' id='word_1_120' title='bbox 374 2322 484 2372; x_wconf 84' lang='lat' dir='ltr'>victimas</span> <span class='ocrx_word' id='word_1_121' title='bbox 503 2324 579 2372; x_wconf 88' lang='lat' dir='ltr'>offert.</span> <span class='ocrx_word' id='word_1_122' title='bbox 615 2323 713 2390; x_wconf 86' lang='lat' dir='ltr'>Proprie</span> <span class='ocrx_word' id='word_1_123' title='bbox 734 2340 781 2374; x_wconf 81' lang='lat' dir='ltr'>arra</span> <span class='ocrx_word' id='word_1_124' title='bbox 831 2341 884 2374; x_wconf 92' lang='lat' dir='ltr'>sum</span> <span class='ocrx_word' id='word_1_125' title='bbox 901 2324 1042 2373; x_wconf 88' lang='lat' dir='ltr'>secundum.</span> <span class='ocrx_word' id='word_1_126' title='bbox 1083 2323 1198 2384; x_wconf 80' lang='lat' dir='ltr'>Cromyon</span> <span class='ocrx_word' id='word_1_127' title='bbox 1216 2327 1259 2370; x_wconf 90' lang='lat' dir='ltr'>aut</span> <span class='ocrx_word' id='word_1_128' title='bbox 1279 2320 1329 2367; x_wconf 83' lang='lat' dir='ltr'>Gre-</span> 
     </span>
     <span class='ocr_line' id='line_1_19' title="bbox 279 2393 1330 2462; baseline -0.001 -19"><span class='ocrx_word' id='word_1_129' title='bbox 279 2394 416 2460; x_wconf 84' lang='lat' dir='ltr'>implentur,</span> <span class='ocrx_word' id='word_1_130' title='bbox 425 2397 518 2461; x_wconf 88' lang='lat' dir='ltr'>poetice</span> <span class='ocrx_word' id='word_1_131' title='bbox 528 2397 573 2462; x_wconf 87' lang='lat' dir='ltr'>ipsi</span> <span class='ocrx_word' id='word_1_132' title='bbox 582 2397 634 2447; x_wconf 91' lang='lat' dir='ltr'>Dii.</span> <span class='ocrx_word' id='word_1_133' title='bbox 830 2415 908 2462; x_wconf 77' lang='lat' dir='ltr'>mycn,</span> <span class='ocrx_word' id='word_1_134' title='bbox 920 2397 986 2446; x_wconf 81' lang='lat' dir='ltr'>viem</span> <span class='ocrx_word' id='word_1_135' title='bbox 997 2396 1115 2446; x_wconf 84' lang='lat' dir='ltr'>Corinthi.</span> <span class='ocrx_word' id='word_1_136' title='bbox 1138 2396 1179 2444; x_wconf 91' lang='lat' dir='ltr'>Ibi</span> <span class='ocrx_word' id='word_1_137' title='bbox 1188 2413 1235 2453; x_wconf 82' lang='lat' dir='ltr'>sos,</span> <span class='ocrx_word' id='word_1_138' title='bbox 1259 2393 1330 2442; x_wconf 82' lang='lat' dir='ltr'>Phaea</span> 
     </span>
     <span class='ocr_line' id='line_1_20' title="bbox 312 2466 1328 2538; baseline -0.003 -21"><span class='ocrx_word' id='word_1_139' title='bbox 312 2471 369 2517; x_wconf 82' lang='lat'>431.</span> <span class='ocrx_word' id='word_1_140' title='bbox 387 2471 487 2535; x_wconf 81' lang='lat' dir='ltr'>Agitant</span> <span class='ocrx_word' id='word_1_141' title='bbox 502 2471 602 2520; x_wconf 87' lang='lat' dir='ltr'>verbum</span> <span class='ocrx_word' id='word_1_142' title='bbox 618 2472 739 2538; x_wconf 84' lang='lat' dir='ltr'>proprium</span> <span class='ocrx_word' id='word_1_143' title='bbox 755 2473 782 2522; x_wconf 90' lang='lat' dir='ltr'>in</span> <span class='ocrx_word' id='word_1_144' title='bbox 831 2471 905 2528; x_wconf 89' lang='lat' dir='ltr'>dieta,</span> <span class='ocrx_word' id='word_1_145' title='bbox 915 2470 1003 2519; x_wconf 81' lang='lat' dir='ltr'>ferocia</span> <span class='ocrx_word' id='word_1_146' title='bbox 1012 2481 1037 2519; x_wconf 92' lang='lat' dir='ltr'>et</span> <span class='ocrx_word' id='word_1_147' title='bbox 1047 2468 1212 2534; x_wconf 89' lang='lat' dir='ltr'>magnitudine</span> <span class='ocrx_word' id='word_1_148' title='bbox 1225 2466 1328 2532; x_wconf 86' lang='lat' dir='ltr'>insignis,</span> 
     </span>
     <span class='ocr_line' id='line_1_21' title="bbox 279 2540 1329 2608; baseline 0 -19"><span class='ocrx_word' id='word_1_149' title='bbox 279 2540 326 2590; x_wconf 88' lang='lat' dir='ltr'>hac</span> <span class='ocrx_word' id='word_1_150' title='bbox 343 2558 377 2599; x_wconf 88' lang='lat' dir='ltr'>re,</span> <span class='ocrx_word' id='word_1_151' title='bbox 387 2550 485 2592; x_wconf 86' lang='lat' dir='ltr'>notante</span> <span class='ocrx_word' id='word_1_152' title='bbox 503 2545 649 2593; x_wconf 88' lang='lat' dir='ltr'>Burmanno.</span> <span class='ocrx_word' id='word_1_153' title='bbox 677 2545 781 2595; x_wconf 81' lang='lat' dir='ltr'>Medium</span> <span class='ocrx_word' id='word_1_154' title='bbox 831 2561 876 2594; x_wconf 89' lang='lat' dir='ltr'>nec</span> <span class='ocrx_word' id='word_1_155' title='bbox 888 2561 955 2608; x_wconf 83' lang='lat' dir='ltr'>agros</span> <span class='ocrx_word' id='word_1_156' title='bbox 969 2545 1045 2593; x_wconf 90' lang='lat' dir='ltr'>solum</span> <span class='ocrx_word' id='word_1_157' title='bbox 1056 2551 1161 2600; x_wconf 86' lang='lat' dir='ltr'>vastans,</span> <span class='ocrx_word' id='word_1_158' title='bbox 1172 2543 1216 2592; x_wconf 89' lang='lat' dir='ltr'>sed</span> <span class='ocrx_word' id='word_1_159' title='bbox 1227 2541 1329 2590; x_wconf 85' lang='lat' dir='ltr'>homines</span> 
     </span>
     <span class='ocr_line' id='line_1_22' title="bbox 280 2616 1328 2682; baseline -0.001 -18"><span class='ocrx_word' id='word_1_160' title='bbox 280 2619 381 2682; x_wconf 55' lang='lat' dir='ltr'>uulgum</span> <span class='ocrx_word' id='word_1_161' title='bbox 399 2620 612 2667; x_wconf 63' lang='lat' dir='ltr'>cremantem</span> <span class='ocrx_word' id='word_1_162' title='bbox 624 2621 694 2681; x_wconf 84' lang='lat' dir='ltr'>plebs.</span> <span class='ocrx_word' id='word_1_163' title='bbox 724 2621 782 2670; x_wconf 88' lang='lat' dir='ltr'>Vino</span> <span class='ocrx_word' id='word_1_164' title='bbox 831 2619 904 2667; x_wconf 86' lang='lat' dir='ltr'>etiam</span> <span class='ocrx_word' id='word_1_165' title='bbox 918 2616 1038 2675; x_wconf 86' lang='lat' dir='ltr'>occidens,</span> <span class='ocrx_word' id='word_1_166' title='bbox 1050 2633 1123 2682; x_wconf 89' lang='lat' dir='ltr'>quam</span> <span class='ocrx_word' id='word_1_167' title='bbox 1139 2616 1262 2666; x_wconf 86' lang='lat' dir='ltr'>interfecit</span> <span class='ocrx_word' id='word_1_168' title='bbox 1271 2617 1328 2664; x_wconf 74' lang='lat' dir='ltr'>tue-</span> 
     </span>
     <span class='ocr_line' id='line_1_23' title="bbox 279 2689 1329 2761; baseline 0.002 -24"><span class='ocrx_word' id='word_1_169' title='bbox 279 2689 404 2754; x_wconf 80' lang='lat' dir='ltr'>Ingenium</span> <span class='ocrx_word' id='word_1_170' title='bbox 413 2691 529 2756; x_wconf 86' lang='lat' dir='ltr'>foeiente.</span> <span class='ocrx_word' id='word_1_171' title='bbox 553 2693 637 2741; x_wconf 86' lang='lat' dir='ltr'>Horat.</span> <span class='ocrx_word' id='word_1_172' title='bbox 653 2694 676 2742; x_wconf 90' lang='grc' dir='ltr'>Ι.</span> <span class='ocrx_word' id='word_1_173' title='bbox 692 2695 739 2761; x_wconf 89' lang='lat' dir='ltr'>Ep.</span> <span class='ocrx_word' id='word_1_174' title='bbox 755 2711 781 2744; x_wconf 84' lang='lat' dir='ltr'>v.</span> <span class='ocrx_word' id='word_1_175' title='bbox 831 2708 899 2741; x_wconf 88' lang='lat' dir='ltr'>sans:</span> <span class='ocrx_word' id='word_1_176' title='bbox 917 2692 1070 2747; x_wconf 83' lang='lat' dir='ltr'>Plutarchus,</span> <span class='ocrx_word' id='word_1_177' title='bbox 1079 2692 1151 2740; x_wconf 89' lang='lat' dir='ltr'>Thes.</span> <span class='ocrx_word' id='word_1_178' title='bbox 1166 2694 1193 2741; x_wconf 88' lang='grc'>9.</span> <span class='ocrx_word' id='word_1_179' title='bbox 1226 2689 1329 2739; x_wconf 82' lang='lat' dir='ltr'>Tertium</span> 
     </span>
     <span class='ocr_line' id='line_1_24' title="bbox 281 2765 1101 2832; baseline 0.002 -21"><span class='ocrx_word' id='word_1_180' title='bbox 281 2765 327 2812; x_wconf 86' lang='lat'>19:</span> <span class='ocrx_word' id='word_1_181' title='bbox 347 2765 457 2813; x_wconf 78' lang='lat' dir='ltr'>Foemsndi</span> <span class='ocrx_word' id='word_1_182' title='bbox 474 2767 556 2814; x_wconf 85' lang='lat' dir='ltr'>calices</span> <span class='ocrx_word' id='word_1_183' title='bbox 566 2783 630 2829; x_wconf 84' lang='lat' dir='ltr'>quem</span> <span class='ocrx_word' id='word_1_184' title='bbox 647 2785 693 2816; x_wconf 87' lang='lat' dir='ltr'>non</span> <span class='ocrx_word' id='word_1_185' title='bbox 701 2770 783 2832; x_wconf 82' lang='lat' dir='ltr'>ferere</span> <span class='ocrx_word' id='word_1_186' title='bbox 831 2765 875 2815; x_wconf 92' lang='lat' dir='ltr'>hoe</span> <span class='ocrx_word' id='word_1_187' title='bbox 887 2766 932 2814; x_wconf 82' lang='lat' dir='ltr'>ruit</span> <span class='ocrx_word' id='word_1_188' title='bbox 941 2766 1027 2814; x_wconf 86' lang='lat' dir='ltr'>Thesei</span> <span class='ocrx_word' id='word_1_189' title='bbox 1037 2782 1101 2827; x_wconf 72' lang='lat' dir='ltr'>optes.</span> 
     </span>
     <span class='ocr_line' id='line_1_25' title="bbox 279 2837 1328 2905; baseline 0.005 -21"><span class='ocrx_word' id='word_1_190' title='bbox 279 2838 406 2884; x_wconf 83' lang='lat' dir='ltr'>disertam?</span> <span class='ocrx_word' id='word_1_191' title='bbox 433 2837 521 2887; x_wconf 78' lang='lat' dir='ltr'>Confer</span> <span class='ocrx_word' id='word_1_192' title='bbox 541 2837 612 2895; x_wconf 85' lang='lat' dir='ltr'>idern,</span> <span class='ocrx_word' id='word_1_193' title='bbox 629 2840 651 2888; x_wconf 94' lang='lat' dir='ltr'>I.</span> <span class='ocrx_word' id='word_1_194' title='bbox 665 2842 712 2905; x_wconf 86' lang='lat' dir='ltr'>Ep.</span> <span class='ocrx_word' id='word_1_195' title='bbox 732 2841 782 2890; x_wconf 84' lang='lat' dir='ltr'>xix.</span> <span class='ocrx_word' id='word_1_196' title='bbox 865 2842 921 2889; x_wconf 83' lang='lat'>436.</span> <span class='ocrx_word' id='word_1_197' title='bbox 934 2841 1011 2888; x_wconf 79' lang='lat' dir='ltr'>Tellus</span> <span class='ocrx_word' id='word_1_198' title='bbox 1023 2839 1177 2903; x_wconf 75' lang='lat' dir='ltr'>Epidauria]</span> <span class='ocrx_word' id='word_1_199' title='bbox 1197 2839 1328 2904; x_wconf 84' lang='lat' dir='ltr'>Epidaurus</span> 
     </span>
     <span class='ocr_line' id='line_1_26' title="bbox 280 2907 1329 2978; baseline 0.007 -22"><span class='ocrx_word' id='word_1_200' title='bbox 280 2907 334 2957; x_wconf 91' lang='lat' dir='ltr'>init.</span> <span class='ocrx_word' id='word_1_201' title='bbox 368 2911 455 2974; x_wconf 90' lang='lat' dir='ltr'>Neque</span> <span class='ocrx_word' id='word_1_202' title='bbox 472 2909 554 2959; x_wconf 88' lang='lat' dir='ltr'>vinum</span> <span class='ocrx_word' id='word_1_203' title='bbox 574 2913 659 2969; x_wconf 92' lang='lat' dir='ltr'>solum,</span> <span class='ocrx_word' id='word_1_204' title='bbox 680 2914 723 2962; x_wconf 90' lang='lat' dir='ltr'>sed</span> <span class='ocrx_word' id='word_1_205' title='bbox 743 2930 780 2963; x_wconf 91' lang='lat' dir='ltr'>se·</span> <span class='ocrx_word' id='word_1_206' title='bbox 832 2916 887 2963; x_wconf 88' lang='lat' dir='ltr'>urbs</span> <span class='ocrx_word' id='word_1_207' title='bbox 897 2921 934 2963; x_wconf 89' lang='lat' dir='ltr'>est</span> <span class='ocrx_word' id='word_1_208' title='bbox 944 2913 1109 2978; x_wconf 89' lang='lat' dir='ltr'>Peloponnesi,</span> <span class='ocrx_word' id='word_1_209' title='bbox 1121 2913 1259 2978; x_wconf 85' lang='lat' dir='ltr'>AEseulapii</span> <span class='ocrx_word' id='word_1_210' title='bbox 1273 2923 1329 2963; x_wconf 88' lang='lat' dir='ltr'>tem·</span> 
     </span>
     <span class='ocr_line' id='line_1_27' title="bbox 279 2983 1327 3052; baseline 0.007 -22"><span class='ocrx_word' id='word_1_211' title='bbox 279 2983 386 3032; x_wconf 87' lang='lat' dir='ltr'>cundum</span> <span class='ocrx_word' id='word_1_212' title='bbox 412 2983 528 3043; x_wconf 88' lang='lat' dir='ltr'>Persium,</span> <span class='ocrx_word' id='word_1_213' title='bbox 556 2986 616 3050; x_wconf 91' lang='lat' dir='ltr'>prol.</span> <span class='ocrx_word' id='word_1_214' title='bbox 639 2989 678 3036; x_wconf 90' lang='lat'>10.</span> <span class='ocrx_word' id='word_1_215' title='bbox 697 2997 780 3038; x_wconf 86' lang='lat' dir='ltr'>venter</span> <span class='ocrx_word' id='word_1_216' title='bbox 830 2988 871 3052; x_wconf 88' lang='lat' dir='ltr'>plo</span> <span class='ocrx_word' id='word_1_217' title='bbox 885 2987 980 3037; x_wconf 90' lang='lat' dir='ltr'>nobilis.</span> <span class='ocrx_word' id='word_1_218' title='bbox 1015 2987 1185 3052; x_wconf 90' lang='lat' dir='ltr'>InEpidaurio</span> <span class='ocrx_word' id='word_1_219' title='bbox 1198 3003 1256 3052; x_wconf 84' lang='lat' dir='ltr'>agro</span> <span class='ocrx_word' id='word_1_220' title='bbox 1266 2989 1327 3038; x_wconf 86' lang='lat' dir='ltr'>Peri·</span> 
     </span>
     <span class='ocr_line' id='line_1_28' title="bbox 280 3057 1327 3126; baseline 0.009 -24"><span class='ocrx_word' id='word_1_221' title='bbox 280 3069 376 3119; x_wconf 87' lang='lat' dir='ltr'>quoque</span> <span class='ocrx_word' id='word_1_222' title='bbox 386 3059 505 3125; x_wconf 73' lang='lat' dir='ltr'>ingenium</span> <span class='ocrx_word' id='word_1_223' title='bbox 515 3057 624 3122; x_wconf 89' lang='lat' dir='ltr'>largitur.</span> <span class='ocrx_word' id='word_1_224' title='bbox 829 3061 927 3126; x_wconf 87' lang='lat' dir='ltr'>pheten,</span> <span class='ocrx_word' id='word_1_225' title='bbox 943 3063 1042 3110; x_wconf 84' lang='lat' dir='ltr'>Volcani</span> <span class='ocrx_word' id='word_1_226' title='bbox 1055 3077 1084 3110; x_wconf 87' lang='lat' dir='ltr'>ex</span> <span class='ocrx_word' id='word_1_227' title='bbox 1094 3062 1189 3111; x_wconf 89' lang='lat' dir='ltr'>Antilia</span> <span class='ocrx_word' id='word_1_228' title='bbox 1198 3063 1284 3120; x_wconf 87' lang='lat' dir='ltr'>filium,</span> <span class='ocrx_word' id='word_1_229' title='bbox 1295 3064 1327 3111; x_wconf 89' lang='lat' dir='ltr'>in-</span> 
     </span>
     <span class='ocr_line' id='line_1_29' title="bbox 283 3127 1327 3203; baseline 0.012 -29"><span class='ocrx_word' id='word_1_230' title='bbox 283 3158 286 3167; x_wconf 60' lang='lat'>.</span> <span class='ocrx_word' id='word_1_231' title='bbox 311 3127 369 3176; x_wconf 76' lang='lat'>4³4.</span> <span class='ocrx_word' id='word_1_232' title='bbox 391 3129 482 3177; x_wconf 77' lang='lat' dir='ltr'>Minora</span> <span class='ocrx_word' id='word_1_233' title='bbox 505 3140 538 3178; x_wconf 90' lang='lat' dir='ltr'>est</span> <span class='ocrx_word' id='word_1_234' title='bbox 560 3131 695 3188; x_wconf 81' lang='lat' dir='ltr'>Marathon,</span> <span class='ocrx_word' id='word_1_235' title='bbox 716 3134 777 3196; x_wconf 76' lang='lat' dir='ltr'>etc]</span> <span class='ocrx_word' id='word_1_236' title='bbox 829 3135 930 3192; x_wconf 83' lang='lat' dir='ltr'>terfecit,</span> <span class='ocrx_word' id='word_1_237' title='bbox 942 3135 1176 3201; x_wconf 82' lang='lat' dir='ltr'>quodsuitprimurn</span> <span class='ocrx_word' id='word_1_238' title='bbox 1193 3138 1247 3202; x_wconf 91' lang='lat' dir='ltr'>ejus</span> <span class='ocrx_word' id='word_1_239' title='bbox 1264 3154 1327 3203; x_wconf 87' lang='lat' dir='ltr'>opus.</span> 
     </span>
     <span class='ocr_line' id='line_1_30' title="bbox 278 3199 1328 3276; baseline 0.014 -30"><span class='ocrx_word' id='word_1_240' title='bbox 278 3199 365 3248; x_wconf 86' lang='lat' dir='ltr'>Thesei</span> <span class='ocrx_word' id='word_1_241' title='bbox 383 3201 468 3249; x_wconf 90' lang='lat' dir='ltr'>laudes</span> <span class='ocrx_word' id='word_1_242' title='bbox 483 3203 607 3252; x_wconf 90' lang='lat' dir='ltr'>commode</span> <span class='ocrx_word' id='word_1_243' title='bbox 624 3205 739 3254; x_wconf 87' lang='lat' dir='ltr'>convertit</span> <span class='ocrx_word' id='word_1_244' title='bbox 754 3207 778 3254; x_wconf 95' lang='lat' dir='ltr'>in</span> <span class='ocrx_word' id='word_1_245' title='bbox 830 3207 944 3257; x_wconf 86' lang='lat' dir='ltr'>Armatus</span> <span class='ocrx_word' id='word_1_246' title='bbox 953 3209 994 3257; x_wconf 91' lang='lat' dir='ltr'>ille</span> <span class='ocrx_word' id='word_1_247' title='bbox 1005 3218 1056 3258; x_wconf 87' lang='lat' dir='ltr'>erat</span> <span class='ocrx_word' id='word_1_248' title='bbox 1066 3210 1135 3260; x_wconf 87' lang='lat' dir='ltr'>clava</span> <span class='ocrx_word' id='word_1_249' title='bbox 1146 3210 1270 3276; x_wconf 74' lang='grc' dir='ltr'>(κορύνῃ)</span> <span class='ocrx_word' id='word_1_250' title='bbox 1286 3213 1328 3261; x_wconf 80' lang='lat' dir='ltr'>lar·</span> 
     </span>
     <span class='ocr_line' id='line_1_31' title="bbox 278 3271 1328 3348; baseline 0.013 -29"><span class='ocrx_word' id='word_1_251' title='bbox 278 3271 362 3337; x_wconf 83' lang='lat' dir='ltr'>hymni</span> <span class='ocrx_word' id='word_1_252' title='bbox 380 3274 487 3332; x_wconf 78' lang='lat' dir='ltr'>sormam,</span> <span class='ocrx_word' id='word_1_253' title='bbox 511 3282 538 3324; x_wconf 92' lang='lat' dir='ltr'>ut</span> <span class='ocrx_word' id='word_1_254' title='bbox 558 3293 597 3325; x_wconf 88' lang='lat' dir='ltr'>res</span> <span class='ocrx_word' id='word_1_255' title='bbox 618 3293 664 3326; x_wconf 90' lang='lat' dir='ltr'>non</span> <span class='ocrx_word' id='word_1_256' title='bbox 682 3280 779 3338; x_wconf 90' lang='lat' dir='ltr'>narrari,</span> <span class='ocrx_word' id='word_1_257' title='bbox 829 3297 878 3339; x_wconf 87' lang='lat' dir='ltr'>rea,</span> <span class='ocrx_word' id='word_1_258' title='bbox 889 3282 952 3330; x_wconf 92' lang='lat' dir='ltr'>unde</span> <span class='ocrx_word' id='word_1_259' title='bbox 963 3281 1103 3347; x_wconf 70' lang='grc' dir='ltr'>κορυνήτης</span> <span class='ocrx_word' id='word_1_260' title='bbox 1120 3293 1144 3333; x_wconf 87' lang='lat' dir='ltr'>et</span> <span class='ocrx_word' id='word_1_261' title='bbox 1160 3286 1265 3348; x_wconf 76' lang='lat' dir='ltr'>claviger</span> <span class='ocrx_word' id='word_1_262' title='bbox 1280 3285 1328 3333; x_wconf 90' lang='lat' dir='ltr'>dic·</span> 
     </span>
     <span class='ocr_line' id='line_1_32' title="bbox 278 3346 1328 3418; baseline 0.01 -24"><span class='ocrx_word' id='word_1_263' title='bbox 278 3347 321 3395; x_wconf 84' lang='lat' dir='ltr'>sed</span> <span class='ocrx_word' id='word_1_264' title='bbox 342 3346 381 3410; x_wconf 88' lang='lat' dir='ltr'>agi</span> <span class='ocrx_word' id='word_1_265' title='bbox 401 3347 525 3396; x_wconf 75' lang='lat' dir='ltr'>videaturt</span> <span class='ocrx_word' id='word_1_266' title='bbox 557 3350 638 3399; x_wconf 79' lang='lat' dir='ltr'>confer</span> <span class='ocrx_word' id='word_1_267' title='bbox 654 3351 778 3416; x_wconf 86' lang='lat' dir='ltr'>Virgilius,</span> <span class='ocrx_word' id='word_1_268' title='bbox 829 3362 876 3403; x_wconf 87' lang='lat' dir='ltr'>tus.</span> <span class='ocrx_word' id='word_1_269' title='bbox 902 3355 1055 3412; x_wconf 83' lang='lat' dir='ltr'>Plutarchus,</span> <span class='ocrx_word' id='word_1_270' title='bbox 1074 3356 1145 3405; x_wconf 87' lang='lat' dir='ltr'>Thes.</span> <span class='ocrx_word' id='word_1_271' title='bbox 1163 3359 1197 3418; x_wconf 77' lang='lat'>83</span> <span class='ocrx_word' id='word_1_272' title='bbox 1223 3358 1328 3407; x_wconf 87' lang='lat' dir='ltr'>Pausan.</span> 
     </span>
     <span class='ocr_line' id='line_1_33' title="bbox 279 3418 1326 3495; baseline 0.012 -29"><span class='ocrx_word' id='word_1_273' title='bbox 279 3420 338 3468; x_wconf 85' lang='lat' dir='ltr'>AEn.</span> <span class='ocrx_word' id='word_1_274' title='bbox 347 3418 399 3468; x_wconf 88' lang='lat' dir='ltr'>viii.</span> <span class='ocrx_word' id='word_1_275' title='bbox 410 3421 467 3469; x_wconf 76' lang='lat'>⁵288.</span> <span class='ocrx_word' id='word_1_276' title='bbox 485 3421 527 3470; x_wconf 91' lang='lat' dir='ltr'>ubi</span> <span class='ocrx_word' id='word_1_277' title='bbox 544 3421 628 3471; x_wconf 88' lang='lat' dir='ltr'>similis</span> <span class='ocrx_word' id='word_1_278' title='bbox 646 3424 672 3472; x_wconf 93' lang='lat' dir='ltr'>in</span> <span class='ocrx_word' id='word_1_279' title='bbox 687 3425 779 3475; x_wconf 91' lang='lat' dir='ltr'>Hercu·</span> <span class='ocrx_word' id='word_1_280' title='bbox 829 3428 937 3477; x_wconf 87' lang='lat' dir='ltr'>Corinth.</span> <span class='ocrx_word' id='word_1_281' title='bbox 957 3446 982 3494; x_wconf 90' lang='lat' dir='ltr'>p.</span> <span class='ocrx_word' id='word_1_282' title='bbox 1002 3431 1063 3490; x_wconf 78' lang='lat'>1123</span> <span class='ocrx_word' id='word_1_283' title='bbox 1087 3430 1259 3495; x_wconf 86' lang='lat' dir='ltr'>Apollodorus,</span> <span class='ocrx_word' id='word_1_284' title='bbox 1279 3432 1326 3480; x_wconf 91' lang='lat' dir='ltr'>HI.</span> 
     </span>
     <span class='ocr_line' id='line_1_34' title="bbox 277 3492 1328 3568; baseline 0.012 -28"><span class='ocrx_word' id='word_1_285' title='bbox 277 3492 448 3557; x_wconf 85' lang='lat' dir='ltr'>lemhymuns.</span> <span class='ocrx_word' id='word_1_286' title='bbox 483 3496 575 3544; x_wconf 80' lang='lat' dir='ltr'>Taurus</span> <span class='ocrx_word' id='word_1_287' title='bbox 589 3496 779 3564; x_wconf 84' lang='lat' dir='ltr'>illeaNeptuno</span> <span class='ocrx_word' id='word_1_288' title='bbox 829 3500 879 3549; x_wconf 85' lang='lat' dir='ltr'>xvi.</span> <span class='ocrx_word' id='word_1_289' title='bbox 901 3504 923 3550; x_wconf 91' lang='lat' dir='ltr'>l.</span> <span class='ocrx_word' id='word_1_290' title='bbox 964 3504 1106 3559; x_wconf 74' lang='lat' dir='ltr'>Praerautes,</span> <span class='ocrx_word' id='word_1_291' title='bbox 1127 3504 1238 3568; x_wconf 90' lang='lat' dir='ltr'>Neptuni</span> <span class='ocrx_word' id='word_1_292' title='bbox 1261 3505 1328 3562; x_wconf 86' lang='lat' dir='ltr'>filius,</span> 
     </span>
     <span class='ocr_line' id='line_1_35' title="bbox 278 3566 1327 3644; baseline 0.012 -30"><span class='ocrx_word' id='word_1_293' title='bbox 278 3566 366 3624; x_wconf 90' lang='lat' dir='ltr'>Minoi,</span> <span class='ocrx_word' id='word_1_294' title='bbox 386 3568 435 3632; x_wconf 88' lang='lat' dir='ltr'>regi</span> <span class='ocrx_word' id='word_1_295' title='bbox 456 3571 551 3626; x_wconf 78' lang='lat' dir='ltr'>Cretan,</span> <span class='ocrx_word' id='word_1_296' title='bbox 568 3570 647 3627; x_wconf 90' lang='lat' dir='ltr'>datus,</span> <span class='ocrx_word' id='word_1_297' title='bbox 661 3581 715 3637; x_wconf 88' lang='lat' dir='ltr'>post</span> <span class='ocrx_word' id='word_1_298' title='bbox 731 3574 779 3623; x_wconf 86' lang='lat' dir='ltr'>alia</span> <span class='ocrx_word' id='word_1_299' title='bbox 829 3590 963 3624; x_wconf 89' lang='lat' dir='ltr'>mensuram</span> <span class='ocrx_word' id='word_1_300' title='bbox 984 3575 1104 3640; x_wconf 88' lang='lat' dir='ltr'>hospitum</span> <span class='ocrx_word' id='word_1_301' title='bbox 1124 3577 1156 3625; x_wconf 89' lang='lat' dir='ltr'>ad</span> <span class='ocrx_word' id='word_1_302' title='bbox 1177 3579 1267 3627; x_wconf 87' lang='lat' dir='ltr'>lectum</span> <span class='ocrx_word' id='word_1_303' title='bbox 1288 3595 1327 3644; x_wconf 90' lang='lat' dir='ltr'>ap-</span> 
     </span>
     <span class='ocr_line' id='line_1_36' title="bbox 278 3639 1328 3713; baseline 0.012 -25"><span class='ocrx_word' id='word_1_304' title='bbox 278 3640 330 3689; x_wconf 81' lang='lat' dir='ltr'>tata</span> <span class='ocrx_word' id='word_1_305' title='bbox 346 3639 371 3688; x_wconf 92' lang='lat' dir='ltr'>in</span> <span class='ocrx_word' id='word_1_306' title='bbox 388 3648 474 3690; x_wconf 85' lang='lat' dir='ltr'>terram</span> <span class='ocrx_word' id='word_1_307' title='bbox 492 3642 599 3691; x_wconf 88' lang='lat' dir='ltr'>Atticam</span> <span class='ocrx_word' id='word_1_308' title='bbox 613 3653 718 3701; x_wconf 84' lang='lat' dir='ltr'>venerat,</span> <span class='ocrx_word' id='word_1_309' title='bbox 732 3646 777 3694; x_wconf 91' lang='lat' dir='ltr'>ibi·</span> <span class='ocrx_word' id='word_1_310' title='bbox 828 3657 891 3697; x_wconf 89' lang='lat' dir='ltr'>taos.</span> <span class='ocrx_word' id='word_1_311' title='bbox 925 3649 949 3696; x_wconf 88' lang='lat' dir='ltr'>Si</span> <span class='ocrx_word' id='word_1_312' title='bbox 965 3648 1082 3713; x_wconf 87' lang='lat' dir='ltr'>longiores</span> <span class='ocrx_word' id='word_1_313' title='bbox 1098 3658 1178 3699; x_wconf 88' lang='lat' dir='ltr'>essent</span> <span class='ocrx_word' id='word_1_314' title='bbox 1195 3651 1270 3708; x_wconf 88' lang='lat' dir='ltr'>lecto,</span> <span class='ocrx_word' id='word_1_315' title='bbox 1281 3668 1328 3700; x_wconf 89' lang='lat' dir='ltr'>am·</span> 
     </span>
     <span class='ocr_line' id='line_1_37' title="bbox 278 3713 1328 3790; baseline 0.014 -29"><span class='ocrx_word' id='word_1_316' title='bbox 278 3728 326 3776; x_wconf 87' lang='lat' dir='ltr'>que</span> <span class='ocrx_word' id='word_1_317' title='bbox 335 3713 491 3763; x_wconf 79' lang='lat' dir='ltr'>Marathonius</span> <span class='ocrx_word' id='word_1_318' title='bbox 502 3731 570 3779; x_wconf 86' lang='lat' dir='ltr'>agros</span> <span class='ocrx_word' id='word_1_319' title='bbox 579 3718 698 3766; x_wconf 87' lang='lat' dir='ltr'>vastabat.</span> <span class='ocrx_word' id='word_1_320' title='bbox 717 3720 778 3768; x_wconf 87' lang='lat' dir='ltr'>Eum</span> <span class='ocrx_word' id='word_1_321' title='bbox 827 3723 931 3787; x_wconf 86' lang='lat' dir='ltr'>putabat</span> <span class='ocrx_word' id='word_1_322' title='bbox 945 3723 1104 3788; x_wconf 84' lang='lat' dir='ltr'>prominentes</span> <span class='ocrx_word' id='word_1_323' title='bbox 1122 3724 1227 3789; x_wconf 88' lang='lat' dir='ltr'>corporis</span> <span class='ocrx_word' id='word_1_324' title='bbox 1244 3734 1328 3790; x_wconf 86' lang='lat' dir='ltr'>partes,</span> 
     </span>
     <span class='ocr_line' id='line_1_38' title="bbox 276 3785 1327 3862; baseline 0.013 -28"><span class='ocrx_word' id='word_1_325' title='bbox 276 3785 388 3836; x_wconf 84' lang='lat' dir='ltr'>Athenas</span> <span class='ocrx_word' id='word_1_326' title='bbox 404 3788 546 3852; x_wconf 89' lang='lat' dir='ltr'>perductum</span> <span class='ocrx_word' id='word_1_327' title='bbox 566 3790 672 3839; x_wconf 86' lang='lat' dir='ltr'>Theseus</span> <span class='ocrx_word' id='word_1_328' title='bbox 694 3791 776 3840; x_wconf 88' lang='lat' dir='ltr'>immo·</span> <span class='ocrx_word' id='word_1_329' title='bbox 826 3794 863 3843; x_wconf 85' lang='lat' dir='ltr'>sin</span> <span class='ocrx_word' id='word_1_330' title='bbox 873 3795 1000 3853; x_wconf 86' lang='lat' dir='ltr'>breviores,</span> <span class='ocrx_word' id='word_1_331' title='bbox 1010 3795 1097 3846; x_wconf 87' lang='lat' dir='ltr'>incude</span> <span class='ocrx_word' id='word_1_332' title='bbox 1108 3797 1234 3862; x_wconf 84' lang='lat' dir='ltr'>supposita</span> <span class='ocrx_word' id='word_1_333' title='bbox 1244 3809 1327 3848; x_wconf 83' lang='lat' dir='ltr'>extun-</span> 
     </span>
     <span class='ocr_line' id='line_1_39' title="bbox 276 3858 1328 3934; baseline 0.013 -27"><span class='ocrx_word' id='word_1_334' title='bbox 276 3858 345 3916; x_wconf 85' lang='lat' dir='ltr'>lavit,</span> <span class='ocrx_word' id='word_1_335' title='bbox 366 3861 405 3909; x_wconf 85' lang='lat' dir='ltr'>vel</span> <span class='ocrx_word' id='word_1_336' title='bbox 425 3861 532 3926; x_wconf 87' lang='lat' dir='ltr'>Apollini</span> <span class='ocrx_word' id='word_1_337' title='bbox 553 3863 685 3929; x_wconf 87' lang='lat' dir='ltr'>Delphiuio</span> <span class='ocrx_word' id='word_1_338' title='bbox 705 3867 775 3930; x_wconf 88' lang='lat' dir='ltr'>(Plu-</span> <span class='ocrx_word' id='word_1_339' title='bbox 826 3867 900 3916; x_wconf 89' lang='lat' dir='ltr'>debat</span> <span class='ocrx_word' id='word_1_340' title='bbox 915 3869 1005 3934; x_wconf 89' lang='lat' dir='ltr'>pedes:</span> <span class='ocrx_word' id='word_1_341' title='bbox 1023 3870 1177 3927; x_wconf 85' lang='lat' dir='ltr'>Plutarchus,</span> <span class='ocrx_word' id='word_1_342' title='bbox 1192 3871 1267 3921; x_wconf 85' lang='lat' dir='ltr'>Thes.</span> <span class='ocrx_word' id='word_1_343' title='bbox 1284 3875 1311 3921; x_wconf 93' lang='lat' dir='ltr'>ll</span> <span class='ocrx_word' id='word_1_344' title='bbox 1321 3893 1328 3934; x_wconf 92' lang='lat'>;</span> 
     </span>
     <span class='ocr_line' id='line_1_40' title="bbox 276 3933 1326 4006; baseline 0.014 -25"><span class='ocrx_word' id='word_1_345' title='bbox 276 3933 382 3991; x_wconf 89' lang='lat' dir='ltr'>tarchus,</span> <span class='ocrx_word' id='word_1_346' title='bbox 405 3935 477 3984; x_wconf 88' lang='lat' dir='ltr'>Thes.</span> <span class='ocrx_word' id='word_1_347' title='bbox 498 3935 551 4000; x_wconf 83' lang='lat'>14.)</span> <span class='ocrx_word' id='word_1_348' title='bbox 573 3937 612 3986; x_wconf 87' lang='lat' dir='ltr'>vel</span> <span class='ocrx_word' id='word_1_349' title='bbox 639 3939 774 3988; x_wconf 74' lang='lat' dir='ltr'>Minervas:</span> <span class='ocrx_word' id='word_1_350' title='bbox 825 3940 945 4006; x_wconf 85' lang='lat' dir='ltr'>Hyginus,</span> <span class='ocrx_word' id='word_1_351' title='bbox 955 3943 1004 3993; x_wconf 83' lang='lat' dir='ltr'>fab.</span> <span class='ocrx_word' id='word_1_352' title='bbox 1014 3945 1056 3992; x_wconf 84' lang='grc'>38.</span> <span class='ocrx_word' id='word_1_353' title='bbox 1092 3944 1226 3994; x_wconf 80' lang='lat' dir='ltr'>Habitabat</span> <span class='ocrx_word' id='word_1_354' title='bbox 1243 3947 1276 3996; x_wconf 90' lang='lat' dir='ltr'>ad</span> <span class='ocrx_word' id='word_1_355' title='bbox 1287 3948 1326 3996; x_wconf 85' lang='lat' dir='ltr'>Ce-</span> 
     </span>
     <span class='ocr_line' id='line_1_41' title="bbox 276 4005 1328 4085; baseline 0.015 -32"><span class='ocrx_word' id='word_1_356' title='bbox 276 4005 418 4066; x_wconf 84' lang='lat' dir='ltr'>Pausanias,</span> <span class='ocrx_word' id='word_1_357' title='bbox 434 4008 488 4058; x_wconf 92' lang='lat' dir='ltr'>Att.</span> <span class='ocrx_word' id='word_1_358' title='bbox 506 4027 531 4075; x_wconf 90' lang='lat' dir='ltr'>p.</span> <span class='ocrx_word' id='word_1_359' title='bbox 549 4011 589 4060; x_wconf 87' lang='grc'>66.</span> <span class='ocrx_word' id='word_1_360' title='bbox 622 4012 657 4060; x_wconf 94' lang='lat' dir='ltr'>At</span> <span class='ocrx_word' id='word_1_361' title='bbox 674 4013 776 4063; x_wconf 88' lang='lat' dir='ltr'>Ovidius</span> <span class='ocrx_word' id='word_1_362' title='bbox 823 4015 942 4074; x_wconf 78' lang='lat' dir='ltr'>pirissam:</span> <span class='ocrx_word' id='word_1_363' title='bbox 969 4016 1110 4074; x_wconf 89' lang='lat' dir='ltr'>Pausanias,</span> <span class='ocrx_word' id='word_1_364' title='bbox 1137 4018 1216 4067; x_wconf 87' lang='lat' dir='ltr'>Attio.</span> <span class='ocrx_word' id='word_1_365' title='bbox 1245 4038 1270 4085; x_wconf 90' lang='lat' dir='ltr'>p.</span> <span class='ocrx_word' id='word_1_366' title='bbox 1288 4022 1328 4070; x_wconf 80' lang='lat'>92.</span> 
     </span>
     <span class='ocr_line' id='line_1_42' title="bbox 198 4079 1329 4158; baseline 0.018 -34"><span class='ocrx_word' id='word_1_367' title='bbox 198 4097 202 4103; x_wconf 59' lang='lat'><strong><em>¹</em></strong></span> <span class='ocrx_word' id='word_1_368' title='bbox 276 4079 402 4129; x_wconf 78' lang='lat' dir='ltr'>confundit</span> <span class='ocrx_word' id='word_1_369' title='bbox 422 4089 543 4147; x_wconf 84' lang='lat' dir='ltr'>tempora3</span> <span class='ocrx_word' id='word_1_370' title='bbox 558 4100 614 4132; x_wconf 86' lang='lat' dir='ltr'>nam</span> <span class='ocrx_word' id='word_1_371' title='bbox 634 4093 727 4136; x_wconf 89' lang='lat' dir='ltr'>taurum</span> <span class='ocrx_word' id='word_1_372' title='bbox 744 4088 773 4136; x_wconf 87' lang='lat' dir='ltr'>il·</span> <span class='ocrx_word' id='word_1_373' title='bbox 824 4087 887 4136; x_wconf 85' lang='lat' dir='ltr'>Eum</span> <span class='ocrx_word' id='word_1_374' title='bbox 907 4088 1027 4139; x_wconf 86' lang='lat' dir='ltr'>interfecit</span> <span class='ocrx_word' id='word_1_375' title='bbox 1046 4091 1162 4149; x_wconf 81' lang='lat' dir='ltr'>Tireseus,</span> <span class='ocrx_word' id='word_1_376' title='bbox 1187 4091 1264 4158; x_wconf 89' lang='lat' dir='ltr'>idque</span> <span class='ocrx_word' id='word_1_377' title='bbox 1284 4095 1329 4144; x_wconf 82' lang='lat' dir='ltr'>luit</span> 
     </span>
     <span class='ocr_line' id='line_1_43' title="bbox 271 4148 1056 4230; baseline 0.023 -32"><span class='ocrx_word' id='word_1_378' title='bbox 271 4148 326 4204; x_wconf 73' lang='lat' dir='ltr'>,lum</span> <span class='ocrx_word' id='word_1_379' title='bbox 336 4152 408 4217; x_wconf 88' lang='lat' dir='ltr'>cepit,</span> <span class='ocrx_word' id='word_1_380' title='bbox 417 4164 542 4220; x_wconf 88' lang='lat' dir='ltr'>postquam</span> <span class='ocrx_word' id='word_1_381' title='bbox 551 4157 652 4207; x_wconf 87' lang='lat' dir='ltr'>Athenis</span> <span class='ocrx_word' id='word_1_382' title='bbox 659 4169 773 4226; x_wconf 85' lang='lat' dir='ltr'>exceptus</span> <span class='ocrx_word' id='word_1_383' title='bbox 822 4170 915 4211; x_wconf 87' lang='lat' dir='ltr'>sextum</span> <span class='ocrx_word' id='word_1_384' title='bbox 926 4163 978 4229; x_wconf 89' lang='lat' dir='ltr'>ejus</span> <span class='ocrx_word' id='word_1_385' title='bbox 988 4179 1056 4230; x_wconf 86' lang='lat' dir='ltr'>opus.</span> 
     </span>
    </p>
   </div>
   <div class='ocr_carea' id='block_1_4' title="bbox 0 0 1410 5010">
    <p class='ocr_par' dir='ltr' id='par_1_6' title="bbox 0 0 1410 5010">
     <span class='ocr_line' id='line_1_44' title="bbox 0 0 1410 5010; baseline 0 1"><span class='ocrx_word' id='word_1_386' title='bbox 0 0 1410 5010; x_wconf 95' lang='lat' dir='ltr'> </span> 
     </span>
    </p>
   </div>
  </div>
 </body>
</html>
