<?xml version="1.0" encoding="UTF-8"?>
<!DOCTYPE html PUBLIC "-//W3C//DTD XHTML 1.0 Transitional//EN"
    "http://www.w3.org/TR/xhtml1/DTD/xhtml1-transitional.dtd">
<html xmlns="http://www.w3.org/1999/xhtml" xml:lang="en" lang="en">
 <head>
  <title>
</title>
<meta http-equiv="Content-Type" content="text/html;charset=utf-8" />
  <meta name='ocr-system' content='tesseract 3.04.00' />
  <meta name='ocr-capabilities' content='ocr_page ocr_carea ocr_par ocr_line ocrx_word'/>
</head>
<body>
  <div class='ocr_page' id='page_1' title='image "./povidiinasoniso04burmgoog_0060.png"; bbox 0 0 2812 5010; ppageno 0'>
   <div class='ocr_carea' id='block_1_1' title="bbox 316 313 1219 403">
    <p class='ocr_par' dir='ltr' id='par_1_1' title="bbox 316 313 1219 403">
     <span class='ocr_line' id='line_1_1' title="bbox 316 313 1219 403; baseline 0.003 -23"><span class='ocrx_word' id='word_1_1' title='bbox 316 314 384 380; x_wconf 87' lang='lat' dir='ltr'><strong>DE</strong></span> <span class='ocrx_word' id='word_1_2' title='bbox 408 315 571 392; x_wconf 83' lang='lat' dir='ltr'>OPERE</span> <span class='ocrx_word' id='word_1_3' title='bbox 594 313 1084 380; x_wconf 86' lang='lat' dir='ltr'><strong>METAMORPHOSEON.</strong></span> <span class='ocrx_word' id='word_1_4' title='bbox 1138 315 1219 403; x_wconf 52' lang='lat' dir='ltr'><strong>⁴xlix</strong></span> 
     </span>
    </p>
   </div>
   <div class='ocr_carea' id='block_1_2' title="bbox 175 484 1220 2584">
    <p class='ocr_par' dir='ltr' id='par_1_2' title="bbox 175 484 1220 2584">
     <span class='ocr_line' id='line_1_2' title="bbox 179 484 1219 572; baseline 0.003 -22"><span class='ocrx_word' id='word_1_5' title='bbox 179 486 216 551; x_wconf 87' lang='lat' dir='ltr'><strong>de</strong></span> <span class='ocrx_word' id='word_1_6' title='bbox 239 488 436 554; x_wconf 81' lang='lat' dir='ltr'><strong>ornamentis</strong></span> <span class='ocrx_word' id='word_1_7' title='bbox 454 485 644 572; x_wconf 86' lang='lat' dir='ltr'><strong>templorum</strong></span> <span class='ocrx_word' id='word_1_8' title='bbox 665 484 874 562; x_wconf 80' lang='lat' dir='ltr'>Deucalionis</span> <span class='ocrx_word' id='word_1_9' title='bbox 893 496 988 552; x_wconf 82' lang='lat' dir='ltr'><strong>aetate</strong></span> <span class='ocrx_word' id='word_1_10' title='bbox 1007 485 1161 572; x_wconf 87' lang='lat' dir='ltr'><strong>loquitur,</strong></span> <span class='ocrx_word' id='word_1_11' title='bbox 1181 499 1219 553; x_wconf 91' lang='lat' dir='ltr'><strong>ut</strong></span> 
     </span>
     <span class='ocr_line' id='line_1_3' title="bbox 179 604 1219 690; baseline 0.002 -22"><span class='ocrx_word' id='word_1_12' title='bbox 179 604 216 668; x_wconf 87' lang='lat' dir='ltr'><strong>de</strong></span> <span class='ocrx_word' id='word_1_13' title='bbox 231 627 292 669; x_wconf 94' lang='lat' dir='ltr'><strong>suo</strong></span> <span class='ocrx_word' id='word_1_14' title='bbox 308 616 463 690; x_wconf 90' lang='lat' dir='ltr'><strong>tempore.</strong></span> <span class='ocrx_word' id='word_1_15' title='bbox 501 605 612 670; x_wconf 88' lang='lat' dir='ltr'><strong>Serius</strong></span> <span class='ocrx_word' id='word_1_16' title='bbox 626 605 723 668; x_wconf 89' lang='lat' dir='ltr'><strong>etiam</strong></span> <span class='ocrx_word' id='word_1_17' title='bbox 737 604 934 681; x_wconf 87' lang='lat' dir='ltr'><strong>acciderunt,</strong></span> <span class='ocrx_word' id='word_1_18' title='bbox 945 627 1018 688; x_wconf 88' lang='lat' dir='ltr'><strong>quae</strong></span> <span class='ocrx_word' id='word_1_19' title='bbox 1032 605 1076 668; x_wconf 91' lang='lat' dir='ltr'><strong>iii.</strong></span> <span class='ocrx_word' id='word_1_20' title='bbox 1087 605 1162 682; x_wconf 88' lang='grc'><strong><em>559,</em></strong></span> <span class='ocrx_word' id='word_1_21' title='bbox 1178 606 1219 670; x_wconf 88' lang='lat' dir='ltr'><strong>de</strong></span> 
     </span>
     <span class='ocr_line' id='line_1_4' title="bbox 176 720 1219 807; baseline 0.002 -21"><span class='ocrx_word' id='word_1_22' title='bbox 176 720 306 787; x_wconf 78' lang='lat' dir='ltr'><strong>Acrisio</strong></span> <span class='ocrx_word' id='word_1_23' title='bbox 328 734 491 788; x_wconf 86' lang='lat' dir='ltr'><strong>memorat.</strong></span> <span class='ocrx_word' id='word_1_24' title='bbox 537 723 612 788; x_wconf 83' lang='lat' dir='ltr'><strong>Jam</strong></span> <span class='ocrx_word' id='word_1_25' title='bbox 636 723 813 788; x_wconf 91' lang='lat' dir='ltr'><strong>Pandionis</strong></span> <span class='ocrx_word' id='word_1_26' title='bbox 842 733 987 807; x_wconf 90' lang='lat' dir='ltr'><strong>tempore</strong></span> <span class='ocrx_word' id='word_1_27' title='bbox 1017 723 1219 802; x_wconf 86' lang='lat' dir='ltr'><strong>Corinthum,</strong></span> 
     </span>
     <span class='ocr_line' id='line_1_5' title="bbox 176 839 1220 925; baseline 0.003 -22"><span class='ocrx_word' id='word_1_28' title='bbox 176 841 214 904; x_wconf 81' lang='lat' dir='ltr'><strong>vi.</strong></span> <span class='ocrx_word' id='word_1_29' title='bbox 231 840 309 918; x_wconf 77' lang='lat'><strong>416,</strong></span> <span class='ocrx_word' id='word_1_30' title='bbox 329 842 462 906; x_wconf 83' lang='lat' dir='ltr'><strong>nobilem</strong></span> <span class='ocrx_word' id='word_1_31' title='bbox 484 864 548 906; x_wconf 84' lang='lat' dir='ltr'><strong>cere</strong></span> <span class='ocrx_word' id='word_1_32' title='bbox 566 851 670 918; x_wconf 87' lang='lat' dir='ltr'><strong>vocat,</strong></span> <span class='ocrx_word' id='word_1_33' title='bbox 693 851 789 925; x_wconf 92' lang='lat' dir='ltr'><strong>atque</strong></span> <span class='ocrx_word' id='word_1_34' title='bbox 804 863 868 905; x_wconf 84' lang='lat' dir='ltr'><strong>ver.</strong></span> <span class='ocrx_word' id='word_1_35' title='bbox 890 841 964 918; x_wconf 78' lang='lat'><strong>423,</strong></span> <span class='ocrx_word' id='word_1_36' title='bbox 983 839 1122 906; x_wconf 84' lang='lat' dir='ltr'><strong>Athenis</strong></span> <span class='ocrx_word' id='word_1_37' title='bbox 1146 853 1220 907; x_wconf 86' lang='lat' dir='ltr'><strong>ante</strong></span> 
     </span>
     <span class='ocr_line' id='line_1_6' title="bbox 176 955 1220 1044; baseline 0.002 -23"><span class='ocrx_word' id='word_1_38' title='bbox 176 955 310 1022; x_wconf 89' lang='lat' dir='ltr'><strong>Thesea</strong></span> <span class='ocrx_word' id='word_1_39' title='bbox 324 981 428 1023; x_wconf 89' lang='lat' dir='ltr'><strong>muros</strong></span> <span class='ocrx_word' id='word_1_40' title='bbox 442 959 569 1038; x_wconf 73' lang='lat' dir='ltr'><strong>tribuit,</strong></span> <span class='ocrx_word' id='word_1_41' title='bbox 593 960 770 1044; x_wconf 89' lang='lat' dir='ltr'><strong>eodemque</strong></span> <span class='ocrx_word' id='word_1_42' title='bbox 785 969 930 1043; x_wconf 90' lang='lat' dir='ltr'><strong>tempore</strong></span> <span class='ocrx_word' id='word_1_43' title='bbox 948 970 981 1023; x_wconf 90' lang='lat' dir='ltr'><strong>et</strong></span> <span class='ocrx_word' id='word_1_44' title='bbox 995 959 1142 1025; x_wconf 87' lang='lat' dir='ltr'><strong>convivas</strong></span> <span class='ocrx_word' id='word_1_45' title='bbox 1158 961 1220 1023; x_wconf 85' lang='lat' dir='ltr'><strong>dis-</strong></span> 
     </span>
     <span class='ocr_line' id='line_1_7' title="bbox 175 1075 1220 1164; baseline -0.001 -24"><span class='ocrx_word' id='word_1_46' title='bbox 175 1077 363 1161; x_wconf 66' lang='lat' dir='ltr'><strong>cumbentea</strong></span> <span class='ocrx_word' id='word_1_47' title='bbox 374 1078 437 1142; x_wconf 89' lang='lat' dir='ltr'><strong>viii.</strong></span> <span class='ocrx_word' id='word_1_48' title='bbox 455 1080 529 1155; x_wconf 85' lang='lat'><strong>565,</strong></span> <span class='ocrx_word' id='word_1_49' title='bbox 544 1079 599 1142; x_wconf 83' lang='lat' dir='ltr'><strong>xii.</strong></span> <span class='ocrx_word' id='word_1_50' title='bbox 619 1080 689 1157; x_wconf 89' lang='grc'>155,</span> <span class='ocrx_word' id='word_1_51' title='bbox 705 1079 808 1164; x_wconf 88' lang='lat' dir='ltr'><strong>fingit.</strong></span> <span class='ocrx_word' id='word_1_52' title='bbox 847 1077 1015 1141; x_wconf 87' lang='lat' dir='ltr'><strong>Interdum</strong></span> <span class='ocrx_word' id='word_1_53' title='bbox 1029 1088 1135 1141; x_wconf 90' lang='lat' dir='ltr'><strong>tamen</strong></span> <span class='ocrx_word' id='word_1_54' title='bbox 1150 1075 1220 1140; x_wconf 89' lang='lat' dir='ltr'><strong>dili-</strong></span> 
     </span>
     <span class='ocr_line' id='line_1_8' title="bbox 175 1193 1217 1282; baseline -0.003 -23"><span class='ocrx_word' id='word_1_55' title='bbox 175 1197 305 1279; x_wconf 86' lang='lat' dir='ltr'><strong>gentius</strong></span> <span class='ocrx_word' id='word_1_56' title='bbox 324 1197 447 1275; x_wconf 88' lang='lat' dir='ltr'><strong>scribit,</strong></span> <span class='ocrx_word' id='word_1_57' title='bbox 462 1208 509 1275; x_wconf 92' lang='lat' dir='ltr'><strong>ut,</strong></span> <span class='ocrx_word' id='word_1_58' title='bbox 525 1198 558 1262; x_wconf 91' lang='lat' dir='ltr'><strong>ii.</strong></span> <span class='ocrx_word' id='word_1_59' title='bbox 577 1199 652 1275; x_wconf 76' lang='lat'><strong>219,</strong></span> <span class='ocrx_word' id='word_1_60' title='bbox 672 1199 804 1262; x_wconf 84' lang='lat' dir='ltr'><strong>nondum</strong></span> <span class='ocrx_word' id='word_1_61' title='bbox 823 1195 982 1282; x_wconf 88' lang='lat' dir='ltr'><strong>OEagrius</strong></span> <span class='ocrx_word' id='word_1_62' title='bbox 1000 1193 1155 1268; x_wconf 84' lang='lat' dir='ltr'><strong>Hcemus,·</strong></span> <span class='ocrx_word' id='word_1_63' title='bbox 1177 1194 1217 1256; x_wconf 89' lang='lat' dir='ltr'><strong>vi.</strong></span> 
     </span>
     <span class='ocr_line' id='line_1_9' title="bbox 175 1311 1220 1401; baseline -0.001 -25"><span class='ocrx_word' id='word_1_64' title='bbox 175 1313 249 1391; x_wconf 77' lang='lat'><strong>415,</strong></span> <span class='ocrx_word' id='word_1_65' title='bbox 264 1315 416 1379; x_wconf 83' lang='lat' dir='ltr'><strong>Nomium</strong></span> <span class='ocrx_word' id='word_1_66' title='bbox 434 1325 531 1381; x_wconf 87' lang='lat' dir='ltr'><strong>torace</strong></span> <span class='ocrx_word' id='word_1_67' title='bbox 550 1317 695 1401; x_wconf 74' lang='lat' dir='ltr'><strong>Calydon</strong></span> <span class='ocrx_word' id='word_1_68' title='bbox 708 1316 811 1380; x_wconf 85' lang='lat' dir='ltr'><strong>inuisa</strong></span> <span class='ocrx_word' id='word_1_69' title='bbox 825 1315 966 1388; x_wconf 81' lang='lat' dir='ltr'><strong>Dianae,·</strong></span> <span class='ocrx_word' id='word_1_70' title='bbox 981 1336 1046 1377; x_wconf 89' lang='lat' dir='ltr'><strong>ver.</strong></span> <span class='ocrx_word' id='word_1_71' title='bbox 1063 1313 1138 1389; x_wconf 80' lang='lat'><strong>418,</strong></span> <span class='ocrx_word' id='word_1_72' title='bbox 1152 1311 1220 1401; x_wconf 89' lang='lat' dir='ltr'><strong>Ne·</strong></span> 
     </span>
     <span class='ocr_line' id='line_1_10' title="bbox 175 1431 1219 1524; baseline -0.004 -28"><span class='ocrx_word' id='word_1_73' title='bbox 175 1454 233 1516; x_wconf 87' lang='lat' dir='ltr'><strong>que</strong></span> <span class='ocrx_word' id='word_1_74' title='bbox 254 1433 360 1497; x_wconf 85' lang='lat' dir='ltr'><strong>adhuc</strong></span> <span class='ocrx_word' id='word_1_75' title='bbox 375 1434 519 1497; x_wconf 74' lang='lat' dir='ltr'><strong>Pittheia</strong></span> <span class='ocrx_word' id='word_1_76' title='bbox 546 1435 686 1498; x_wconf 73' lang='lat' dir='ltr'><strong>Troezen.</strong></span> <span class='ocrx_word' id='word_1_77' title='bbox 722 1431 958 1516; x_wconf 87' lang='lat' dir='ltr'><strong>Mythologiam</strong></span> <span class='ocrx_word' id='word_1_78' title='bbox 981 1441 1014 1524; x_wconf 91' lang='lat' dir='ltr'><strong>et</strong></span> <span class='ocrx_word' id='word_1_79' title='bbox 1033 1453 1140 1495; x_wconf 89' lang='lat' dir='ltr'><strong>rerum</strong></span> <span class='ocrx_word' id='word_1_80' title='bbox 1164 1453 1219 1493; x_wconf 91' lang='lat' dir='ltr'><strong>na-</strong></span> 
     </span>
     <span class='ocr_line' id='line_1_11' title="bbox 175 1549 1219 1637; baseline 0 -23"><span class='ocrx_word' id='word_1_81' title='bbox 175 1559 281 1615; x_wconf 89' lang='lat' dir='ltr'><strong>turam</strong></span> <span class='ocrx_word' id='word_1_82' title='bbox 296 1573 526 1637; x_wconf 89' lang='lat' dir='ltr'><strong>nonnunquam</strong></span> <span class='ocrx_word' id='word_1_83' title='bbox 540 1552 717 1617; x_wconf 83' lang='lat' dir='ltr'><strong>confundit.</strong></span> <span class='ocrx_word' id='word_1_84' title='bbox 755 1553 904 1628; x_wconf 87' lang='lat' dir='ltr'><strong>Triones,</strong></span> <span class='ocrx_word' id='word_1_85' title='bbox 917 1551 1122 1616; x_wconf 85' lang='lat' dir='ltr'><strong>Phaethonte</strong></span> <span class='ocrx_word' id='word_1_86' title='bbox 1135 1549 1219 1615; x_wconf 90' lang='lat' dir='ltr'><strong>Solis</strong></span> 
     </span>
     <span class='ocr_line' id='line_1_12' title="bbox 176 1670 1218 1755; baseline -0.002 -21"><span class='ocrx_word' id='word_1_87' title='bbox 176 1690 307 1734; x_wconf 86' lang='lat' dir='ltr'><strong>currum</strong></span> <span class='ocrx_word' id='word_1_88' title='bbox 330 1680 458 1754; x_wconf 86' lang='lat' dir='ltr'><strong>agente,</strong></span> <span class='ocrx_word' id='word_1_89' title='bbox 476 1681 611 1748; x_wconf 88' lang='lat' dir='ltr'><strong>tentant,</strong></span> <span class='ocrx_word' id='word_1_90' title='bbox 630 1671 663 1735; x_wconf 90' lang='lat' dir='ltr'><strong>ii.</strong></span> <span class='ocrx_word' id='word_1_91' title='bbox 689 1672 761 1747; x_wconf 75' lang='lat' dir='ltr'><strong>lta,</strong></span> <span class='ocrx_word' id='word_1_92' title='bbox 783 1672 878 1735; x_wconf 86' lang='lat' dir='ltr'><strong>uetito</strong></span> <span class='ocrx_word' id='word_1_93' title='bbox 897 1693 1023 1755; x_wconf 84' lang='lat' dir='ltr'><strong>cequore</strong></span> <span class='ocrx_word' id='word_1_94' title='bbox 1042 1670 1156 1754; x_wconf 88' lang='lat' dir='ltr'><strong>tingui,</strong></span> <span class='ocrx_word' id='word_1_95' title='bbox 1174 1679 1218 1745; x_wconf 89' lang='lat' dir='ltr'><strong>et,</strong></span> 
     </span>
     <span class='ocr_line' id='line_1_13' title="bbox 175 1787 1219 1873; baseline -0.002 -23"><span class='ocrx_word' id='word_1_96' title='bbox 175 1809 241 1851; x_wconf 88' lang='lat' dir='ltr'><strong>ver.</strong></span> <span class='ocrx_word' id='word_1_97' title='bbox 259 1789 335 1864; x_wconf 85' lang='lat'><strong>530,</strong></span> <span class='ocrx_word' id='word_1_98' title='bbox 351 1788 478 1852; x_wconf 90' lang='lat' dir='ltr'><strong>demum</strong></span> <span class='ocrx_word' id='word_1_99' title='bbox 493 1787 580 1853; x_wconf 90' lang='lat' dir='ltr'><strong>Juno</strong></span> <span class='ocrx_word' id='word_1_100' title='bbox 595 1788 659 1853; x_wconf 90' lang='lat' dir='ltr'><strong>hoc</strong></span> <span class='ocrx_word' id='word_1_101' title='bbox 677 1790 863 1873; x_wconf 71' lang='lat' dir='ltr'><strong>impetrasse</strong></span> <span class='ocrx_word' id='word_1_102' title='bbox 878 1788 1008 1871; x_wconf 86' lang='lat' dir='ltr'><strong>legitur,</strong></span> <span class='ocrx_word' id='word_1_103' title='bbox 1024 1799 1060 1852; x_wconf 94' lang='lat' dir='ltr'><strong>ut</strong></span> <span class='ocrx_word' id='word_1_104' title='bbox 1074 1798 1219 1851; x_wconf 86' lang='lat' dir='ltr'><strong>vetaren-</strong></span> 
     </span>
     <span class='ocr_line' id='line_1_14' title="bbox 176 1903 1218 1991; baseline 0.001 -24"><span class='ocrx_word' id='word_1_105' title='bbox 176 1912 228 1967; x_wconf 88' lang='lat' dir='ltr'><strong>tur</strong></span> <span class='ocrx_word' id='word_1_106' title='bbox 243 1905 359 1989; x_wconf 86' lang='lat' dir='ltr'><strong>tingui.</strong></span> <span class='ocrx_word' id='word_1_107' title='bbox 395 1904 474 1970; x_wconf 90' lang='lat' dir='ltr'><strong>Ver.</strong></span> <span class='ocrx_word' id='word_1_108' title='bbox 490 1907 565 1983; x_wconf 69' lang='lat'><strong>253,</strong></span> <span class='ocrx_word' id='word_1_109' title='bbox 582 1909 672 1991; x_wconf 86' lang='lat' dir='ltr'><strong>cycni</strong></span> <span class='ocrx_word' id='word_1_110' title='bbox 687 1906 849 1972; x_wconf 90' lang='lat' dir='ltr'><strong>calescunt</strong></span> <span class='ocrx_word' id='word_1_111' title='bbox 863 1908 896 1970; x_wconf 89' lang='lat' dir='ltr'><strong>in</strong></span> <span class='ocrx_word' id='word_1_112' title='bbox 912 1907 1059 1989; x_wconf 89' lang='lat' dir='ltr'><strong>Caystro,</strong></span> <span class='ocrx_word' id='word_1_113' title='bbox 1076 1917 1109 1970; x_wconf 94' lang='lat' dir='ltr'><strong>et</strong></span> <span class='ocrx_word' id='word_1_114' title='bbox 1122 1903 1218 1989; x_wconf 85' lang='lat' dir='ltr'><strong>paulo</strong></span> 
     </span>
     <span class='ocr_line' id='line_1_15' title="bbox 177 2022 1218 2110; baseline 0.001 -25"><span class='ocrx_word' id='word_1_115' title='bbox 177 2022 292 2098; x_wconf 87' lang='lat' dir='ltr'><strong>serius,</strong></span> <span class='ocrx_word' id='word_1_116' title='bbox 308 2046 374 2087; x_wconf 87' lang='lat' dir='ltr'><strong>ver.</strong></span> <span class='ocrx_word' id='word_1_117' title='bbox 396 2025 470 2100; x_wconf 90' lang='grc'>377,</span> <span class='ocrx_word' id='word_1_118' title='bbox 493 2024 619 2109; x_wconf 89' lang='lat' dir='ltr'><strong>Cycnus</strong></span> <span class='ocrx_word' id='word_1_119' title='bbox 636 2048 694 2089; x_wconf 88' lang='lat' dir='ltr'><strong>rex</strong></span> <span class='ocrx_word' id='word_1_120' title='bbox 716 2025 755 2091; x_wconf 87' lang='lat' dir='ltr'><strong>fit</strong></span> <span class='ocrx_word' id='word_1_121' title='bbox 772 2049 853 2090; x_wconf 87' lang='lat' dir='ltr'><strong>noua</strong></span> <span class='ocrx_word' id='word_1_122' title='bbox 872 2026 939 2092; x_wconf 82' lang='lat' dir='ltr'><strong>avis</strong></span> <span class='ocrx_word' id='word_1_123' title='bbox 959 2025 1056 2110; x_wconf 92' lang='lat' dir='ltr'><strong>hujus</strong></span> <span class='ocrx_word' id='word_1_124' title='bbox 1073 2025 1218 2087; x_wconf 89' lang='lat' dir='ltr'><strong>nominis.</strong></span> 
     </span>
     <span class='ocr_line' id='line_1_16' title="bbox 177 2140 1218 2242; baseline 0 -38"><span class='ocrx_word' id='word_1_125' title='bbox 177 2140 300 2206; x_wconf 90' lang='lat' dir='ltr'><strong>Peccat</strong></span> <span class='ocrx_word' id='word_1_126' title='bbox 315 2142 452 2208; x_wconf 89' lang='lat' dir='ltr'><strong>Ovidius</strong></span> <span class='ocrx_word' id='word_1_127' title='bbox 467 2146 628 2210; x_wconf 90' lang='lat' dir='ltr'><strong>interdum</strong></span> <span class='ocrx_word' id='word_1_128' title='bbox 643 2156 676 2210; x_wconf 93' lang='lat' dir='ltr'><strong>et</strong></span> <span class='ocrx_word' id='word_1_129' title='bbox 694 2147 727 2209; x_wconf 93' lang='lat' dir='ltr'><strong>in</strong></span> <span class='ocrx_word' id='word_1_130' title='bbox 742 2145 894 2242; x_wconf 82' lang='lat' dir='ltr'><strong>physicis,</strong></span> <span class='ocrx_word' id='word_1_131' title='bbox 910 2154 946 2207; x_wconf 93' lang='lat' dir='ltr'><strong>ut</strong></span> <span class='ocrx_word' id='word_1_132' title='bbox 960 2165 1069 2227; x_wconf 91' lang='lat' dir='ltr'><strong>quum,</strong></span> <span class='ocrx_word' id='word_1_133' title='bbox 1084 2143 1127 2204; x_wconf 91' lang='lat' dir='ltr'><strong>iii.</strong></span> <span class='ocrx_word' id='word_1_134' title='bbox 1143 2142 1218 2217; x_wconf 91' lang='grc'>675,</span> 
     </span>
     <span class='ocr_line' id='line_1_17' title="bbox 177 2261 1220 2348; baseline 0 -25"><span class='ocrx_word' id='word_1_135' title='bbox 177 2261 334 2347; x_wconf 81' lang='lat' dir='ltr'><strong>dehphinis</strong></span> <span class='ocrx_word' id='word_1_136' title='bbox 348 2285 497 2346; x_wconf 89' lang='lat' dir='ltr'><strong>squamas</strong></span> <span class='ocrx_word' id='word_1_137' title='bbox 511 2264 633 2328; x_wconf 89' lang='lat' dir='ltr'><strong>tribuit.</strong></span> <span class='ocrx_word' id='word_1_138' title='bbox 664 2263 895 2348; x_wconf 79' lang='lat' dir='ltr'><strong>Repetitionem</strong></span> <span class='ocrx_word' id='word_1_139' title='bbox 906 2262 1050 2346; x_wconf 88' lang='lat' dir='ltr'><strong>ejusdem</strong></span> <span class='ocrx_word' id='word_1_140' title='bbox 1061 2261 1150 2325; x_wconf 91' lang='lat' dir='ltr'><strong>verbi</strong></span> <span class='ocrx_word' id='word_1_141' title='bbox 1164 2270 1220 2323; x_wconf 91' lang='lat' dir='ltr'><strong>aut</strong></span> 
     </span>
     <span class='ocr_line' id='line_1_18' title="bbox 178 2375 1220 2465; baseline -0.001 -24"><span class='ocrx_word' id='word_1_142' title='bbox 178 2375 370 2443; x_wconf 88' lang='lat' dir='ltr'><strong>hemistichii</strong></span> <span class='ocrx_word' id='word_1_143' title='bbox 392 2391 448 2444; x_wconf 91' lang='lat' dir='ltr'><strong>aut</strong></span> <span class='ocrx_word' id='word_1_144' title='bbox 466 2381 583 2465; x_wconf 88' lang='lat' dir='ltr'><strong>integri</strong></span> <span class='ocrx_word' id='word_1_145' title='bbox 600 2403 711 2445; x_wconf 89' lang='lat' dir='ltr'><strong>versus</strong></span> <span class='ocrx_word' id='word_1_146' title='bbox 731 2382 818 2445; x_wconf 92' lang='lat' dir='ltr'><strong>vario</strong></span> <span class='ocrx_word' id='word_1_147' title='bbox 840 2381 935 2444; x_wconf 91' lang='lat' dir='ltr'><strong>modo</strong></span> <span class='ocrx_word' id='word_1_148' title='bbox 951 2380 1104 2464; x_wconf 57' lang='lat' dir='ltr'><strong>affectat,</strong></span> <span class='ocrx_word' id='word_1_149' title='bbox 1120 2400 1220 2463; x_wconf 88' lang='lat' dir='ltr'><strong>quan·</strong></span> 
     </span>
     <span class='ocr_line' id='line_1_19' title="bbox 179 2492 1220 2584; baseline -0.001 -24"><span class='ocrx_word' id='word_1_150' title='bbox 179 2518 273 2580; x_wconf 89' lang='lat' dir='ltr'><strong>quam</strong></span> <span class='ocrx_word' id='word_1_151' title='bbox 286 2492 372 2562; x_wconf 90' lang='lat' dir='ltr'><strong>ineo</strong></span> <span class='ocrx_word' id='word_1_152' title='bbox 386 2499 546 2567; x_wconf 88' lang='lat' dir='ltr'><strong>interdum</strong></span> <span class='ocrx_word' id='word_1_153' title='bbox 557 2501 603 2564; x_wconf 91' lang='lat' dir='ltr'><strong>vis</strong></span> <span class='ocrx_word' id='word_1_154' title='bbox 615 2499 721 2584; x_wconf 92' lang='lat' dir='ltr'><strong>aliqua</strong></span> <span class='ocrx_word' id='word_1_155' title='bbox 732 2509 787 2564; x_wconf 91' lang='lat' dir='ltr'><strong>aut</strong></span> <span class='ocrx_word' id='word_1_156' title='bbox 801 2500 900 2563; x_wconf 90' lang='lat' dir='ltr'><strong>virtus</strong></span> <span class='ocrx_word' id='word_1_157' title='bbox 915 2499 1073 2563; x_wconf 79' lang='lat' dir='ltr'><strong>inest—i.</strong></span> <span class='ocrx_word' id='word_1_158' title='bbox 1090 2499 1148 2560; x_wconf 82' lang='lat'><strong>33:</strong></span> <span class='ocrx_word' id='word_1_159' title='bbox 1172 2520 1220 2560; x_wconf 92' lang='lat' dir='ltr'><strong>se-</strong></span> 
     </span>
    </p>
   </div>
   <div class='ocr_carea' id='block_1_3' title="bbox 178 2587 1216 2703">
    <p class='ocr_par' dir='ltr' id='par_1_3' title="bbox 178 2587 1216 2703">
     <span class='ocr_line' id='line_1_20' title="bbox 178 2587 1216 2703; baseline -0.002 -24"><span class='ocrx_word' id='word_1_160' title='bbox 178 2616 251 2693; x_wconf 84' lang='lat' dir='ltr'><strong>cuit,</strong></span> <span class='ocrx_word' id='word_1_161' title='bbox 263 2625 452 2700; x_wconf 82' lang='lat' dir='ltr'><strong>sectamque.</strong></span> <span class='ocrx_word' id='word_1_162' title='bbox 476 2617 555 2682; x_wconf 87' lang='lat' dir='ltr'><strong>Ver.</strong></span> <span class='ocrx_word' id='word_1_163' title='bbox 571 2619 644 2682; x_wconf 73' lang='lat' dir='ltr'><strong>ltu:</strong></span> <span class='ocrx_word' id='word_1_164' title='bbox 655 2587 860 2703; x_wconf 67' lang='lat' dir='ltr'><strong>proclianum</strong></span> <span class='ocrx_word' id='word_1_165' title='bbox 869 2597 981 2702; x_wconf 76' lang='lat' dir='ltr'><strong>praeiit</strong></span> <span class='ocrx_word' id='word_1_166' title='bbox 993 2616 1114 2680; x_wconf 79' lang='lat' dir='ltr'><strong>helhum.</strong></span> <span class='ocrx_word' id='word_1_167' title='bbox 1138 2613 1216 2679; x_wconf 88' lang='lat' dir='ltr'><strong>Ver.</strong></span> 
     </span>
    </p>
   </div>
   <div class='ocr_carea' id='block_1_4' title="bbox 174 2734 1252 3996">
    <p class='ocr_par' dir='ltr' id='par_1_4' title="bbox 174 2734 1252 3996">
     <span class='ocr_line' id='line_1_21' title="bbox 181 2734 1252 2822; baseline -0.003 -24"><span class='ocrx_word' id='word_1_168' title='bbox 181 2735 256 2799; x_wconf 85' lang='lat'>158:</span> <span class='ocrx_word' id='word_1_169' title='bbox 281 2737 450 2801; x_wconf 78' lang='lat' dir='ltr'><strong>incaluisse</strong></span> <span class='ocrx_word' id='word_1_170' title='bbox 460 2738 586 2822; x_wconf 84' lang='lat' dir='ltr'><strong>serunt,</strong></span> <span class='ocrx_word' id='word_1_171' title='bbox 603 2738 808 2820; x_wconf 81' lang='lat' dir='ltr'><strong>calidumque.</strong></span> <span class='ocrx_word' id='word_1_172' title='bbox 847 2734 926 2799; x_wconf 88' lang='lat' dir='ltr'><strong>Ver.</strong></span> <span class='ocrx_word' id='word_1_173' title='bbox 943 2735 1007 2799; x_wconf 68' lang='lat'><strong>206</strong></span> <span class='ocrx_word' id='word_1_174' title='bbox 1026 2756 1115 2817; x_wconf 88' lang='lat' dir='ltr'><strong>sqq.:</strong></span> <span class='ocrx_word' id='word_1_175' title='bbox 1139 2756 1219 2796; x_wconf 87' lang='lat' dir='ltr'><strong>com·</strong></span> <span class='ocrx_word' id='word_1_176' title='bbox 1249 2746 1252 2750; x_wconf 86' lang='grc'><strong><em>’</em></strong></span> 
     </span>
     <span class='ocr_line' id='line_1_22' title="bbox 174 2833 1220 2939; baseline -0.003 -22"><span class='ocrx_word' id='word_1_177' title='bbox 174 2854 472 2939; x_wconf 56' lang='lat' dir='ltr'><strong>messit-pressam.</strong></span> <span class='ocrx_word' id='word_1_178' title='bbox 514 2833 597 2918; x_wconf 74' lang='lat' dir='ltr'><strong>Ver.</strong></span> <span class='ocrx_word' id='word_1_179' title='bbox 614 2854 696 2917; x_wconf 76' lang='lat'><strong>642:</strong></span> <span class='ocrx_word' id='word_1_180' title='bbox 719 2853 844 2917; x_wconf 81' lang='lat' dir='ltr'><strong>Naides</strong></span> <span class='ocrx_word' id='word_1_181' title='bbox 863 2853 1023 2938; x_wconf 87' lang='lat' dir='ltr'><strong>ignorant,</strong></span> <span class='ocrx_word' id='word_1_182' title='bbox 1039 2852 1168 2938; x_wconf 80' lang='lat' dir='ltr'><strong>ignorat</strong></span> <span class='ocrx_word' id='word_1_183' title='bbox 1189 2859 1220 2914; x_wconf 88' lang='lat' dir='ltr'><strong>et</strong></span> 
     </span>
     <span class='ocr_line' id='line_1_23' title="bbox 180 2970 1220 3058; baseline -0.001 -23"><span class='ocrx_word' id='word_1_184' title='bbox 180 2972 318 3036; x_wconf 80' lang='lat' dir='ltr'><strong>Inachus</strong></span> <span class='ocrx_word' id='word_1_185' title='bbox 331 2973 410 3058; x_wconf 82' lang='lat' dir='ltr'><strong>ipse.</strong></span> <span class='ocrx_word' id='word_1_186' title='bbox 456 2972 535 3037; x_wconf 87' lang='lat' dir='ltr'><strong>Ver.</strong></span> <span class='ocrx_word' id='word_1_187' title='bbox 553 2973 616 3038; x_wconf 83' lang='grc'><strong>643</strong></span> <span class='ocrx_word' id='word_1_188' title='bbox 626 2995 633 3034; x_wconf 90' lang='lat'>:</span> <span class='ocrx_word' id='word_1_189' title='bbox 643 2980 772 3057; x_wconf 78' lang='lat' dir='ltr'><strong>patrem</strong></span> <span class='ocrx_word' id='word_1_190' title='bbox 786 2970 939 3054; x_wconf 87' lang='lat' dir='ltr'><strong>sequitur,</strong></span> <span class='ocrx_word' id='word_1_191' title='bbox 955 2970 1157 3054; x_wconf 80' lang='lat' dir='ltr'><strong>sequiturque</strong></span> <span class='ocrx_word' id='word_1_192' title='bbox 1171 2992 1220 3034; x_wconf 91' lang='lat' dir='ltr'><strong>so-</strong></span> 
     </span>
     <span class='ocr_line' id='line_1_24' title="bbox 179 3090 1220 3155; baseline -0.001 -3"><span class='ocrx_word' id='word_1_193' title='bbox 179 3090 354 3154; x_wconf 76' lang='lat' dir='ltr'><strong>rores—ii.</strong></span> <span class='ocrx_word' id='word_1_194' title='bbox 371 3092 451 3155; x_wconf 88' lang='lat'><strong>399:</strong></span> <span class='ocrx_word' id='word_1_195' title='bbox 475 3093 585 3155; x_wconf 80' lang='lat' dir='ltr'><strong>seuit:</strong></span> <span class='ocrx_word' id='word_1_196' title='bbox 598 3091 869 3155; x_wconf 65' lang='lat' dir='ltr'><strong>&amp;eratenim-v.</strong></span> <span class='ocrx_word' id='word_1_197' title='bbox 890 3090 945 3152; x_wconf 84' lang='lat'><strong>15:</strong></span> <span class='ocrx_word' id='word_1_198' title='bbox 963 3090 1126 3152; x_wconf 81' lang='lat' dir='ltr'><strong>deseruere</strong></span> <span class='ocrx_word' id='word_1_199' title='bbox 1145 3110 1220 3151; x_wconf 91' lang='lat' dir='ltr'><strong>suas</strong></span> 
     </span>
     <span class='ocr_line' id='line_1_25' title="bbox 179 3206 1221 3292; baseline 0.001 -24"><span class='ocrx_word' id='word_1_200' title='bbox 179 3206 340 3292; x_wconf 69' lang='lat' dir='ltr'><strong>Nymphae</strong></span> <span class='ocrx_word' id='word_1_201' title='bbox 361 3207 465 3272; x_wconf 88' lang='lat' dir='ltr'><strong>uineta</strong></span> <span class='ocrx_word' id='word_1_202' title='bbox 488 3208 623 3292; x_wconf 83' lang='lat' dir='ltr'><strong>Tqmohi,</strong></span> <span class='ocrx_word' id='word_1_203' title='bbox 639 3208 819 3272; x_wconf 86' lang='lat' dir='ltr'><strong>Deseruere</strong></span> <span class='ocrx_word' id='word_1_204' title='bbox 839 3229 914 3270; x_wconf 91' lang='lat' dir='ltr'><strong>suas</strong></span> <span class='ocrx_word' id='word_1_205' title='bbox 928 3207 1088 3291; x_wconf 72' lang='lat' dir='ltr'><strong>Nympha</strong></span> <span class='ocrx_word' id='word_1_206' title='bbox 1103 3206 1221 3270; x_wconf 83' lang='lat' dir='ltr'><strong>Paeto-</strong></span> 
     </span>
     <span class='ocr_line' id='line_1_26' title="bbox 180 3323 1221 3412; baseline 0.002 -26"><span class='ocrx_word' id='word_1_207' title='bbox 180 3323 256 3388; x_wconf 83' lang='lat' dir='ltr'><strong>lides</strong></span> <span class='ocrx_word' id='word_1_208' title='bbox 275 3327 472 3390; x_wconf 76' lang='lat' dir='ltr'><strong>undas—vi.</strong></span> <span class='ocrx_word' id='word_1_209' title='bbox 486 3328 566 3390; x_wconf 81' lang='lat'>419:</span> <span class='ocrx_word' id='word_1_210' title='bbox 590 3327 731 3412; x_wconf 72' lang='lat' dir='ltr'><strong>Quaeque</strong></span> <span class='ocrx_word' id='word_1_211' title='bbox 744 3329 836 3391; x_wconf 88' lang='lat' dir='ltr'><strong>urhes</strong></span> <span class='ocrx_word' id='word_1_212' title='bbox 851 3327 925 3390; x_wconf 80' lang='lat' dir='ltr'><strong>aliae</strong></span> <span class='ocrx_word' id='word_1_213' title='bbox 940 3326 1053 3388; x_wconf 84' lang='lat' dir='ltr'><strong>bimari</strong></span> <span class='ocrx_word' id='word_1_214' title='bbox 1073 3327 1221 3388; x_wconf 82' lang='lat' dir='ltr'><strong>claudun·</strong></span> 
     </span>
     <span class='ocr_line' id='line_1_27' title="bbox 179 3442 1221 3530; baseline 0.001 -27"><span class='ocrx_word' id='word_1_215' title='bbox 179 3449 228 3504; x_wconf 90' lang='lat' dir='ltr'><strong>tur</strong></span> <span class='ocrx_word' id='word_1_216' title='bbox 241 3443 284 3506; x_wconf 91' lang='lat' dir='ltr'><strong>ah</strong></span> <span class='ocrx_word' id='word_1_217' title='bbox 299 3442 429 3521; x_wconf 80' lang='lat' dir='ltr'><strong>Isthmo,</strong></span> <span class='ocrx_word' id='word_1_218' title='bbox 446 3445 663 3530; x_wconf 81' lang='lat' dir='ltr'><strong>Enteriusque</strong></span> <span class='ocrx_word' id='word_1_219' title='bbox 672 3447 743 3509; x_wconf 84' lang='lat' dir='ltr'><strong>sitce</strong></span> <span class='ocrx_word' id='word_1_220' title='bbox 758 3445 871 3509; x_wconf 87' lang='lat' dir='ltr'><strong>bimari</strong></span> <span class='ocrx_word' id='word_1_221' title='bbox 885 3452 1067 3528; x_wconf 80' lang='lat' dir='ltr'><strong>spectantur</strong></span> <span class='ocrx_word' id='word_1_222' title='bbox 1080 3444 1121 3505; x_wconf 86' lang='lat' dir='ltr'><strong>ab</strong></span> <span class='ocrx_word' id='word_1_223' title='bbox 1136 3443 1221 3505; x_wconf 89' lang='lat' dir='ltr'><strong>Isth·</strong></span> 
     </span>
     <span class='ocr_line' id='line_1_28' title="bbox 179 3561 1221 3645; baseline -0.001 -23"><span class='ocrx_word' id='word_1_224' title='bbox 179 3561 347 3624; x_wconf 87' lang='lat' dir='ltr'><strong>mo.—-viii.</strong></span> <span class='ocrx_word' id='word_1_225' title='bbox 363 3563 444 3625; x_wconf 71' lang='lat'>628:</span> <span class='ocrx_word' id='word_1_226' title='bbox 462 3563 557 3626; x_wconf 78' lang='lat' dir='ltr'><strong>Mille</strong></span> <span class='ocrx_word' id='word_1_227' title='bbox 572 3565 678 3627; x_wconf 83' lang='lat' dir='ltr'><strong>domos</strong></span> <span class='ocrx_word' id='word_1_228' title='bbox 696 3564 816 3638; x_wconf 84' lang='lat' dir='ltr'><strong>adiere,</strong></span> <span class='ocrx_word' id='word_1_229' title='bbox 832 3564 932 3626; x_wconf 83' lang='lat' dir='ltr'><strong>locum</strong></span> <span class='ocrx_word' id='word_1_230' title='bbox 951 3561 1148 3645; x_wconf 86' lang='lat' dir='ltr'><strong>requiemque</strong></span> <span class='ocrx_word' id='word_1_231' title='bbox 1160 3580 1221 3642; x_wconf 78' lang='lat' dir='ltr'><strong>pe-</strong></span> 
     </span>
     <span class='ocr_line' id='line_1_29' title="bbox 180 3678 1220 3761; baseline 0 -23"><span class='ocrx_word' id='word_1_232' title='bbox 180 3684 299 3740; x_wconf 84' lang='lat' dir='ltr'><strong>tentes:</strong></span> <span class='ocrx_word' id='word_1_233' title='bbox 318 3678 415 3742; x_wconf 82' lang='lat' dir='ltr'><strong>Mihle</strong></span> <span class='ocrx_word' id='word_1_234' title='bbox 436 3681 543 3743; x_wconf 86' lang='lat' dir='ltr'><strong>domos</strong></span> <span class='ocrx_word' id='word_1_235' title='bbox 561 3681 703 3745; x_wconf 83' lang='lat' dir='ltr'><strong>clausere</strong></span> <span class='ocrx_word' id='word_1_236' title='bbox 722 3682 876 3745; x_wconf 77' lang='lat' dir='ltr'><strong>serre—i.</strong></span> <span class='ocrx_word' id='word_1_237' title='bbox 894 3680 974 3743; x_wconf 73' lang='lat'>325:</span> <span class='ocrx_word' id='word_1_238' title='bbox 991 3679 1039 3742; x_wconf 90' lang='lat' dir='ltr'><strong>Et</strong></span> <span class='ocrx_word' id='word_1_239' title='bbox 1057 3698 1220 3761; x_wconf 80' lang='lat' dir='ltr'><strong>superesse</strong></span> 
     </span>
     <span class='ocr_line' id='line_1_30' title="bbox 180 3794 1220 3883; baseline 0.001 -27"><span class='ocrx_word' id='word_1_240' title='bbox 180 3794 262 3857; x_wconf 84' lang='lat' dir='ltr'><strong>ridet</strong></span> <span class='ocrx_word' id='word_1_241' title='bbox 281 3796 321 3858; x_wconf 86' lang='lat' dir='ltr'><strong>de</strong></span> <span class='ocrx_word' id='word_1_242' title='bbox 340 3804 386 3858; x_wconf 89' lang='lat' dir='ltr'><strong>tot</strong></span> <span class='ocrx_word' id='word_1_243' title='bbox 404 3799 494 3861; x_wconf 83' lang='lat' dir='ltr'><strong>modo</strong></span> <span class='ocrx_word' id='word_1_244' title='bbox 509 3799 645 3862; x_wconf 84' lang='lat' dir='ltr'><strong>mihihas</strong></span> <span class='ocrx_word' id='word_1_245' title='bbox 664 3823 766 3877; x_wconf 89' lang='lat' dir='ltr'><strong>unum,</strong></span> <span class='ocrx_word' id='word_1_246' title='bbox 782 3801 830 3864; x_wconf 89' lang='lat' dir='ltr'><strong>Et</strong></span> <span class='ocrx_word' id='word_1_247' title='bbox 843 3820 1005 3883; x_wconf 79' lang='lat' dir='ltr'><strong>superesse</strong></span> <span class='ocrx_word' id='word_1_248' title='bbox 1021 3797 1105 3861; x_wconf 86' lang='lat' dir='ltr'><strong>uidet</strong></span> <span class='ocrx_word' id='word_1_249' title='bbox 1122 3797 1160 3858; x_wconf 83' lang='lat' dir='ltr'><strong>de</strong></span> <span class='ocrx_word' id='word_1_250' title='bbox 1174 3804 1220 3858; x_wconf 86' lang='lat' dir='ltr'><strong>tot</strong></span> 
     </span>
     <span class='ocr_line' id='line_1_31' title="bbox 180 3913 1160 3996; baseline 0.008 -22"><span class='ocrx_word' id='word_1_251' title='bbox 180 3913 266 3975; x_wconf 75' lang='lat' dir='ltr'><strong>niodo</strong></span> <span class='ocrx_word' id='word_1_252' title='bbox 282 3913 418 3978; x_wconf 80' lang='lat' dir='ltr'><strong>millibus</strong></span> <span class='ocrx_word' id='word_1_253' title='bbox 431 3917 620 3981; x_wconf 84' lang='lat' dir='ltr'><strong>uuam—iv.</strong></span> <span class='ocrx_word' id='word_1_254' title='bbox 637 3919 711 3996; x_wconf 88' lang='grc'>306,</span> <span class='ocrx_word' id='word_1_255' title='bbox 727 3918 765 3981; x_wconf 88' lang='lat'><strong>9:</strong></span> <span class='ocrx_word' id='word_1_256' title='bbox 1154 3922 1160 3934; x_wconf 85' lang='lat'><em>&#39;</em></span> 
     </span>
    </p>
   </div>
   <div class='ocr_carea' id='block_1_5' title="bbox 220 4044 1035 4352">
    <p class='ocr_par' dir='ltr' id='par_1_5' title="bbox 220 4044 1035 4352">
     <span class='ocr_line' id='line_1_32' title="bbox 254 4044 1035 4129; baseline 0.004 -26"><span class='ocrx_word' id='word_1_257' title='bbox 254 4044 388 4116; x_wconf 85' lang='lat' dir='ltr'><strong>Salmaci,</strong></span> <span class='ocrx_word' id='word_1_258' title='bbox 402 4049 449 4107; x_wconf 88' lang='lat' dir='ltr'><strong>vel</strong></span> <span class='ocrx_word' id='word_1_259' title='bbox 458 4049 598 4126; x_wconf 86' lang='lat' dir='ltr'><strong>jaculum,</strong></span> <span class='ocrx_word' id='word_1_260' title='bbox 613 4048 660 4109; x_wconf 82' lang='lat' dir='ltr'><strong>uel</strong></span> <span class='ocrx_word' id='word_1_261' title='bbox 672 4050 764 4129; x_wconf 84' lang='lat' dir='ltr'><strong>pictas</strong></span> <span class='ocrx_word' id='word_1_262' title='bbox 777 4069 858 4109; x_wconf 83' lang='lat' dir='ltr'><strong>sume</strong></span> <span class='ocrx_word' id='word_1_263' title='bbox 871 4049 1035 4128; x_wconf 79' lang='lat' dir='ltr'><strong>pharetras3</strong></span> 
     </span>
     <span class='ocr_line' id='line_1_33' title="bbox 254 4155 874 4228; baseline 0 -14"><span class='ocrx_word' id='word_1_264' title='bbox 254 4155 298 4216; x_wconf 88' lang='lat' dir='ltr'><strong>Et</strong></span> <span class='ocrx_word' id='word_1_265' title='bbox 310 4167 441 4218; x_wconf 77' lang='lat' dir='ltr'><strong>tuscum</strong></span> <span class='ocrx_word' id='word_1_266' title='bbox 454 4158 533 4220; x_wconf 87' lang='lat' dir='ltr'><strong>duris</strong></span> <span class='ocrx_word' id='word_1_267' title='bbox 546 4159 696 4218; x_wconf 89' lang='lat' dir='ltr'><strong>venatibus</strong></span> <span class='ocrx_word' id='word_1_268' title='bbox 709 4158 768 4220; x_wconf 86' lang='lat' dir='ltr'><strong>otis</strong></span> <span class='ocrx_word' id='word_1_269' title='bbox 779 4158 874 4228; x_wconf 84' lang='lat' dir='ltr'><strong>misce.</strong></span> 
     </span>
     <span class='ocr_line' id='line_1_34' title="bbox 220 4286 963 4352; baseline 0.003 -23"><span class='ocrx_word' id='word_1_270' title='bbox 220 4286 295 4330; x_wconf 79' lang='lat' dir='ltr'><strong>vor.</strong></span> <span class='ocrx_word' id='word_1_271' title='bbox 312 4288 362 4334; x_wconf 89' lang='lat'><strong>111.</strong></span> <span class='ocrx_word' id='word_1_272' title='bbox 572 4291 576 4301; x_wconf 70' lang='lat'>¹</span> <span class='ocrx_word' id='word_1_273' title='bbox 941 4291 963 4352; x_wconf 89' lang='lat' dir='ltr'><strong>g</strong></span> 
     </span>
    </p>
   </div>
   <div class='ocr_carea' id='block_1_6' title="bbox 0 0 1412 5010">
    <p class='ocr_par' dir='ltr' id='par_1_6' title="bbox 0 0 1412 5010">
     <span class='ocr_line' id='line_1_35' title="bbox 0 0 1412 5010; baseline 0 0"><span class='ocrx_word' id='word_1_274' title='bbox 0 0 1412 5010; x_wconf 95' lang='lat' dir='ltr'><strong> </strong></span> 
     </span>
    </p>
   </div>
  </div>
 </body>
</html>
