2812 5010
54 438 56 449 Ι
158 336 224 402 232

444 335 483 401 Ρ.
508 334 670 401 OVIDII
704 334 918 401 NASONIS

163 509 213 583 Et
230 479 428 595 Thousset
446 509 589 608 Cyprio
607 509 717 582 velox
735 509 952 583 cumfratre
972 509 1146 608 Lycisce,

162 624 212 717 Et
229 626 372 721 nigram
390 627 513 700 medio
531 626 689 702 frontem
707 626 907 699 distinctus
926 627 974 699 ab
994 627 1080 699 albo
1132 630 1202 698 221

161 738 360 839 Harpalos
371 751 409 814 et
420 741 1021 838 Melaneus,hirsutaquecorpore
1033 740 1203 830 Lachne3

161 856 212 931 Et
229 868 334 955 patre
354 856 512 944 Dictaeo,
532 857 599 931 sed
617 866 736 930 matre
756 856 944 930 Laconide
963 856 1053 944 nati,

160 972 301 1047 Labros
320 983 358 1048 et
375 973 574 1069 AgriodoS,
594 983 633 1048 et
650 985 771 1047 acutae
789 973 891 1046 vocis
911 971 1119 1071 Hylactor3

160 1088 340 1187 Quasque
351 1089 597 1163 referremora
610 1099 684 1162 est:
706 1113 750 1163 ea
760 1089 870 1161 turba
880 1088 1058 1186 cupidine
1068 1089 1205 1187 praedae

160 1203 235 1279 Per
253 1229 376 1304 rupes,
397 1205 660 1302 scopulosque,
681 1205 861 1301 adituque
879 1204 1046 1277 carentia
1061 1229 1167 1291 saxa,

164 1319 251 1403 Qua
267 1321 327 1394 via
344 1321 516 1406 difficilis,
537 1344 688 1417 quaque
707 1331 766 1393 est
781 1320 841 1392 via
857 1319 972 1405 nulla,
991 1320 1174 1394 feruntur.

159 1436 229 1511 llle
247 1437 353 1534 sugit,
372 1462 439 1536 per
457 1462 542 1534 quae
561 1434 685 1511 fuerat
702 1437 787 1509 loca
805 1460 905 1532 saepe
923 1448 1122 1533 sequutus,

160 1551 246 1626 Heu
264 1553 422 1627 famulos
441 1553 538 1648 sugit
555 1555 636 1651 ipse
656 1553 763 1626 suos!
791 1553 952 1625 clamare
970 1552 1137 1627 libebat:

158 1666 316 1740 Actaeon
330 1693 400 1764 ego
415 1693 516 1756 sum3
546 1669 738 1741 dominum
756 1667 971 1763 cognoscite
988 1678 1170 1741 vestrum.

158 1782 284 1856 Verba
294 1785 416 1857 animo
431 1785 584 1859 desunt:
606 1795 756 1859 resonat
768 1784 1105 1857 latratibusaether.
1132 1789 1203 1857 231

158 1896 286 1971 Prima
304 1900 573 1975 Melanchaetes
592 1903 630 1975 in
647 1915 752 1998 tergo
770 1903 925 1976 vulnera
941 1900 1050 1989 fecit3

158 2013 338 2088 Proxima
347 2016 612 2107 Theridamas3
635 2018 902 2115 Oresitrophos
915 2017 1024 2089 haesit
1035 2017 1073 2088 in
1084 2040 1202 2090 armo.

158 2129 316 2204 Tardius
334 2133 514 2220 exierant,
535 2135 601 2207 sed
620 2159 687 2233 per
705 2133 932 2232 compendia
949 2132 1087 2205 montis

190 2334 246 2382 220.
265 2333 346 2390 Uicus,
355 2334 425 2382 velox
440 2333 528 2382 dicitur
543 2343 568 2384 et
581 2335 656 2400 impe-

156 2414 244 2458 tuosus.
279 2409 371 2472 Lycisca
378 2426 387 2466 ‚·
404 2408 471 2457 canis
485 2425 514 2457 ex
530 2409 587 2474 lupo
601 2420 657 2459 nate

157 2481 242 2530 dicitur
259 2483 357 2546 Lycisca
364 2501 373 2541 ,·
397 2482 431 2531 sic
443 2483 510 2547 Virg.
522 2484 550 2530 E.
561 2482 596 2531 iii.
609 2501 657 2533 ver.

159 2557 202 2604 la:
220 2558 318 2604 multum
330 2557 429 2604 latrante
442 2555 546 2618 Lycisca.

188 2631 243 2678 221.
262 2631 391 2693 Harpolcs;
409 2645 491 2694 rapax.
519 2630 654 2691 Melaneus5

155 2702 229 2766 niger.
274 2705 416 2767 Hirsutoque
438 2720 528 2765 corpore
554 2705 655 2753 Lachne·

156 2776 262 2826 Verbum
284 2777 314 2826 de
335 2780 406 2826 verbo
434 2777 549 2843 expressit
569 2789 653 2842 poeta3

155 2866 210 2898 nam
221 2853 300 2899 tactae
312 2853 419 2902 villorum
430 2852 535 2901 densitas
545 2853 639 2902 dicitur.

189 2927 244 2973 225.
262 2926 353 2983 Praedc,
373 2927 423 2975 fera
442 2935 529 2991 capta;
554 2930 655 2989 predari

155 3013 197 3061 pro
219 3000 309 3056 venari,
332 3001 424 3065 ipsique
450 3001 510 3049 adeo
531 3009 655 3050 venatores

155 3068 265 3120 dicuntur
281 3078 429 3135 predatores:
447 3074 502 3123 vide
519 3077 603 3124 Burm.
623 3076 653 3125 ed

155 3143 251 3193 Phaedr.
262 3146 297 3194 ΙΙ.
308 3147 355 3196 lab.
366 3147 383 3195 i.
393 3150 417 3196 2.
451 3148 528 3197 Canes
539 3147 563 3195 id
573 3149 655 3199 fecisse

155 3216 202 3265 h.l.
213 3228 373 3269 memorantur
379 3221 491 3286 cupidine
500 3221 600 3286 praedae:
611 3223 654 3270 sed

155 3291 219 3355 apud
226 3292 339 3358 Apollod.
346 3294 423 3343 rabies
434 3293 463 3342 iis
473 3293 561 3359 injecta
568 3295 655 3359 legitur

155 3380 170 3413 a
180 3365 275 3427 Diana;
286 3383 358 3431 quarn
368 3376 447 3417 tamen
458 3384 498 3416 eos
508 3376 532 3416 et
540 3368 589 3417 sine
599 3371 655 3418 Dea

153 3439 264 3490 invadere
275 3442 380 3506 potuisse
391 3444 496 3491 Pausan.
504 3451 591 3490 monet.
608 3444 653 3493 Fe·

154 3525 242 3564 runtur
253 3517 364 3566 Heinsius
380 3515 492 3581 praetulit,
504 3533 544 3582 pro
558 3522 653 3579 sequun-

155 3599 203 3647 tur,
211 3591 276 3655 quod
286 3599 366 3640 tuetur
373 3593 445 3640 Lenz.
463 3592 591 3648 Feruntur,
600 3608 654 3640 cum

154 3663 244 3729 impetu
265 3675 344 3723 ruunt,
365 3668 425 3715 bene
447 3665 558 3714 convenit
579 3666 655 3715 ardori

154 3752 249 3795 cenum,
260 3740 408 3804 usqueadeo
420 3739 597 3788 sollicitandum
609 3748 653 3788 est.

152 3811 208 3858 Jam
223 3811 278 3860 hinc
290 3812 416 3877 phantasia
425 3823 501 3878 poetae
517 3813 653 3879 cupidinem

153 3900 240 3945 canum
248 3887 409 3952 comitumque
418 3904 472 3935 cum
481 3887 570 3935 domini
582 3903 654 3936 cona·

153 3957 216 4006 tibus
227 3967 251 4007 et
261 3962 363 4024 querelis
374 3969 429 4008 ante
440 3963 521 4009 oculos
532 3963 605 4025 ponit.

186 4034 242 4081 230.
259 4034 314 4082 Sine
325 4050 397 4083 causa
405 4034 518 4084 Heinsius
529 4035 592 4084 hunc
603 4050 653 4084 ver·

153 4121 206 4154 sum
217 4106 360 4172 ejiciendum
370 4110 478 4172 putabat.
511 4109 604 4156 Etenim
609 4110 656 4172 fo·.

154 4185 211 4229 muli
228 4191 325 4247 possunt
343 4199 394 4231 esse
411 4180 517 4239 comites,
529 4199 589 4246 quos
603 4185 651 4232 Ac·

706 2343 768 2384 teon
782 2332 870 2398 alloqui
887 2333 988 2382 volebat.
1020 2332 1069 2380 Sed
1087 2339 1112 2381 et
1129 2348 1209 2391 emes,

707 2409 726 2458 si
740 2411 784 2459 hos
798 2409 930 2474 intelligere
946 2410 1073 2465 malumus,
1085 2408 1208 2458 dominum

707 2501 736 2532 ex
747 2499 804 2533 voce
817 2499 944 2548 agnoscere
955 2483 1092 2548 potuissent.
1127 2484 1209 2541 Adde,

707 2560 771 2623 quod
788 2558 857 2607 toties
874 2558 899 2606 in
913 2559 959 2606 hac
974 2557 1026 2622 ipsa
1042 2559 1090 2606 tab.
1102 2557 1210 2607 luxuriat

707 2632 828 2697 ingenium
839 2632 928 2681 Ovidii.
962 2634 1053 2687 Aramo,
1064 2632 1191 2680 voluntati.

740 2709 796 2755 232.
814 2706 972 2754 Melanchaetes
990 2713 1014 2752 et
1031 2704 1116 2768 reliqui
1135 2705 1208 2754 etiarn

705 2781 736 2829 ab
747 2780 842 2844 Hygino
849 2779 960 2845 postremi
972 2781 1131 2827 nominantur.
1158 2780 1208 2828 Sed

704 2856 798 2911 Noster,
810 2855 874 2903 taedii
885 2853 995 2902 vincendi
1004 2869 1083 2910 causa,
1095 2869 1143 2909 eos,
1151 2855 1210 2902 aliis

704 2928 845 2992 quibusdam
853 2926 990 2992 interjectis,
998 2927 1156 2992 superioribus
1165 2928 1209 2977 ad·

704 3003 748 3059 dit,
761 3012 812 3052 turn
829 3002 950 3066 ingenioso
966 3009 1099 3050 commento
1115 3002 1209 3067 peculi·

705 3092 768 3125 arem
786 3092 865 3125 eorum
884 3091 979 3139 operam
998 3083 1119 3124 memorat.
1157 3076 1207 3124 Mc·

706 3153 840 3208 lauchaetes3
854 3150 939 3214 jubam
955 3159 978 3198 et
996 3150 1056 3214 pilos
1069 3149 1161 3199 habens
1172 3150 1209 3198 ni-

704 3241 793 3348 8ιο2834.
812 3297 945 3360 Εαίεταητ]
970 3297 1048 3345 Recte
1059 3293 1145 3343 Heius.
1155 3312 1207 3344 mo·

704 3381 754 3429 net,
777 3373 876 3420 verbum
898 3374 958 3418 crire
980 3378 1099 3434 sumptum
1119 3385 1172 3418 esse
1194 3387 1209 3419 a

705 3447 784 3503 Circo,
805 3446 846 3495 ubi
872 3445 928 3510 equi
955 3445 1088 3494 carceribus
1112 3455 1207 3494 escunt.

705 3519 823 3567 Caeterum
849 3518 896 3567 huc
918 3518 1021 3583 respexit
1045 3518 1110 3567 haud
1135 3518 1209 3568 dubie

704 3593 803 3648 Seneca,
824 3594 882 3641 Nat.
904 3594 995 3650 Quest.
1014 3592 1056 3642 lib.
1074 3591 1109 3640 iii.
1128 3594 1208 3657 prol:

706 3667 752 3720 Qui
773 3669 862 3715 tardius
880 3672 982 3716 exierant
991 3685 1000 3725 ,·
1025 3685 1110 3714 moram
1125 3669 1209 3716 ueloci-

705 3751 751 3789 tate
771 3752 876 3804 pensant.
910 3742 990 3790 Nostri
1013 3741 1114 3791 Codices
1135 3741 1209 3807 Regii

704 3815 792 3864 habent
810 3823 904 3872 estuat,
923 3816 987 3880 quod
1007 3815 1161 3880 praetulerim,
1180 3824 1208 3865 ut

704 3890 816 3938 referatur
827 3892 858 3940 ad
870 3890 1059 3953 Oresistrophum
1068 3889 1154 3946 solum,
1167 3891 1208 3954 qui

705 3980 778 4028 quum
790 3980 831 4029 per
845 3964 986 4029 compendia
1001 3963 1116 4012 montium
1127 3964 1207 4012 venis·

704 4045 749 4093 set,
760 4041 785 4084 in
796 4055 867 4094 armo,
880 4038 904 4085 id
916 4046 961 4094 est,
972 4038 1003 4087 in,
1012 4036 1129 4086 anteriore
1138 4046 1207 4102 parte

704 4110 931 4175 corporisActaeona
946 4127 1069 4175 aggressus
1085 4118 1129 4165 est,
1147 4110 1206 4158 dum

703 4184 876 4235 Melanchaetes
891 4196 915 4235 et
932 4185 1086 4234 Theridamas
1101 4184 1206 4233 eundem
