2812 5010
372 321 841 417 MEsl'AMORPHOSEON
866 321 957 386 LIB.
975 323 1037 388 IV.
1161 327 1226 390 279

182 503 203 532 “
215 492 385 589 Invide,”
403 495 592 580 dicebant,
615 504 638 533 “
655 483 791 593 paries,
811 494 903 592 quid
927 497 1138 571 amantibus
1157 500 1222 572 ob-

328 612 432 687 stas?

179 725 371 810 Quantum
389 736 482 813 erat,
501 736 544 800 ut
561 725 703 801 sineres
721 750 789 799 nos
814 737 894 800 toto
913 751 1070 826 corpore
1090 730 1225 827 jungi?

177 841 253 915 Aut
271 843 342 916 hoc
360 842 392 916 si
411 842 579 929 nimium,
598 843 657 915 vel
676 842 724 915 ad
741 843 871 916 oscula
888 842 1013 917 danda
1030 846 1199 942 pateres!

177 958 210 1030 N
214 981 259 1031 ec
278 983 408 1031 sumus
426 957 583 1055 ingrati:
613 957 681 1031 tibi
699 982 768 1030 nos
784 958 922 1033 debere
940 959 1112 1046 fatemur,
1175 967 1221 1035 76

178 1073 290 1156 Quod
308 1075 420 1148 datus
439 1085 497 1149 est
506 1074 630 1149 verbis
641 1074 689 1147 ad
707 1072 848 1146 amicas
866 1075 1046 1148 transitus
1062 1077 1209 1150 aures.’'

178 1189 285 1264 Talia
302 1191 450 1265 diversa
467 1190 721 1288 nequicquam
740 1191 831 1264 sede
849 1191 1009 1288 loquuti,

180 1307 259 1380 Sub
278 1319 428 1381 noctem
446 1308 589 1394 dixere,
608 1308 703 1383 Vale
718 1337 726 1397 ;
757 1308 931 1406 partique
949 1309 1088 1384 dedere

181 1425 324 1498 Oscula
341 1423 506 1522 quisque
524 1449 613 1512 suae,
634 1449 708 1497 non
727 1424 983 1522 pervenientia
998 1434 1140 1498 contra.
1179 1431 1226 1499 80

227 1541 389 1615 Postera
406 1551 608 1614 nocturnos
626 1538 773 1613 Aurora
789 1551 997 1615 removerat
1013 1540 1133 1636 igneS,

181 1657 323 1755 Solque
341 1657 537 1756 pruinosas
555 1654 669 1731 radiis
688 1656 894 1730 siccaverat
910 1657 1046 1729 herbas
1062 1684 1071 1744 ;

179 1775 237 1846 Ad
256 1775 408 1848 solitum
426 1775 549 1847 coiere
563 1773 709 1846 locum:
730 1783 811 1844 turn
829 1795 1018 1846 murmure
1037 1796 1149 1869 parvo

181 1889 303 1964 Multa
320 1892 423 1988 prius
438 1889 575 1987 questi,
596 1899 777 1975 statuunt,
797 1899 839 1961 ut
857 1899 969 1962 nocte
988 1889 1111 1961 silenti

180 2005 325 2080 Fallere
340 2007 531 2093 custodes
546 2006 765 2102 foribusque
783 2004 969 2080 excedere
988 2014 1155 2092 tentent;
1178 2009 1225 2078 85

179 2121 383 2219 Quumque
393 2122 504 2195 domo
521 2121 681 2196 exierint
696 2120 797 2194 urbis
818 2143 972 2217 quoque
990 2120 1154 2193 claustra
1167 2145 1225 2193 re-

330 2238 527 2335 linquant:

180 2353 213 2426 N
216 2379 284 2428 eve
303 2354 353 2428 sit
370 2355 570 2429 errandum
583 2356 661 2428 lato
679 2352 930 2453 spatiantibus
949 2377 1048 2440 arvo,

180 2469 416 2546 Conveniant
433 2471 481 2545 ad
499 2472 613 2545 busta
629 2469 731 2557 Nini,
751 2471 968 2566 lateantque
987 2470 1057 2542 sub
1077 2469 1211 2541 umbra

179 2587 356 2662 Arboris:
386 2590 495 2662 arbor
512 2589 576 2674 ibi,
597 2587 716 2661 niveis
735 2585 924 2660 uberrima
939 2585 1074 2683 pomis,

179 2705 307 2777 Ardua
325 2727 462 2792 morus,
483 2714 574 2789 erat,
595 2703 719 2800 gelido
738 2701 970 2775 contermina
987 2700 1092 2773 fonti.
1177 2705 1225 2772 90

207 2978 248 3026 78.
275 2976 362 3042 Sedes]
392 2977 476 3032 locus,
503 2978 544 3027 ubi
571 2980 674 3028 stabant.
724 2989 782 3028 turc
798 2987 919 3040 portarum
933 2978 1035 3024 claustra
1053 2985 1077 3025 et
1092 2978 1143 3022 vitc
1160 2977 1225 3022 clou-
1317 3012 1320 3017 .

178 3052 283 3108 Diversa,
299 3049 416 3116 opposita.
446 3051 601 3116 Nequirquom
624 3069 675 3118 per·
722 3063 788 3111 stra5
806 3051 932 3102 Juvenalis
949 3052 1025 3115 Satyr.
1044 3051 1098 3098 viii.
1119 3051 1225 3098 lustrum

177 3126 235 3175 tinet
251 3126 283 3174 ad
294 3134 375 3176 votum
385 3125 455 3183 illud,
466 3136 494 3175 ut
508 3126 582 3175 latius
596 3129 675 3192 paries
722 3137 841 3190 portarum
862 3129 980 3186 elaustro;
1002 3125 1100 3181 Statius,
1122 3124 1226 3172 'l'hebai-

176 3209 277 3266 pateret.
306 3201 374 3258 Pars,
385 3216 469 3266 nempe
481 3200 584 3267 parietis.
724 3203 767 3252 dos
783 3220 806 3251 x.
817 3201 874 3249 644.
892 3201 1020 3248 lluborom
1035 3200 1149 3247 claustra.
1183 3199 1225 3247 In·

206 3277 248 3325 81.
260 3276 354 3324 Postero
366 3285 488 3325 nocturnos
498 3278 598 3334 Arrroro,
613 3274 673 3340 eto]
724 3277 760 3326 fra
769 3276 821 3326 viii.
838 3277 878 3325 70.
893 3285 1014 3338 portarum
1030 3276 1146 3323 claustro.
1174 3273 1224 3322 Bu-

175 3349 212 3398 Sic
231 3349 349 3398 librarii.
369 3351 425 3398 100.
445 3350 539 3399 Postera
554 3353 676 3414 depulerat
724 3361 793 3408 stum,
804 3351 947 3416 sepulerum,
957 3358 1135 3397 monumentum
1146 3349 1226 3412 sepul-

176 3425 251 3472 stcllas
276 3424 370 3472 Aurora
398 3428 513 3472 micantes.
552 3423 599 3471 Hic
626 3423 675 3472 ele·
724 3426 796 3482 orale,
810 3424 913 3490 τύμβος.
947 3423 986 3472 Sic
999 3426 1089 3472 bustum
1105 3423 1224 3470 Sardana-

176 3497 268 3562 gantior
287 3507 409 3547 nocturnos
425 3501 499 3564 ignes,
521 3513 576 3546 nam
598 3498 675 3546 stellae
722 3502 781 3562 pali,
794 3500 893 3555 Catulli,
906 3497 1005 3546 aliorum
1015 3496 1079 3562 apud
1091 3494 1143 3544 Cic.
1164 3495 1223 3542 Pro-

176 3578 229 3619 sunt
251 3571 307 3620 coeli
329 3573 402 3621 taces·
447 3571 563 3629 Custodes,
586 3572 675 3637 janito-
725 3574 774 3638 prie
796 3573 980 3626 burtnmlocus,
1002 3570 1094 3634 inquo
1122 3568 1225 3617 cadaver

177 3661 221 3694 Μ·
725 3649 873 3696 combustum
881 3642 1109 3710 etsepultum3vide
1116 3642 1225 3692 Kirchm.

207 3721 249 3768 86.
276 3719 345 3768 Urbis
361 3722 464 3767 claustra
484 3737 513 3769 ex
533 3737 579 3768 uno
594 3720 674 3766 Bono·
725 3721 755 3771 de
769 3721 902 3770 Funeribus
917 3719 1020 3766 Roman.
1031 3717 1073 3765 lib.
1082 3717 1132 3764 III.
1145 3731 1198 3781 cap.
1210 3715 1226 3765 i.

177 3792 252 3842 aiensi
276 3793 344 3842 dedit
366 3795 518 3844 Burmannus
541 3810 583 3860 pro
605 3803 673 3842 tectu.
725 3796 779 3844 init.
806 3795 972 3844 Mirortamen
986 3793 1097 3840 aNostro
1110 3790 1225 3839 bustabic

178 3866 277 3916 Etiamsi
298 3866 369 3916 nostri
392 3868 463 3932 Regii
483 3869 585 3917 habeant
607 3877 674 3925 terta,
726 3877 915 3923 commemorata,
942 3881 1016 3931 quum
1044 3865 1127 3913 Romae
1152 3880 1226 3913 mere-

178 3941 336 3999 consentimus
354 3951 434 3992 tamen
449 3945 602 4000 Burmann03
620 3957 675 3990 nam
726 3944 796 3991 trices
814 3942 863 3991 lere
880 3942 910 3990 ad
931 3941 1001 3988 busta
1018 3948 1225 3997 commorarentur,

179 4023 235 4064 tectu
244 4015 275 4064 de
287 4015 406 4073 domibus,
417 4018 502 4066 nonde
514 4016 611 4065 urbibus
621 4032 675 4080 quae
728 4018 791 4067 unde
802 4020 925 4066 bustuario
934 4017 1030 4064 mechir.

179 4089 263 4140 clauom
286 4107 334 4140 uon
354 4099 424 4140 tectae
450 4102 514 4140 sunt.
553 4091 624 4150 Quod
646 4091 677 4139 ad
758 4094 800 4140 90.
823 4091 882 4139 Fons
904 4088 943 4138 hic
969 4095 1111 4138 memoratur
1132 4096 1226 4153 propter

180 4175 245 4226 septa,
263 4167 339 4215 rarius
360 4175 409 4227 est;
427 4176 452 4214 at
470 4166 608 4216 Lucretius:
633 4185 676 4214 nn·
729 4180 820 4215 versum
832 4166 872 4213 93.
