2812 5010
205 334 273 400 DE
298 334 461 399 OPERE
485 332 979 406 METAMORPHOSEON.
1012 342 1115 406 xxxix

67 505 191 594 placitis
204 506 422 593 Pythagorae3
446 506 504 570 sed
518 528 588 592 prae
603 509 727 572 caeteris
741 509 869 586 eminet,
882 509 1015 589 200-13,
1025 511 1116 579 locus

67 627 105 691 de
116 635 265 712 quatuor
277 627 353 691 anni
366 627 526 713 partibus,
539 627 656 712 quibus
672 629 856 694 suavissime
871 628 1009 696 hominis
1028 633 1118 696 attri·

67 746 145 809 buta
163 745 243 809 data
261 755 345 810 sunt.
391 743 511 830 Aperit
528 766 646 808 annum
667 755 754 811 tener
773 757 807 811 et
826 747 946 812 [aroteres
955 770 1051 834 puer,
1066 774 1118 816 ro·

67 864 153 927 boris
177 885 307 950 expers,
333 865 479 949 sequitur
501 866 615 929 robore
636 866 743 929 nabas
769 876 802 929 et
821 875 960 940 castrans
977 868 1117 952 juvenis,

67 1004 174 1066 quem,
179 983 293 1068 posito
296 983 432 1068 fervore
436 983 590 1067 juventa,
604 983 757 1047 Mataras
771 983 917 1068 mitisque
931 982 1118 1051 Autumnus

67 1101 199 1186 excipit.
246 1099 302 1165 Ad
317 1110 498 1166 extremum

267 1275 381 1345 senilis,
397 1273 502 1335 Hiems
514 1263 639 1334 tremulo
652 1273 733 1332 venit
747 1272 862 1332 horrida
874 1294 969 1352 passu,

144 1368 212 1429 Ant
225 1369 347 1448 spoliata
360 1391 434 1441 suos,
449 1380 509 1439 aut,
524 1390 594 1449 quos
607 1368 703 1438 habet,
718 1367 783 1428 alba
796 1368 920 1449 capillos.

69 1565 130 1630 His
158 1566 244 1631 adde
270 1566 362 1642 Noti,
390 1566 517 1644 Boreae,
545 1565 688 1644 Invidiae,
715 1565 833 1643 Famis,
859 1567 979 1646 Famae,
1007 1568 1118 1634 Somni

68 1685 313 1770 descriptiones,
335 1685 368 1748 in
389 1685 506 1769 quibus
528 1707 570 1748 ex
587 1683 713 1747 illarum
733 1706 841 1748 rerum
863 1687 1026 1751 attributis
1045 1711 1119 1773 per-

69 1825 163 1866 sonas
187 1824 362 1888 earumque
385 1802 545 1867 domicilia
567 1801 700 1868 mirifice
722 1803 831 1886 (naevis
856 1805 968 1888 paucis
988 1807 1118 1890 demtis)

69 1920 258 2004 composuit.
297 1919 371 1984 Jam
389 1921 415 1983 si
432 1919 503 1985 haec
521 1920 566 1984 ita
581 1921 666 1985 inter
685 1943 719 1984 se
736 1923 982 2006 comparaveris,
999 1935 1036 1988 ut
1053 1926 1118 2009 pri»

68 2061 155 2102 mum
177 2039 302 2102 rabidis
324 2048 494 2103 tumescere
511 2039 612 2103 ocutis
631 2061 746 2124 ponas,
769 2051 848 2117 tum,
869 2042 1003 2107 baebia
1022 2043 1118 2130 longo

71 2159 227 2245 Margine
240 2167 397 2222 terrarum
409 2167 606 2244 porrexerat
620 2157 824 2244 Anmbitrita
839 2171 913 2244 post
928 2161 998 2226 haec
1012 2161 1119 2228 locum

71 2278 110 2342 de
134 2278 249 2342 annuis
271 2277 552 2354 vicissitudinibus
576 2288 632 2342 aut
655 2288 782 2362 partem
805 2281 887 2363 ejus,
913 2280 1053 2365 denique
1075 2303 1118 2346 ex

69 2396 117 2472 iis,
133 2418 215 2479 quas
235 2397 332 2460 modo
349 2395 490 2473 laudavi,
506 2398 743 2482 prosopopoeiis
757 2421 872 2476 unam;
896 2398 1118 2484 gradationem

70 2513 206 2578 habebis
234 2515 408 2599 imaginum
434 2515 609 2600 egregiam,
639 2536 777 2598 quarum
805 2514 952 2598 proxima
980 2536 1118 2601 quaeque

71 2635 307 2718 praecedentem
321 2633 521 2717 plenitudine
538 2645 678 2720 superat.
725 2634 876 2698 Personis
895 2634 1118 2720 mythologicis

71 2753 201 2836 egregie
227 2752 376 2816 animavit
400 2751 472 2818 loca
495 2754 659 2818 varia-i.
682 2754 747 2821 264
769 2773 847 2839 sqq,
865 2754 975 2818 Notus
997 2754 1116 2832 evolat,

72 2869 130 2933 Iris
151 2868 301 2933 alimenta
318 2870 459 2935 nubibus
480 2870 598 2950 adfert,
615 2872 793 2958 Neptunus
808 2882 969 2939 convocat
984 2873 1117 2952 Amnes,

72 2987 189 3051 Triton
212 3010 356 3052 recessus
379 2989 475 3053 canit.
521 2990 561 3053 In
582 2991 729 3058 omnibus
749 2991 817 3055 fere
840 3002 873 3055 et
896 2992 1119 3076 descriptioni-

71 3107 131 3169 bus
151 3116 186 3170 et
205 3107 440 3171 narrationibus
462 3107 626 3192 ingenium
646 3118 754 3192 poetae
771 3117 838 3171 tam
860 3109 894 3171 in
913 3109 1117 3187 tenuissimis,

71 3246 166 3306 quam
181 3224 215 3286 in
234 3225 426 3308 gravissimis
445 3227 543 3291 rebus
563 3227 714 3291 admirari
732 3226 816 3295 licet.
862 3227 911 3292 Ut
930 3251 949 3291 a
965 3228 1118 3293 brevibus

71 3342 216 3405 tenuium
235 3365 342 3406 rerum
361 3343 632 3428 descriptionibus
650 3346 811 3429 incipiam,
827 3346 880 3410 cui
896 3367 961 3410 non
980 3344 1118 3432 placeat,

71 3463 89 3525 i.
106 3465 181 3540 335,
204 3463 336 3527 baeeirm
358 3462 500 3539 Tortilis,
521 3463 555 3527 ia
577 3464 675 3527 latam
697 3485 768 3548 qua
790 3462 913 3527 turbine
938 3464 1052 3527 erescit
1076 3464 1118 3526 ab

71 3581 155 3644 imo?
177 3603 255 3656 non,
270 3582 313 3644 iii.
331 3582 406 3659 586,
422 3582 576 3666 piscator,
592 3584 649 3668 qui
669 3584 732 3647 lino
751 3584 874 3647 sedebat
892 3591 924 3645 et
942 3583 1034 3644 hamo
1049 3582 1118 3645 De-

70 3699 186 3783 cipere,
210 3708 242 3762 et
265 3699 388 3763 calamo
409 3700 559 3764 salientes
585 3702 699 3764 discere
716 3700 848 3785 pisces?
870 3720 947 3774 non,
968 3698 1020 3761 vii.
1041 3699 1116 3776 624,

70 3816 211 3882 formicae
227 3816 398 3907 frugilegas
418 3819 546 3905 agraiae
567 3821 662 3906 longo
681 3819 807 3904 grande
827 3839 905 3880 onas
924 3816 1043 3902 eaigao
1062 3840 1118 3882 ore

66 3945 225 4020 gerentes,
240 3936 444 4022 Ragosoqae'
457 3959 547 4001 snam
568 3946 729 4002 servantes
751 3936 868 4000 cortice
890 3936 1023 3999 ediem?
1049 3945 1117 4012 aut,

70 4053 134 4117 viii.
155 4053 227 4130 189,
239 4053 401 4121 Daedalus
420 4054 487 4122 ales
510 4057 571 4122 sibi
584 4056 716 4140 filioque
736 4077 754 4118 e
774 4055 901 4138 pennis,
915 4052 980 4117 lino
995 4063 1028 4118 et
1044 4074 1118 4117 cera

70 4176 286 4256 componens?
318 4173 381 4238 His
396 4183 430 4239 et
443 4172 563 4239 talibus
578 4172 752 4238 innumeris
766 4171 904 4256 palmam
915 4170 1008 4237 facile
1022 4172 1119 4256 eripit
