2812 5010
179 337 243 403 110
470 335 510 399 Ρ.
535 334 697 401 OVIDII
720 331 933 402 NASONIS

183 511 274 585 Fors
293 509 423 606 ignara
440 510 558 596 dedit,
579 510 646 584 sed
664 534 764 585 saeva
781 491 980 610 Cupidinis
998 512 1065 585 ira.

181 625 315 700 Delius
333 626 433 699 hunc
451 650 583 724 nuper,
603 625 703 699 victa
720 635 895 724 serpente
914 617 1134 726 superbus,
1231 684 1233 689 <

180 741 338 817 Viderat
356 743 519 817 adducto
537 743 754 817 flectentem
773 766 914 817 cornua
930 767 1065 818 nervo:
1154 748 1227 818 455

180 866 205 897 “
221 853 400 957 Quidque
414 860 494 945 tibi,
507 859 646 933 lascive
666 883 770 957 puer,
784 882 871 932 cum
889 859 1047 933 fortibus
1068 849 1227 934 armisl''

179 974 356 1050 Dixerat:
380 984 404 1013 “
416 976 489 1049 ista
498 975 636 1049 decent
650 975 825 1048 humeros
837 976 1047 1071 gestamina
1061 985 1225 1064 nostros;

178 1089 253 1176 Qui
271 1091 360 1165 dare
378 1102 482 1166 certa
498 1091 598 1178 serae,
613 1091 702 1164 dere
715 1091 871 1165 vulnera
888 1079 1088 1191 possumus
1107 1092 1223 1179 hosti;

178 1205 254 1292 Qui
271 1209 396 1296 modo,
416 1208 593 1307 pestifero
611 1217 668 1281 tot
680 1209 815 1305 jugera
831 1220 960 1283 ventre
979 1218 1225 1307 prementem,

179 1323 386 1411 Stravimus
404 1325 622 1412 innumeris,
641 1324 828 1398 tumidum
846 1325 1038 1424 Pythona,
1059 1323 1232 1421 sagittis.¹

178 1439 238 1512 Tu
255 1441 349 1529 face,
369 1442 496 1515 neseio
517 1465 625 1539 quos,
646 1440 728 1513 esto
747 1449 948 1541 contentus
967 1464 1112 1514 amores
1154 1443 1223 1513 461

180 1554 330 1648 irritare
347 1567 434 1631 tua:
463 1582 534 1631 nec
553 1555 684 1630 laudes
703 1556 835 1629 adsere
853 1556 1038 1629 nostrae.”

179 1671 295 1746 Filius
311 1673 398 1747 huic
415 1672 596 1750 Veneris:
628 1671 778 1768 “Figat
794 1682 881 1746 tuus
898 1672 1034 1758 omnia,
1054 1671 1213 1757 Phoebe,

176 1817 252 1869 ltn.
266 1821 305 1869 14.
335 1821 456 1887 Daphnen
471 1820 563 1872 faciunt
574 1821 677 1873 Ladonis
727 1837 792 1870 amen
820 1818 964 1869 desinentia·
1005 1819 1117 1867 Homeros
1143 1829 1229 1868 nostros

176 1892 259 1950 liliam,
269 1894 312 1960 qui
326 1904 362 1945 est
379 1895 489 1946 Arcadiae
504 1898 605 1948 fluvius:
622 1898 677 1947 vide
727 1894 820 1960 plenius
835 1909 917 1959 quam»
928 1910 972 1950 me,
984 1894 1042 1957 quia
1057 1907 1126 1941 arcus
1143 1909 1172 1941 ex
1184 1893 1228 1943 hu·

178 1965 210 2016 ad
223 1983 272 2016 ver.
284 1969 339 2017 701.
372 1969 460 2018 Noster
476 1970 574 2032 melius;
591 1971 678 2037 Apollo
727 1968 797 2017 meris
804 1967 997 2033 suspenduntur:
1016 1976 1101 2015 nostros
1107 1966 1168 2015 dixit
1176 1968 1229 2032 dig-

177 2038 251 2097 enirn,
270 2040 380 2106 Pythone
398 2041 531 2100 interiecto,
547 2042 573 2093 in
588 2044 677 2111 Tempe
728 2041 809 2091 nitatis
820 2057 908 2101 causa;
924 2041 1015 2107 ἴφθιμοι
1025 2042 1174 2108 &pontones
1184 2042 1229 2091 hn-

176 2113 256 2172 latuit,
265 2131 307 2182 per
318 2132 373 2181 quae
386 2117 477 2166 Peneos
487 2116 582 2167 labitur.
729 2115 796 2174 meri,
803 2115 939 2166 tribuuntur
946 2115 1054 2182 Apollini
1061 2115 1124 2182 apud
1132 2117 1231 2167 Homer.

210 2189 268 2238 453.
284 2189 340 2238 Fors
350 2194 444 2255 ignara,
455 2207 529 2248 oseca,
539 2189 628 2256 ignota.
647 2191 680 2239 Et
729 2190 754 2240 h.
764 2190 835 2256 Apol.
847 2192 871 2240 7.
941 2206 942 2209 ’

170 2263 226 2329 fors
236 2265 300 2312 dedit
312 2264 412 2313 formula
423 2265 525 2315 solennis
535 2265 566 2314 de
577 2265 614 2324 iis,
625 2281 679 2330 quse
761 2266 818 2314 456.
847 2265 894 2319 Qui
916 2268 972 2314 dore
992 2276 1055 2314 certo
1066 2265 1149 2330 ferm]
1179 2266 1231 2314 Dat

176 2352 245 2395 csso,
266 2337 325 2386 lorte
347 2336 448 2396 fortuna,
469 2335 594 2388 eveniunt:
624 2337 679 2387 vide
729 2348 792 2388 certo
811 2340 908 2387 onlnem
927 2331 956 2395 is,
974 2338 1042 2404 cnjus
1060 2337 1147 2403 sagitta
1168 2355 1229 2387 nun-

176 2411 262 2464 Heins.
285 2413 356 2470 Sava,
364 2414 449 2478 πικρὴ,
457 2413 678 2464 reterturadultis-
729 2413 1018 2477 quamaberrutascopo.
1042 2412 1089 2461 Sed
1100 2420 1125 2462 et
1135 2412 1232 2478 Cupido

177 2485 248 2535 cendi
257 2485 371 2537 studium.
728 2496 791 2535 certo
802 2497 880 2536 team
892 2488 938 2536 tela
948 2489 1049 2535 denittit
1058 2505 1136 2544 mann,
1145 2488 1230 2536 Senes.

209 2561 265 2609 454.
276 2561 390 2622 Superbus
396 2559 488 2626 proprie
496 2559 526 2608 de
536 2560 677 2609 victoribus:
728 2560 800 2610 Herc.
808 2562 859 2610 OEt.
868 2577 917 2610 ver.
929 2562 977 2609 540
983 2578 991 2622 3
1001 2568 1026 2609 et
1037 2576 1066 2608 ex
1074 2561 1169 2626 pusillis
1180 2563 1233 2627 ejus

175 2633 232 2683 vide
248 2634 330 2698 Heyn.
350 2634 391 2684 ad.
403 2635 470 2699 Virg.
488 2635 586 2683 AEneid.
602 2635 621 2683 i.
637 2637 678 2684 21.
728 2633 832 2684 humeris
848 2634 937 2700 pendet
954 2633 1141 2701 πανδαμάτειρα
1158 2635 1229 2701 φαρέ-

177 2708 249 2756 Hunc
267 2708 344 2774 ipsum
360 2707 507 2773 Apollinem,
518 2707 618 2757 victoria
631 2708 677 2758 hac
728 2725 773 2774 τρη
780 2726 789 2766 ;
807 2708 871 2773 quod
882 2708 969 2773 Apollo
981 2708 1032 2773 ipse
1043 2725 1097 2757 mox
1109 2717 1134 2757 et
1144 2710 1231 2758 sentiet

176 2781 360 2847 superbientem,
373 2780 492 2847 Apollinis
504 2781 678 2832 Vaticanista-
728 2789 752 2830 et
761 2781 881 2840 fatebitur,
891 2797 941 2830 ver.
950 2783 1007 2831 519.

176 2862 219 2904 tua
244 2857 329 2905 referre
354 2855 468 2906 creditur:
500 2856 678 2906 Winkelmanni
760 2857 816 2905 460.
829 2855 1229 2913 Tumidum,scilicetveneno,oon-

177 2930 408 2997 Histnrnpsse.
653 2941 669 2948 ⁴·
727 2928 796 2978 lerx.
807 2928 1027 2989 ³133v.Trist.ii.
1041 2929 1080 2976 14.

209 3006 266 3053 455.
282 3004 510 3067 Adducto-nervo]
529 3003 678 3053 Arcumten·
760 3003 817 3051 461.
834 3003 871 3050 Tu
882 3002 950 3067 foce,
974 3005 1047 3051 nescio
1067 3003 1141 3065 ortos]
1168 3004 1230 3053 Haee

176 3077 280 3128 dentem.
309 3077 356 3126 Sed
366 3077 418 3126 haec
430 3086 454 3126 et
465 3077 523 3126 talia
534 3078 611 3126 solent
619 3088 676 3144 p'oe-
726 3075 761 3126 ita
770 3076 914 3143 respondent
925 3075 1094 3142 superioribus,
1105 3084 1133 3124 ut
1143 3076 1169 3126 in
1179 3078 1229 3127 sin-

175 3159 215 3208 tae,
232 3148 356 3200 tenuitatis
374 3149 478 3199 vitandis
497 3167 579 3209 eausa,
597 3161 677 3201 ornate
726 3150 788 3214 gulis
804 3150 853 3199 lere
864 3150 941 3201 verbis
957 3149 988 3198 sit
1002 3149 1126 3215 oppositio.
1161 3152 1231 3200 Faci-

175 3226 267 3275 efferre.
298 3226 389 3274 Addunt
410 3241 466 3274 vero
490 3225 576 3275 dicitur
598 3242 676 3283 arcus,
727 3226 768 3272 bos
784 3241 847 3290 saepe
861 3222 1079 3288 armatusCupido.
1113 3225 1230 3274 Moschus

175 3316 249 3365 quum
260 3298 372 3348 tenditur.
404 3299 676 3364 Quaesequituroratio,
727 3297 765 3348 Id.
786 3298 804 3348 i.
821 3301 868 3348 23:
897 3299 958 3347 Βαιὰ
979 3298 1082 3363 λαμπὰς
1100 3297 1168 3348 ἐοῖσα
1184 3302 1231 3350 τὸν

175 3381 332 3439 attemperata
359 3381 395 3423 est
420 3373 536 3438 superbia
562 3373 675 3434 victoris;
720 3373 887 3423 'amovento
897 3371 1002 3428 dvalons,
1013 3372 1173 3437 parentasse
1189 3375 1231 3422 So·

109 3446 113 3452 “
174 3447 299 3513 magnifice
316 3446 383 3496 dese
397 3446 510 3511 loquitur,
522 3447 676 3512 contemptim
727 3448 770 3494 lem
785 3450 858 3509 ipsum
872 3449 972 3508 perurit.
1007 3445 1087 3492 Nesm'o
1103 3461 1232 3508 possenn-

174 3521 205 3570 de
216 3521 310 3570 aemtrlo.
625 3537 627 3541 ’
726 3520 845 3584 temptim,
860 3535 888 3568 ao
907 3519 926 3568 si
943 3519 1042 3575 diceret,
1054 3519 1128 3575 leves,
1138 3519 1232 3578 molles,

207 3596 263 3644 466.
290 3595 370 3643 Fortia
389 3594 476 3657 ormn]
506 3592 604 3649 Gravia,
622 3609 675 3658 que
726 3601 798 3658 atque
809 3593 865 3642 viris
873 3592 1036 3657 negligendos.

173 3685 222 3718 non
245 3669 290 3719 nisi
310 3686 325 3718 a
344 3669 443 3718 fortibus
461 3667 517 3716 viris
536 3660 675 3727 tractantur,
759 3669 815 3717 462.
838 3667 948 3723 Imitare,
963 3667 1086 3715 excitare.
1119 3667 1151 3715 Et
1172 3669 1233 3717 alibi

174 3751 200 3791 nt
210 3759 287 3793 arcus.
308 3743 355 3793 Sed
364 3752 388 3793 et
399 3742 492 3809 Cupido
503 3750 540 3792 est
550 3743 674 3804 solentis,
725 3741 836 3799 occurrit,
843 3742 1059 3806 imitoreflnmmas,
1071 3758 1163 3798 amores,
1176 3750 1229 3791 etc:

172 3826 200 3865 nt
218 3826 315 3868 vocatur
333 3834 348 3866 a
365 3817 468 3867 Colotho
486 3833 535 3866 ver.
554 3818 595 3865 29.
611 3817 675 3866 tte·
725 3817 781 3867 vide
792 3819 875 3866 Burm.
903 3819 951 3866 Nec
965 3819 1043 3865 lortdes
1053 3820 1132 3865 adsere
1142 3827 1232 3866 nonnos

172 3891 250 3955 spexit
265 3900 344 3939 autem
359 3891 423 3941 hunc
438 3899 514 3940 toturn
528 3891 575 3940 loc.
590 3892 674 3940 Senes.
725 3892 824 3940 retertur
832 3890 862 3938 ad
871 3901 990 3939 contentus
999 3899 1052 3939 esto.
1086 3890 1178 3939 Laudes
1188 3892 1229 3940 vel

173 3960 274 4029 Hippol.
284 3964 333 4013 ‘275
344 3980 397 4030 sqq.
421 3965 674 4026 inobscionspnem-
724 3964 828 4028 insignia
848 3964 985 4021 honorifica,
1008 3965 1046 4013 vel
1070 3964 1123 4029 ipss
1146 3965 1233 4028 gloria,

170 4037 218 4086 telo
229 4055 296 4099 quam
306 4048 367 4086 certo
376 4041 507 4086 moderatur
517 4055 584 4095 arcu,
592 4047 641 4087 etc.
723 4039 764 4087 Ad
774 4039 826 4087 haec
836 4038 936 4088 fidenter
947 4039 1005 4088 satis
1014 4048 1039 4088 et
1051 4039 1155 4088 breviter
1169 4055 1232 4105 puer

206 4111 263 4160 457.
293 4110 421 4168 Garama,
451 4127 527 4168 ursus,
555 4119 674 4175 quatenns
724 4114 837 4179 majorem
849 4112 894 4163 sibi
904 4112 1003 4179 gloriam
1015 4113 1111 4164 adserit.
1135 4117 1232 4163 Adsere.

171 4191 286 4252 gestatur.
313 4183 387 4237 Amat
395 4185 483 4236 Noster
492 4185 639 4237 substantiva
649 4186 674 4234 in
725 4188 826 4254 Arroga,
837 4188 935 4238 vindica
945 4187 997 4239 tibi.
