2812 5010
126 337 192 404 830
424 338 463 403 P.
488 335 650 404 OVIDII
673 332 886 400 NASONIS

126 511 337 588 Ventorum
354 512 477 586 rabies
495 511 608 585 motis
627 518 828 608 exasperat
845 505 970 580 undis.

125 629 276 703 Primus
295 628 408 702 inhia
426 626 609 713 Phineus,
627 624 718 700 belli
735 621 956 699 temerarius
975 629 1117 707 auctor,

127 745 351 819 Fraxineam
370 743 545 841 quatiens
563 752 687 815 aeratae
705 739 873 839 cuspidis
891 739 1061 824 hastam3

129 869 154 900 “
167 859 264 948 En,”
275 861 340 949 ait,
354 869 378 899 “
390 885 437 934 en
455 860 588 935 adsum
601 867 798 956 praereptae
812 853 984 951 conjugis
997 853 1109 926 ultor.
1133 855 1178 924 10

130 976 213 1052 Nec
231 975 322 1050 mihi
339 986 378 1049 te
391 999 538 1074 pennae,
553 998 623 1048 nec
641 973 778 1047 falsum
794 994 926 1047 versus
944 969 982 1042 in
999 991 1133 1042 aurum

128 1091 290 1191 Jupiter,
309 1091 506 1190 eripient.”
552 1088 715 1165 Conanti
733 1087 883 1161 mittere
903 1084 1096 1183 Cepheus

129 1207 231 1293 Quid
241 1207 589 1283 sacisi'’exclamat:
605 1216 724 1304 “quae
734 1214 784 1294 te,
793 1226 981 1301 germane,
992 1201 1176 1274 furentem

130 1323 242 1398 Mens
261 1325 339 1421 agit
361 1324 398 1396 in
416 1324 586 1399 facinus?
614 1322 806 1397 meritisne
823 1322 905 1394 haec
924 1319 1045 1414 gratia
1062 1316 1175 1391 tantis

131 1439 343 1515 Redditur?
369 1441 439 1514 hac
456 1441 571 1515 vitam
589 1451 745 1516 servatae
764 1440 852 1514 dote
870 1436 1074 1536 rependis?
1132 1438 1175 1509 15

129 1554 252 1640 Quam
270 1557 338 1629 tibi
356 1581 430 1631 non
448 1557 623 1647 Perseus,
641 1582 771 1633 verum
789 1556 820 1630 si
838 1555 989 1653 quaeris,
1009 1551 1161 1636 ademit,

129 1671 207 1746 Sed
224 1696 335 1770 grave
350 1671 555 1748 Nereidum
568 1699 719 1761 numen,
732 1673 799 1746 sed
817 1670 988 1766 corniger
999 1667 1173 1753 Ammon,

127 1873 249 1938 eleganter
264 1873 351 1923 dieitur
367 1879 477 1938 asperari.
492 1879 628 1939 europam,
678 1889 730 1925 erse
745 1873 796 1939 ejus
809 1879 909 1938 patrem.
941 1870 1028 1935 ltaque
1043 1867 1177 1933 enpanti.

130 1962 204 2013 quurn
215 1956 382 2004 commovetur,
393 1948 504 1998 fluctibus
512 1949 582 1998 motis
592 1949 627 1998 in·
678 1949 736 1998 754.
746 1949 839 2012 futrum
856 1949 989 2012 genitorem,
1007 1952 1031 1992 et
1047 1942 1082 1992 ix.
1099 1943 1138 1992 24.
1153 1942 1177 1990 iu

130 2021 223 2086 equale
232 2021 259 2069 fit
268 2028 293 2069 et
302 2021 428 2087 hispidum.
461 2022 628 2074 Horat.I.0cl.
678 2021 749 2071 simili
774 2020 960 2088 exprobratione,
973 2019 1061 2081 fletum
1082 2025 1178 2080 petrem·

129 2096 189 2144 v.7r
207 2112 285 2158 aspero
296 2095 378 2161 Nigris
387 2101 564 2159 aeoweuentie.
679 2095 783 2152 Mittere,
794 2102 821 2143 ut
830 2093 941 2159 βάλλειν,
953 2092 1074 2142 absolute.

163 2173 187 2220 8.
205 2171 440 2228 Ptineue,sraterbic
451 2171 555 2238 Cephei3
569 2172 629 2222 alter
713 2170 751 2218 la.
767 2170 829 2224 Quid
840 2169 922 2233 feriri
940 2166 1000 2230 ete]
1018 2166 1080 2215 Hrec
1097 2165 1178 2223 oratio,

130 2243 161 2292 ab
174 2243 216 2292 illo
226 2244 267 2309 qui
278 2245 353 2293 oculis
367 2245 495 2295 mulctatus
505 2246 628 2311 Argonau-
678 2259 731 2308 quar
748 2242 774 2292 in
789 2243 823 2292 rei
840 2242 981 2306 indignitate
999 2240 1179 2298 demonstranda

130 2325 167 2366 tas
177 2318 277 2384 bospitio
288 2318 396 2384 excepit:
415 2319 470 2368 huic
486 2327 566 2370 tamen
575 2320 628 2369 An·
679 2327 792 2375 versatur,
804 2317 916 2367 convenit
926 2331 1032 2383 personae
1043 2315 1108 2364 senis
1113 2315 1178 2381 justi.

130 2390 244 2441 dromerla
255 2392 396 2458 desponsata
406 2393 490 2451 iuerat,
502 2403 629 2459 antequam
681 2391 737 2447 Quoe
752 2401 784 2442 te.
808 2391 930 2448 Heinsius,
949 2391 987 2440 vel
1008 2389 1092 2439 invitis
1104 2405 1177 2439 mem·

130 2472 184 2514 ceto
211 2474 374 2531 exponeretur.
408 2466 470 2516 Belli
497 2472 631 2517 temerarius
679 2466 759 2516 branis
775 2474 856 2516 censet
872 2464 1010 2531 legendum.
1027 2467 1178 2528 proritent

130 2549 227 2598 arietem
248 2539 306 2598 dux,
333 2548 406 2606 caput
427 2550 499 2607 atque
525 2541 631 2592 incentor
680 2541 837 2606 conjungetur
856 2539 1028 2605 eumfoeinue.
1061 2538 1137 2595 Mene,
1153 2547 1179 2586 ut

131 2612 202 2680 hujus
215 2630 302 2679 pugne
318 2623 369 2663 erat
378 2616 489 2673 Phineus,
501 2616 559 2666 dum
570 2633 630 2682 prae-
680 2615 765 2680 θυμὸς,
774 2615 817 2673 ira,
832 2613 934 2663 insania.
953 2612 1035 2663 Tibul.
1045 2613 1094 2661 IV.
1105 2611 1139 2661 iii.
1148 2613 1173 2660 7:

131 2696 224 2753 reptem
243 2689 288 2736 sibi
309 2704 419 2754 sponsam
440 2689 630 2740 inconsideratis·
682 2689 740 2744 Quis
742 2690 817 2755 saror
827 2689 1015 2752 enarrantem?
1031 2688 1093 2736 Hor.
1103 2689 1125 2736 Ι.
1134 2689 1177 2752 Ep.

89 2823 93 2830 ³
133 2761 631 2830 rimedolet,etquamseaccepisseputat
680 2761 707 2811 ii.
721 2764 770 2812 60:
792 2766 856 2812 detor
875 2765 931 2825 quid
952 2762 1049 2811 rumerit
1062 2771 1094 2810 et
1107 2777 1177 2811 ιιιιι.

133 2833 260 2899 injuriam,
270 2836 342 2885 armis
358 2835 526 2886 vindicandam
543 2839 630 2888 eonsti-
681 2837 737 2894 Dor,
748 2838 880 2903 premium,
889 2844 1005 2902 quatenus
1015 2835 1088 2884 datur
1097 2850 1177 2902 sponso

133 2909 188 2957 tuit.
563 2930 564 2935 ¹
681 2912 777 2976 nuptias
786 2909 925 2960 celebranti.
957 2910 1032 2958 Vitam
1041 2918 1178 2959 metere-

164 2985 190 3031 9.
225 2982 351 3033 Fruatueae
377 2986 451 3034 laum
478 2985 631 3036 bellatoribus
678 2987 784 3047 penem,
803 3000 906 3051 operam¹
920 2983 1096 3033 vitae‘servata
1115 2999 1176 3033 conr·
1198 3005 1201 3012 ·

131 3054 190 3104 dant
200 3065 285 3121 poetar,
297 3058 354 3122 qnia
362 3067 387 3107 et
396 3059 502 3108 fraxinus
511 3060 631 3126 aptissima
680 3075 790 3125 pensare.

92 3187 95 3193 ι
131 3129 214 3188 baetis,
235 3138 260 3179 et
281 3130 384 3180 Achillis
405 3133 474 3181 basta
496 3133 630 3184 nobilitata.
716 3135 753 3182 17.
772 3133 962 3190 Graoenumen,
984 3131 1073 3190 idest,
1092 3141 1177 3194 potent.

131 3203 308 3253 Plin.xvi.1u.
343 3207 430 3255 AEratae
441 3210 631 3269 numidiarerata
682 3209 816 3258 Nereidum.
833 3207 1037 3258 videturesse.
1062 3208 1178 3272 Crrrrriger,

130 3277 237 3344 cuspide.
272 3279 372 3333 Quatere
386 3288 411 3329 et
425 3283 515 3330 vibrare
530 3281 631 3342 hastam,
681 3282 739 3349 quia
748 3284 792 3332 sub
804 3281 883 3332 arietis
896 3283 971 3331 forma
981 3283 1106 3332 colebatur
1115 3281 1176 3331 ali·

132 3361 169 3402 est
176 3353 237 3418 ejus,
247 3353 289 3418 qui
298 3361 339 3403 aut
351 3354 474 3409 minitatur
482 3357 632 3420 jactum,eut
680 3357 748 3423 bycis
764 3356 884 3421 gentibus.
917 3355 980 3406 Vide
992 3355 1177 3405 Freinshemium

131 3427 277 3493 adpugnam
287 3438 400 3494 provocat
410 3429 520 3480 alterum.
681 3431 713 3481 ad
730 3431 853 3488 Curtium,¹
864 3433 911 3481 IV.
923 3429 964 3479 vii.
980 3431 1022 3479 23.
1057 3429 1178 3478 Visceribus

167 3503 205 3551 10.
224 3503 272 3559 En,
289 3504 333 3561 eit,
347 3504 396 3567 eru]
413 3505 493 3570 Hujus
509 3505 631 3571 particula
680 3509 742 3561 meir,
753 3505 874 3554 filiamea.
894 3505 985 3553 Viscera
995 3513 1020 3553 et
1030 3502 1177 3569 σπλάγχνα,

130 3576 295 3626 exclamative
310 3577 420 3643 repetitio
431 3579 510 3628 vivide
522 3579 632 3645 exprimit
681 3578 757 3636 liberi,
770 3579 840 3628 amici
855 3588 880 3628 et
896 3578 1035 3644 quicunque
1048 3578 1118 3628 nobie
1132 3575 1177 3626 cari

129 3648 316 3716 indignationem
324 3652 418 3702 Phinei.
436 3654 632 3716 praeparante
680 3661 744 3710 sunt,
762 3652 824 3701 sicut
839 3652 932 3702 viscera
953 3662 1043 3702 nostra
1076 3653 1121 3701 Sed
1134 3666 1178 3700 non

128 3739 220 3788 rapere,
244 3726 309 3790 quod
331 3727 399 3776 alteri
420 3728 558 3776 debebatur.
592 3728 631 3777 Sic
680 3726 732 3775 sine
742 3727 894 3776 viaNostro
906 3727 995 3791 passim
1009 3727 1044 3775 sic
1059 3725 1179 3792 repetitur,

128 3801 258 3860 precipere,
269 3800 337 3865 Virg.
350 3802 403 3851 Ecl.
420 3801 454 3851 rii.
471 3804 511 3852 98.
546 3802 633 3850 Pennis
682 3816 756 3865 quum
777 3800 909 3850 sententia
924 3808 1112 3850 coacervantur:
1135 3799 1179 3848 vid.

131 3880 157 3920 et
177 3874 233 3922 Jove
256 3883 323 3940 patre
344 3875 459 3942 imprimis
479 3876 631 3942 superbiebat
682 3875 785 3934 Quintil.
796 3876 859 3924 Inst.
871 3877 914 3924 Or.
924 3876 972 3925 IX.
982 3875 1017 3924 iii.
1030 3876 1071 3924 48.
1088 3873 1130 3923 ubi
1142 3873 1178 3921 hic

133 3945 243 4004 Perseus,
260 3948 293 3997 iv.
311 3950 455 4000 seo-699.
484 3951 587 4007 Falsum,
605 3951 632 3999 iu
681 3948 734 4013 ipse
752 3950 819 3998 loeus
837 3950 868 3999 ab
886 3965 914 3998 eo
927 3949 1054 3998 laudatur:
1073 3947 1108 3996 sie
1126 3955 1149 3995 et
1163 3945 1179 3993 ί.

131 4019 196 4084 quod
207 4020 261 4085 quis
275 4021 375 4071 fallendi
388 4039 462 4073 eausa
476 4022 567 4073 transit.
600 4025 632 4073 Et
680 4025 738 4073 595.
781 4023 867 4072 Bellen
892 4025 977 4072 odernit
997 4019 1178 4089 paltonarius.

130 4091 157 4141 in
174 4095 223 4142 tale
241 4111 324 4145 aurum
343 4105 448 4146 mutatus
461 4106 512 4147 erat
528 4098 630 4164 Jupiter.
681 4098 794 4164 adempta
805 4097 848 4147 tibi
858 4113 896 4156 eo,
907 4097 971 4163 quod
981 4095 1120 4146 devoranda
1127 4108 1177 4158 pro·

131 4166 178 4217 Sed
189 4167 294 4218 Phineus
304 4185 391 4233 negare
402 4186 465 4220 nune
475 4172 534 4227 vult,
546 4171 630 4221 lovem
681 4172 759 4238 posita
769 4180 820 4221 eret
830 4172 927 4221 bellue.
