2812 5010
174 334 240 400 Nil)
442 329 509 396 Ῥ.
534 328 694 395 OVIDII
718 327 929 394 NASONIS

180 508 218 581 Ν
220 532 263 583 ec
278 531 396 604 genus
414 505 620 590 amborum,
635 502 837 600 magnique
855 500 1025 601 potentia
1042 498 1162 596 regni,

160 709 161 714 η
182 624 246 697 Sic
264 624 440 721 placuere
458 620 524 707 illi,
545 619 714 716 quamvis
733 643 779 692 ea
795 629 931 693 cuncta
947 618 1162 716 placebant,

181 738 236 812 Ut
253 761 322 811 sua
339 735 558 835 progenies3
588 745 627 809 et
643 734 859 809 felicissima
875 745 1037 808 matrum
1155 731 1221 802 155

180 852 294 926 Dicta
310 851 405 926 foret
423 851 559 937 Niobe,
579 850 610 922 si
629 875 703 923 non
721 850 793 923 sibi
810 851 890 924 visa
907 849 1053 923 fuisset.

181 967 282 1042 Nam
299 977 381 1041 sata
397 964 552 1053 Tiresia,
571 965 716 1039 venturi
734 966 904 1063 praescia,
924 964 1057 1038 Manto

180 1083 256 1158 Per
273 1082 416 1157 medias
433 1080 564 1167 fuerat,
584 1080 709 1153 divino
728 1080 877 1153 concita
893 1091 1009 1166 motu,

180 1199 394 1273 Vaticinata
409 1197 513 1270 vias:
544 1194 808 1281 “Ismenides
827 1196 878 1270 ite
896 1195 1126 1293 frequentes,

181 1315 233 1388 Et
249 1316 336 1388 date
355 1311 519 1398 Latonae,
537 1310 857 1408 Latonigenisque
875 1311 1035 1396 duobuS,
1156 1309 1223 1379 160

181 1433 281 1506 Cum
298 1453 410 1529 prece
428 1439 513 1501 tura
529 1428 612 1526 pia;
641 1428 822 1524 lauroque
840 1427 1019 1502 innectite
1038 1426 1200 1500 crinem:

183 1549 260 1622 Orc
277 1571 362 1620 meo
381 1544 524 1618 Latona
536 1543 684 1641 jubet.’'
728 1544 908 1633 Paretur3
938 1554 976 1617 ct
993 1567 1124 1617 omnes

181 1663 394 1737 Thebaides
403 1660 520 1758 jussis
539 1685 608 1734 sua
623 1671 794 1759 tempora
810 1660 1003 1734 frondibus
1022 1668 1168 1743 ornant,

182 1779 358 1876 Turaque
375 1778 466 1850 dant
484 1777 623 1849 sanctis
641 1787 681 1851 et
696 1779 811 1852 verba
826 1776 1019 1876 precantia
1036 1771 1209 1849 fiammis

233 1895 334 1969 Ecce
351 1891 453 1967 venit
470 1890 649 1966 comitum
667 1891 792 1968 Niobe
809 1892 1053 1970 celeberrima
1069 1890 1191 1975 turba,

183 2114 250 2164 intel.
264 2115 347 2163 urbem
360 2113 463 2169 Thebas,
473 2127 545 2177 quam
560 2111 681 2177 Amphion
730 2116 776 2162 ctis
785 2114 898 2162 celebrare
909 2113 975 2160 Deos.
1005 2102 1225 2158 Pertinneruntilla

183 2190 241 2254 lyrae
268 2204 354 2237 canore
378 2195 549 2245 construxerat,
566 2187 680 2251 quemad·
730 2204 798 2237 sacra
812 2187 843 2236 ad
860 2186 970 2236 mulieres
987 2193 1090 2234 tanturn.
1123 2182 1155 2229 Et
1165 2183 1224 2234 date,

184 2262 282 2312 modurn
300 2261 363 2327 apud
374 2261 481 2327 Propert.
498 2259 522 2308 d.
533 2259 550 2307 l.
565 2260 682 2324 Pergama
730 2271 778 2311 etc.
811 2261 921 2309 Formula
938 2259 1041 2308 solennis
1057 2256 1083 2305 ia
1098 2253 1223 2303 indictione

184 2353 214 2386 ex
235 2335 356 2385 Bronclrh.
378 2333 542 2384 emendatione
570 2333 682 2382 dicuntur
730 2351 855 2384 sacrorum.
888 2335 976 2384 Confer
993 2330 1091 2380 AEneid.
1105 2328 1156 2379 viii.
1170 2328 1225 2376 att.

186 2412 300 2473 Apollinis
319 2420 388 2458 artes.
427 2408 467 2456 Ita
488 2423 544 2456 vcro
571 2407 680 2464 musices,
731 2409 785 2466 Pia,
807 2425 861 2473 quae
881 2408 948 2473 pium
968 2406 1074 2454 animum
1096 2403 1224 2452 declarant.

184 2498 234 2547 qua
248 2489 341 2531 tantum
353 2481 398 2530 sibi
412 2496 497 2529 nomen
507 2479 627 2545 Amphion
637 2496 679 2544 pa·
732 2475 789 2530 Cain
797 2498 872 2545 prece.
890 2479 1050 2543 Intelligenda
1059 2475 1224 2543 comprecatio,

182 2566 284 2614 caverat,
302 2555 369 2604 nulla
385 2555 450 2604 fieret
468 2554 566 2603 mentio.
601 2554 681 2602 Possis
730 2574 784 2623 quae
794 2555 909 2606 sacrificio
920 2555 1024 2604 addebat
1033 2567 1124 2618 preces.
1140 2550 1225 2600 Confer

185 2631 244 2679 forte
262 2638 388 2693 utrumque
409 2628 448 2677 hic
468 2626 610 2692 intelligere,
627 2643 679 2676 mu·
729 2633 762 2682 ix.
775 2634 829 2682 159.
861 2632 897 2680 Ut
911 2629 936 2677 in
950 2628 1023 2678 sacris
1033 2625 1124 2678 Bacchi
1135 2623 1224 2690 pampi-

182 2704 256 2753 sicam
272 2702 406 2752 etmoenia·
438 2701 495 2750 Vid·
513 2701 544 2750 ad
557 2716 606 2750 ver·
625 2703 680 2752 178·
730 2722 782 2755 neec
794 2713 836 2755 aut
845 2705 992 2758 hederaceae,
1001 2702 1027 2750 in
1038 2701 1150 2749 honorem
1165 2699 1223 2746 Her·

183 2777 291 2826 Sic—Ut
305 2794 347 2824 saa
362 2779 486 2840 progenies.
501 2777 561 2824 Haec
573 2776 680 2825 ceusaei
730 2780 791 2830 culis
810 2779 917 2844 populeae
938 2775 1033 2824 frondes
1052 2776 1226 2823 innectebantur

182 2850 229 2900 fnit
243 2851 368 2916 superbiat,
383 2849 532 2907 calamitatis,
547 2849 623 2898 insani
638 2849 681 2898 do-

185 2925 241 2974 loris
252 2933 277 2974 et
287 2924 431 2973 mutationis.
464 2925 512 2973 Siln'
526 2926 575 2973 visa
583 2924 680 2989 fnisset,

184 3005 256 3063 atque
266 2997 387 3047 felicitatis
396 2997 460 3046 illius
470 3012 540 3045 sensu
551 2997 622 3045 elata.

219 3072 274 3120 157.
283 3072 344 3119 Nam
354 3079 412 3127 sata,
421 3070 480 3133 eta]
499 3070 578 3119 Niobe
587 3069 680 3119 Theba·

184 3145 222 3194 nis
242 3143 396 3192 interdixerat
414 3144 510 3192 Latona
529 3158 597 3191 sacra
618 3145 681 3193 cele-

182 3221 261 3269 brare.
293 3218 346 3266 Hoc
356 3216 476 3274 tractavit,
486 3226 513 3266 ut
522 3225 602 3282 poeta.
629 3218 678 3266 Va·

184 3301 233 3342 tem
253 3290 346 3340 inducit
366 3306 434 3340 sacra
453 3289 606 3347 indicentem,
627 3307 679 3339 mu·

183 3366 253 3417 lieres
266 3365 339 3430 jussis
353 3375 470 3430 parentes,
481 3365 575 3412 Nioben
584 3364 609 3412 in
618 3365 679 3429 pub·

729 2856 839 2910 omnibns,
856 2852 890 2900 sic
907 2852 933 2900 in
948 2848 1068 2915 Apollinis
1083 2847 1157 2897 sacris
1167 2849 1224 2895 vaa-

730 2945 778 2976 nns.
810 2926 892 2975 lassis.
917 2923 1100 2983 laetatae,
1118 2922 1223 2981 iii.105;

730 3001 763 3049 iv.
774 3002 806 3048 32
816 3018 823 3061 3
840 2999 874 3048 xi.
891 3000 946 3047 635.
978 2997 1010 3045 Et
1026 3012 1056 3045 ex
1074 3011 1139 3045 more
1155 2994 1223 3044 Ouid.

730 3082 784 3140 post
793 3077 863 3138 jabet
873 3071 999 3138 repetitum
1008 3075 1091 3134 jactis.
1123 3071 1180 3119 Non
1190 3078 1222 3118 ta·

731 3164 786 3197 men
807 3147 941 3213 spernenda
961 3147 1036 3194 altera
1056 3145 1136 3202 lectio,
1150 3145 1224 3210 forth.

729 3223 769 3271 Ita
778 3222 812 3270 iii.
824 3221 947 3286 528.me
956 3221 1062 3267 alanna
1068 3236 1078 3276 ;
1095 3218 1151 3267 vide
1160 3219 1221 3268 etad

729 3296 762 3344 iii.
779 3298 842 3356 1113
858 3293 944 3358 Virgil.
960 3292 1057 3341 AEneid.
1074 3291 1101 3340 ii.
1114 3292 1221 3342 atame-

728 3368 798 3417 lubra
805 3369 886 3418 Deum
889 3368 955 3430 festa
964 3367 1062 3414 calamae
1064 3365 1163 3430 fronde.

183 3440 257 3489 licum
266 3439 430 3504 prodeuntem,
440 3454 465 3487 se
473 3438 678 3503 jactantemDeae
764 3444 822 3492 165.
835 3443 894 3491 Ecce
908 3443 969 3490 venit
979 3444 1094 3496 comitam,
1106 3441 1167 3504 eta]
1178 3440 1222 3487 -In-

183 3513 375 3564 maledicentem.
408 3511 491 3560 Manto
506 3513 535 3576 (a
547 3510 680 3577 μαντεύεο·
730 3532 808 3565 cessus
818 3514 923 3564 mulieris
935 3514 1042 3578 superbe
1052 3523 1077 3561 et
1088 3530 1137 3578 pro
1147 3514 1222 3578 snper·

183 3588 238 3654 θαι)
258 3605 321 3654 saepe
337 3604 352 3637 a
367 3586 495 3637 Veteribus
515 3601 680 3635 commemora·
729 3590 769 3639 bia
786 3588 931 3653 indignantis
946 3587 1041 3652 egregie
1058 3586 1100 3634 hic
1114 3586 1225 3636 describi·

184 3672 231 3713 tur.
264 3664 294 3711 In
308 3662 359 3728 ejus
369 3660 448 3710 verbis
464 3676 510 3708 non
525 3659 680 3708 inestnatici·
730 3672 767 3713 tur
774 3682 782 3725 3
798 3665 950 3719 celeberrimo,
960 3660 1047 3726 stipata
1061 3660 1145 3710 multis
1154 3661 1223 3709 comi·

181 3737 333 3802 niam,quod
344 3736 416 3800 vulgo
430 3733 464 3783 sic
477 3733 514 3783 dr.
527 3733 568 3783 sed
582 3731 680 3782 indictio
728 3738 801 3795 tibus,
822 3753 886 3787 more
912 3736 1045 3801 reginarum
1068 3735 1224 3785 orientalium.

183 3803 311 3860 sacrorum.
343 3812 436 3875 Nempe
452 3810 575 3857 vanancri
585 3806 680 3856 omnino
729 3813 769 3861 De
786 3813 896 3876 Phrygiis
911 3814 1006 3859 uestibus
1025 3809 1082 3860 vide
1099 3810 1131 3859 ad
1147 3827 1195 3860 ver.
1210 3809 1224 3858 i.

184 3894 221 3934 est
236 3886 341 3951 impulsu
357 3885 405 3934 Dei
421 3884 496 3949 loqui.
525 3883 610 3932 Divino
626 3900 679 3932 con·
731 3886 832 3944 Monens,
840 3885 984 3940 concutiens,
992 3883 1164 3949 indignationis
1173 3899 1225 3932 cau·

184 3964 232 4008 cita
249 3970 312 4008 asota
319 3978 329 4018 ,-
345 3959 400 4009 vide
416 3959 447 4008 ad
457 3958 491 4008 iii.
502 3961 559 4007 711.
593 3957 680 4007 Confer
729 3975 764 4017 sa,
780 3967 807 4009 ut
824 3959 918 4024 Jupiter
934 3958 959 4006 in
975 3958 1036 4006 libro
1051 3959 1071 4006 i.
1082 3974 1153 4008 versu
1171 3957 1224 4005 179.

185 4035 269 4082 Senec.
279 4033 367 4097 Agam.
377 4035 433 4082 ³19.
451 4031 492 4097 qui
507 4033 620 4081 Nostrum
638 4047 680 4079 ex·
730 4033 861 4082 immtatis
871 4031 957 4082 faeiem
967 4031 1151 4096 capillisignnm
1161 4036 1225 4080 orant

186 4105 284 4168 pressit:
304 4105 679 4169 Qnomfctotnmprascialldanto
728 4107 766 4156 vel
786 4107 909 4173 squaloris,
926 4107 966 4156 vel
985 4114 1048 4156 certe
1069 4105 1224 4171 negligentia,
1270 4126 1273 4133 ·

186 4177 242 4226 Sata
259 4179 345 4229 Tiresia
364 4179 517 4244 Latonigenas
533 4178 625 4227 Mmait
640 4194 676 4227 aa·
729 4180 806 4246 qualis
817 4190 853 4231 est
868 4179 994 4231 mulierum
1009 4179 1073 4230 domi
1086 4177 1226 4232 sedentium,
