2812 5010
346 340 818 414 META‘MORPHOSEON
841 349 933 415 LIB.
958 350 1040 416 VII.
1156 354 1222 420 465

176 518 275 594 Hine
293 521 481 619 Anaphen
499 521 570 593 sibi
584 522 722 619 jungit,
742 533 781 597 et
798 521 1021 621 Astypaleia
1037 548 1153 621 regna
1163 555 1174 616 ;

172 635 373 710 Promissis
391 635 590 734 Anaphen,
609 661 725 733 regna
742 637 965 736 Astypaleia
980 640 1093 715 bello.

174 751 274 825 Hinc
293 752 475 825 humilem
497 752 704 850 Myconon,
723 763 949 852 cretosaque
966 779 1052 830 rura
1069 755 1221 846 Cimoli,

175 868 465 965 Florentemqne
494 868 687 966 Cythnon,
715 868 875 966 Scyron,
896 871 1124 969 planamque
1153 874 1222 948 Se·

324 983 469 1079 riphon,
975 987 1095 1081 [Arne
1145 991 1220 1064 464

175 1097 505 1196 Marmoreamqne
530 1099 667 1186 Paron,
696 1123 890 1197 quamque
915 1100 1032 1199 impia
1057 1105 1223 1200 prodidit

176 1214 357 1301 Sithonis
378 1226 548 1313 accepto,
568 1217 670 1313 quod
688 1240 799 1290 avara
815 1228 1052 1315 poposcerat,
1072 1243 1184 1294 auro:

175 1328 327 1403 Mutata
344 1342 402 1403 est
419 1329 457 1402 in
475 1354 594 1417 avem,
616 1355 700 1428 quae
718 1357 817 1405 nunc
843 1357 996 1429 qnoque
1014 1333 1139 1430 diligit
1155 1358 1221 1408 au·

177 1442 297 1541 Nigra
307 1446 579 1542 pedem,nigris
590 1448 714 1521 velata
723 1447 927 1521 monedula
937 1451 1084 1545 pennis.
1101 1451 1219 1544 [rum3

173 1558 227 1632 At
244 1585 318 1632 non
337 1560 499 1648 Oliaros,
515 1561 780 1660 Didymaeque,
797 1573 837 1636 et
852 1563 990 1650 Tenos,
1007 1574 1047 1637 et
1060 1564 1222 1653 Andros,

206 1816 265 1865 461.
283 1816 347 1864 Hinc
357 1817 477 1879 Anaphen,
488 1816 547 1880 ete]
577 1816 674 1866 Catalo-
725 1817 775 1867 lum
787 1826 812 1868 et
825 1818 950 1869 Heinsinm
959 1834 1065 1886 quornm
1081 1821 1124 1872 ille
1139 1822 1225 1873 suade·

174 1904 219 1952 gns
239 1889 322 1937 harum
341 1890 471 1938 insularum
489 1890 566 1938 Cretae
585 1890 675 1938 vicina·
725 1894 815 1942 batvel
831 1895 1003 1958 Florentempue
1016 1913 1074 1945 curo
1091 1897 1225 1962 (autoiria)

174 1978 226 2011 rnrn
237 1963 360 2012 commode
371 1963 468 2027 quidem
483 1979 546 2012 nunc
560 1964 676 2028 potuisset
726 1965 810 2028 Syron,
830 1968 870 2015 vel
892 1969 1020 2016 Florentcm
1041 1973 1089 2017 viro
1106 1970 1226 2035 (Achille,

174 2035 260 2092 omitti,
284 2036 477 2100 quandoquidem
504 2053 550 2085 non
578 2034 675 2087 historia
726 2038 767 2102 qui
790 2039 832 2087 illo
854 2049 957 2105 ternpore
980 2040 1044 2106 apud
1065 2043 1226 2106 Lycomedem

175 2109 265 2162 Minois
281 2118 388 2159 narratur
395 2128 403 2171 ;
424 2111 466 2159 sed
483 2110 622 2159 eruditionis
638 2127 676 2160 os·
726 2113 876 2174 servabatur)
899 2114 994 2176 Scyron.
1038 2113 1086 2161 Hic
1108 2115 1224 2174 malebat,

176 2183 295 2232 tentandae
318 2199 390 2232 causa
407 2184 465 2233 talia
481 2185 644 2234 inserebantur
662 2201 677 2236 a
727 2183 898 2248 Florentemyne
914 2186 989 2249 thymo
1008 2187 1115 2250 Cythnon
1125 2187 1164 2236 rel
1181 2190 1225 2253 Sy·

175 2255 261 2322 poetis.
301 2258 442 2321 Astypaleia,
463 2274 506 2325 pro
533 2260 675 2322 Styphnlcr'o,
726 2277 785 2318 ron;
804 2259 1146 2311 laudatissimumenimfuisse
1156 2278 1226 2314 omne

174 2331 236 2378 bene
253 2329 320 2378 dedit
334 2330 434 2395 Regius.
466 2329 536 2380 Illius
552 2335 614 2380 enirn
633 2349 675 2382 no·
726 2334 773 2382 mel
791 2331 943 2397 Cycladinm.
982 2333 1038 2383 Sine
1055 2350 1135 2384 cansa.
1169 2337 1224 2385 Flo·

175 2402 246 2451 minis
256 2402 334 2452 insula
344 2404 411 2452 nulla
420 2403 444 2451 in
454 2403 621 2470 Archipelago.
726 2423 778 2454 rens
798 2408 879 2454 ciuitas
899 2405 993 2455 omnino
1018 2407 1110 2471 pollens
1130 2409 1225 2473 opibus,

207 2479 264 2526 463.
292 2478 559 2541 Humilem-planam]
595 2481 675 2537 Quum
726 2480 846 2544 opulenta.
863 2479 915 2527 Cic.
927 2481 1226 2544 Rosc;18.maj0resrem·

176 2555 284 2617 Myconos
299 2569 314 2600 a
325 2554 434 2616 Virgilio,
445 2557 505 2602 AEn.
516 2554 551 2602 iii.
564 2556 603 2602 74.
617 2557 676 2604 celsa
723 2555 838 2616 publicam
848 2555 1035 2616 florentissimam
1052 2557 1113 2602 nobis
1128 2557 1226 2618 relique-

174 2628 283 2687 dicatur;
299 2627 402 2688 Seriphos
416 2636 495 2675 autem
508 2627 570 2675 inter
580 2643 677 2678 saxosas
724 2637 791 2676 rant.
808 2627 932 2676 Cornelius
948 2627 1012 2691 Nep.
1021 2627 1072 2676 xxi.
1083 2630 1109 2677 2.
1126 2630 1227 2679 Decessit

174 2701 264 2751 insulas
273 2699 395 2757 referatur,
405 2701 470 2749 varie
477 2700 617 2765 interpretes
625 2703 677 2752 haee
718 2703 819 2763 florente
829 2718 908 2766 regno.

173 2775 281 2841 epitheta
288 2775 481 2831 etemendhrnnt
488 2782 513 2822 et
520 2775 677 2839 explichrnnt,
759 2778 816 2825 465.
827 2776 1021 2838 Mormorconyna
1032 2775 1134 2840 Paron]
1152 2779 1228 2827 Paros

174 2851 272 2900 Fatetur
289 2851 442 2898 Burmannus
462 2864 557 2897 manere
574 2849 619 2898 sibi
635 2866 677 2899 no·
726 2850 798 2900 etiam
807 2849 1042 2913 nnaeCycladibus,
1049 2849 1125 2914 primo
1134 2852 1227 2910 Platea,

175 2924 232 2973 dnm
243 2940 291 2971 non
304 2923 450 2971 solvendum.
483 2924 576 2987 Nempe
590 2923 675 2972 insulsa
725 2924 811 2974 deinde
822 2923 911 2972 Minois
919 2924 1049 2988 appellata,
1057 2940 1110 2988 quae
1120 2926 1227 2990 lapidem

174 2999 222 3047 illae
235 2997 344 3047 videntur
355 2997 412 3045 litus
423 2997 513 3046 acclive
524 2997 676 3055 habuissem
725 2996 842 3064 producit,
865 3011 936 3062 quern
957 3005 1044 3045 vocant
1064 2997 1171 3055 Parium,
1194 2996 1226 3049 ad

175 3071 613 3134 sicillahnmilis,haecplonofuisse.
635 3073 675 3122 Sic
725 3086 868 3121 marmoreas
901 3071 1034 3136 sculpturas
1067 3071 1226 3138 aptissimum.

175 3154 250 3202 certe,
271 3148 364 3194 humilia
383 3145 464 3201 Italia,
481 3145 550 3210 Virg.
564 3148 623 3195 AEn.
639 3147 675 3196 iii.
728 3149 856 3209 Quomque,
872 3152 919 3194 etc.
953 3147 1044 3196 Fabula
1064 3145 1155 3211 ignota,
1171 3147 1227 3198 hine

175 3222 239 3269 522:
258 3218 312 3267 ride
323 3219 412 3282 Heynii
421 3219 520 3267 Excurs.
528 3219 560 3266 iv.
569 3220 600 3268 ad
608 3221 677 3269 illum
726 3218 797 3268 lectio
807 3220 907 3269 incerta.
934 3220 1058 3269 Revocavi
1067 3220 1178 3285 equidem
1186 3238 1227 3271 ve·

174 3295 270 3343 librum.
308 3294 355 3340 Pro
372 3295 508 3355 plu-namque
524 3301 604 3342 tamen
622 3311 677 3343 cnm
727 3300 802 3342 terem
819 3310 834 3343 a
852 3296 989 3342 Burmanno
1005 3301 1102 3351 motam,
1119 3313 1229 3358 quomque

175 3367 301 3416 Constant.
335 3367 437 3414 Fanens.
447 3382 584 3428 parvamque
595 3367 677 3430 legen·
726 3370 985 3430 impiaprodiditdrne.
1020 3369 1055 3414 Ex
1064 3367 1182 3415 sententia
1192 3375 1229 3416 ta-

175 3442 233 3489 dnm
255 3440 361 3496 arbitror,
384 3440 441 3504 quia
465 3458 539 3501 paron
565 3441 677 3502 Seriphos,
726 3456 782 3489 men
796 3441 916 3490 Lactantii
931 3441 985 3504 lege
996 3442 1069 3496 Arne,
1082 3440 1228 3490 nominativo

175 3515 248 3563 etiarn
268 3532 293 3563 v.
313 3516 370 3562 242.
392 3523 416 3562 et
438 3514 501 3577 apud
523 3515 676 3564 Juvenalem.
726 3529 792 3562 casn.
831 3515 951 3562 Praeterea
970 3529 1012 3578 pro
1032 3513 1131 3562 Sithonis
1152 3513 1228 3562 Hein-

176 3589 232 3637 Fuit
250 3587 322 3643 enim,
340 3598 436 3637 anctore
456 3589 544 3645 Plinio,
564 3589 678 3639 circuitus
727 3587 775 3636 sius
796 3587 892 3653 conjicit
909 3587 1018 3649 Siphnon,
1038 3597 1060 3635 et
1080 3597 1179 3650 accepto,
1200 3597 1228 3638 ut

174 3663 228 3728 ejus
238 3662 331 3711 nonnisi
341 3661 384 3710 xii.
396 3662 472 3710 millia
481 3679 602 3727 passuum.
620 3665 678 3712 Pla·
727 3661 830 3710 allnsum
849 3661 880 3708 sit
898 3660 929 3708 ad
949 3660 1093 3709 aurifodinas
1109 3661 1228 3725 Siphnias,

177 3745 299 3784 noeontra
311 3734 424 3791 nonfuit,
437 3736 479 3783 sed
491 3751 583 3800 aspera.
619 3739 676 3785 Cre·
727 3735 852 3800 dequibus
862 3735 932 3800 plura
941 3734 1067 3798 congessit.
1091 3736 1170 3794 Certe,
1181 3752 1229 3786 non

177 3821 224 3860 toro
233 3827 292 3858 rura
305 3811 394 3858 Cimoli.
423 3811 523 3858 Cincius
532 3818 621 3859 cretam
633 3811 675 3859 ha·
727 3808 785 3856 setis
801 3817 908 3872 apparet,
919 3823 961 3856 cur
972 3807 1073 3858 Ovidius
1090 3808 1173 3856 insule
1191 3808 1228 3875 ip-

175 3885 259 3941 bebat,
282 3901 336 3949 quae
356 3884 486 3950 purgandis
506 3885 612 3933 vestibus
633 3885 676 3934 ad·
727 3883 776 3932 sius
786 3897 872 3930 nornen
886 3880 992 3929 omiserit
1002 3890 1026 3930 et
1043 3882 1173 3948 periphrasi
1186 3884 1229 3931 ob·

176 3959 317 4007 hibebatur:
345 3958 400 4006 vide
422 3958 526 4006 Plinium
545 3975 618 4007 xxxv.
639 3960 677 4007 17.
727 3970 797 4004 scurn
807 3971 863 4002 usus
872 3956 910 4003 sit.
933 3955 1074 4014 Moned·ula;
1087 3955 1227 4021 quiasaepe·

178 4034 278 4096 Cythnor
299 4033 391 4083 Cimolo
417 4033 504 4081 vicina.
548 4032 677 4081 Florentem
728 4045 825 4077 numero
845 4038 945 4078 monetas
965 4043 1050 4078 aureas
1070 4029 1154 4087 aufert,
1172 4029 1229 4079 inde

177 4107 240 4156 nude
258 4107 368 4172 positum,
384 4115 434 4154 tum
454 4109 541 4170 Scyron
558 4107 609 4156 sine
627 4107 677 4172 epi·
699 4146 701 4150 .
728 4119 812 4153 nomen
827 4103 947 4170 accepisse
957 4103 1105 4153 credebatur.
1141 4104 1228 4162 Velori,

174 4181 243 4230 theto
249 4180 401 4230 offendebant
410 4181 544 4242 nonnullos,
552 4188 579 4230 ut
588 4181 676 4245 Micyl-
728 4177 758 4226 de
768 4176 861 4242 pennis,
871 4185 898 4226 nt
908 4176 958 4226 xiii.
969 4179 1009 4228 63.
