2812 5010
234 136 246 163 Χ

267 333 735 402 METAMORPHOSEON
751 335 842 399 LIB.
866 335 928 400 lv.
1048 337 1114 402 293

157 508 287 596 lmaci,
302 511 360 583 vel
370 509 550 606 jaculum,
563 509 623 582 vel
639 509 760 607 pictas
774 532 881 584 sume
894 511 1107 608 pharetras;

157 647 204 697 ua
220 648 308 698 cum
325 623 428 697 duris
444 623 641 697 venatibus
659 624 735 700 otia
751 625 906 701 misce.”

165 742 336 839 jaculum
354 743 480 828 sumit,
499 764 569 813 nec
587 739 708 839 pictas
726 741 790 816 illa
807 743 1021 840 pharetras:

168 879 239 930 sua
255 878 341 928 cum
359 854 461 927 duris
479 855 675 928 venatibus
692 855 770 930 otia
786 857 940 932 miscet:

163 971 275 1045 modo
292 969 394 1044 fonte
412 995 480 1044 suo
497 970 678 1045 formosos
696 973 832 1070 perluit
849 985 972 1063 artus;
1036 980 1110 1049 310

159 1109 182 1159 e
200 1085 402 1184 Cytoriaco
418 1086 572 1159 deducit
589 1087 738 1185 pectine
756 1088 899 1176 crines;
940 1170 946 1179 ,

157 1201 231 1299 μιίᾱ
248 1226 290 1276 se
308 1203 453 1288 deceat,
472 1212 662 1299 spectatas
679 1203 840 1278 consulit
856 1205 988 1279 undas.

157 1341 182 1390 ‚c
200 1319 407 1416 perlucenti
424 1317 656 1393 circumdata
673 1344 808 1419 corpus
827 1321 980 1408 amictu,

157 1433 251 1507 libus
269 1444 334 1507 aut
350 1433 460 1520 foliis,
480 1444 546 1507 aut
563 1435 740 1508 mollibus
757 1436 910 1511 incubat
926 1429 1065 1512 herbis

159 1573 182 1623 e
198 1549 291 1647 legit
307 1551 435 1625 flores:
465 1561 504 1624 et
521 1562 611 1625 tunc
630 1575 782 1650 quoque
799 1551 893 1627 forte
910 1554 1073 1650 legebat,

158 1689 195 1738 m
214 1690 372 1763 puerum
389 1665 502 1755 vidit3
531 1667 729 1765 visumque
746 1668 890 1766 optavit
907 1669 1057 1743 habere.

170 1793 297 1857 tamen
316 1793 401 1856 ante
419 1783 523 1870 adiit,
541 1783 610 1857 etsi
629 1786 853 1883 properabat
870 1784 984 1872 adire,
1036 1789 1109 1858 317

157 1923 193 1971 m
210 1923 252 1972 se
270 1900 493 1997 composuit,
510 1924 623 1996 quam
641 1901 909 2001 circumspexit
925 1902 1097 1988 amictuS,

157 2014 246 2088 inxit
261 2016 404 2088 vultum
417 2043 425 2105 ;
455 2026 493 2089 et
510 2017 645 2089 meruit
661 2014 823 2091 formosa
838 2018 967 2092 videri.

157 2130 248 2205 csic
267 2155 352 2205 orsa
367 2132 492 2228 loqui:
524 2141 548 2170 “
567 2131 707 2207 Puero
725 2133 943 2229 dignissime
958 2132 1059 2207 credi

182 2408 322 2473 Cytoriaco]
358 2410 468 2475 Explicat
488 2412 566 2476 glossa
614 2423 732 2470 ramata
758 2413 806 2463 Hic
816 2427 903 2469 versus,
911 2411 963 2460 sine
971 2423 1052 2465 causa,
1062 2416 1112 2457 erat

165 2484 196 2532 B.
213 2486 371 2551 superscripta
392 2486 455 2535 inter
474 2488 564 2537 lineas:
615 2495 737 2552 suspectus
748 2485 855 2537 Heinsio.

157 2561 245 2621 puicin
261 2562 384 2607 monteillo
399 2565 485 2610 crncit.
520 2563 566 2626 cy.
647 2561 704 2609 317.
721 2559 770 2609 Nec
790 2569 865 2609 tomen
885 2558 1024 2613 custodiit,
1046 2554 1108 2618 eto]

162 2630 332 2697 Paphlagoniae
339 2635 564 2690 mons‚buxoabnn-
615 2637 647 2683 Et
661 2634 706 2684 hoc
720 2649 774 2683 rere
791 2649 804 2683 e
821 2631 925 2680 moribus
940 2628 996 2679 talis
1012 2629 1109 2695 puelle.

157 2705 210 2756 lide
219 2707 287 2770 Virg.
298 2707 386 2771 Georg.
398 2707 426 2756 ii.
436 2709 491 2758 437.
507 2710 563 2758 For·
616 2709 750 2772 componore
766 2717 791 2758 ot
808 2704 984 2773 περιστέλλειν,
1002 2703 1112 2753 decenter

157 2787 222 2845 posta
243 2790 314 2844 auget
334 2781 448 2842 colend03
473 2784 565 2849 proprie
614 2799 705 2840 ornare,
725 2791 802 2832 restes
821 2780 847 2829 in
868 2778 974 2828 ordinem
994 2777 1110 2841 red'mere.

157 2855 328 2916 deducitorper
338 2856 565 2921 crineasedexqui·
614 2856 705 2906 Eodem
726 2856 796 2905 modo
816 2853 880 2902 Plin.
899 2853 946 2901 IV.
965 2851 1011 2917 Ep.
1030 2848 1057 2899 ii.
1078 2851 1111 2898 3:

157 2931 248 2991 pectine
264 2931 375 2978 dedocere
394 2932 476 2978 crium
510 2931 565 2981 Ele·
616 2933 772 2995 Postquamsc
785 2931 906 2992 composuit
919 2937 941 2976 ct
955 2927 1113 2988 circumspexit

171 3002 246 3051 etiarn
265 3001 393 3051 Claudian.
412 3020 435 3051 x.
458 3005 513 3052 102.
534 3004 565 3054 de
615 3009 716 3055 hobitum
726 3023 802 3055 soum.
835 3002 940 3052 Similem
953 2999 1111 3050 enimcuram

159 3074 261 3124 Veneris
269 3076 366 3141 capillos
373 3084 497 3140 pectente:
510 3078 566 3128 Haec
615 3079 707 3129 ornatui
721 3079 892 3146 impendebant
909 3084 1011 3125 oratores
1027 3073 1058 3122 ad
1074 3073 1111 3122 di·
1211 3083 1216 3093 ’

157 3153 265 3198 numerosi
280 3152 354 3198 dentis
368 3152 452 3198 eburno
464 3151 564 3215 Mullifi·
615 3140 717 3204 cendum
732 3152 854 3219 prodituri.
887 3150 950 3198 Hinc
965 3146 1068 3205 Gellius,
1078 3148 1112 3196 N.

157 3224 255 3270 “riman
270 3233 331 3271 orat.
366 3223 470 3272 Pectines
486 3234 566 3274 autern
615 3229 648 3277 A.
657 3227 674 3277 i.
683 3232 707 3278 5.
718 3231 832 3290 composite
847 3236 870 3276 ct
883 3229 1040 3285 circumspecto
1055 3224 1111 3270 anri·

157 3296 231 3344 txtorii
239 3297 287 3360 (vi.
298 3296 357 3358 132)
368 3305 393 3345 et
401 3296 464 3345 tibiae
473 3298 565 3363 (supra,
616 3305 674 3350 ciri.-
685 3301 740 3351 vide
748 3302 919 3364 Burmannum.
936 3285 1112 3346 collocantes-

158 3369 478 3432 0)conficiebanturcbuxo.
503 3373 566 3427 Quid
615 3385 663 3424 tem
672 3375 740 3424 estii.
748 3377 804 3425 733.
826 3371 1111 3429 Fircritooltummtsub-

157 3452 185 3499 rt,
193 3443 310 3507 quomodo
320 3452 346 3492 et
352 3444 432 3492 vultus
442 3444 566 3509 fingendus
615 3449 702 3498 rideret
713 3457 737 3498 et
747 3448 823 3499 oculis
832 3448 988 3497 blandiretur.

157 3530 184 3565 ss
200 3517 367 3582 componendas
383 3517 438 3575 sint,
453 3526 480 3567 ut
497 3518 566 3568 decor
647 3524 703 3571 320.
722 3522 827 3572 Tuncric
837 3538 886 3569 orsu
896 3517 1032 3582 inquieta]
1051 3516 1110 3564 Ora-

615 3597 649 3645 tio
658 3594 827 3645 blanditiarum
837 3606 862 3644 et
875 3593 1013 3642 insidiarum
1027 3589 1109 3654 plena.

184 3664 318 3714 Psrlaeenti
336 3667 442 3730 amicta]
482 3666 564 3714 Amor.
615 3673 706 3734 stagna
722 3669 783 3725 laus,
797 3668 817 3716 si
832 3666 926 3732 cognati
943 3672 1023 3714 nostra
1039 3676 1112 3710 causa

157 3739 175 3787 l.
181 3744 247 3788 vestis
256 3743 393 3798 tenuissima,
401 3744 477 3790 coitus
485 3760 562 3790 amott-
615 3743 680 3792 beati
686 3741 854 3807 praedicantur.
863 3739 948 3803 Virgil.
956 3739 1014 3786 AEn.
1022 3734 1039 3783 ἰ.
1046 3737 1094 3784 605
1103 3754 1109 3782 :

157 3827 201 3877 npe
211 3813 356 3878 bombycina
372 3823 413 3862 aut
424 3815 507 3872 serica,
518 3831 566 3880 qua
618 3819 665 3874 ont
675 3820 736 3866 tanti
743 3818 811 3865 talem
816 3831 916 3881 genuere
923 3811 1043 3876 parentes?
1063 3810 1111 3859 Sed

157 3885 200 3934 bat
215 3902 278 3943 caro,
297 3903 351 3952 quas
369 3887 506 3936 denudabat
521 3889 566 3936 loe·
616 3892 667 3939 haec
679 3891 792 3957 Nympha
805 3887 898 3953 longius
909 3886 981 3935 etiam
990 3882 1110 3951 progredi·

178 3961 243 4010 Plin.
260 3962 325 4012 Hist.
341 3963 401 4010 Nat.
415 3961 447 4011 vi.
466 3965 494 4011 17
503 3981 510 4024 ;
534 3964 567 4011 xi.
617 3978 663 4022 tur,
673 3973 698 4014 et
714 3964 744 4012 ab
759 3963 797 4012 his
813 3961 924 4011 laudibus
941 3957 1064 4008 commode
1081 3956 1111 4005 ad

157 4033 273 4092 Mollibus,
294 4044 341 4085 etc.
369 4036 460 4084 Anacr.
481 4036 513 4085 iv.
537 4038 564 4083 l:
617 4045 672 4086 vota
686 4052 730 4085 sua
744 4035 857 4085 defertur.
891 4036 930 4083 De
945 4031 1050 4096 eleganti
1058 4047 1112 4080 vero

157 4108 274 4173 ’.νρσὶναις
287 4113 414 4176 τερειναῖς,
423 4110 482 4160 Ἐπὶ
496 4110 566 4160 λωτί-
616 4108 756 4176 repetitione
765 4111 837 4175 louge,
848 4111 955 4174 loogerpre
961 4107 1113 4154 Burmannus

168 4183 252 4243 ποίαις
266 4185 397 4250 Στορέσας.
426 4186 501 4239 Quom
511 4202 566 4246 pue-
617 4184 739 4233 consulere
755 4184 824 4247 jubet
840 4182 944 4232 Bentlei.
961 4180 991 4230 ad
1010 4181 1069 4228 Hor.
1088 4180 1111 4227 1.

1146 4596 1347 4722 Α
