2812 5010
375 327 844 426 METAMORPHOSEON
868 329 958 395 LIB.
983 330 1044 396 lV.
1168 333 1233 400 327

184 501 373 601 Pegason,
394 512 433 575 et
450 501 615 588 fratrem,
635 502 765 575 matris
784 503 831 577 de
849 505 1030 602 sanguine
1049 516 1169 580 natos.

181 617 342 694 Addidit
357 627 396 693 et
413 618 516 713 longi
533 642 608 691 non
626 615 720 690 salsa
736 618 903 717 pericula
920 644 1076 696 cursus:
1158 627 1230 697 786

182 733 278 817 Quae
295 733 403 819 freta,
424 758 518 830 quas
533 743 650 809 terras
669 734 740 807 sub
759 759 799 808 se
817 735 974 810 vidisset
991 737 1038 811 ab
1057 738 1156 826 alt0;

183 848 234 922 Et
252 875 336 950 quae
351 850 505 948 jactatis
523 850 710 949 tetigisset
729 848 852 924 sidera
869 852 1027 950 pennis:

181 964 284 1041 Ante
301 977 545 1065 expectatum
564 967 683 1041 tacuit
700 978 837 1041 tamen.
893 966 1049 1065 Excipit
1067 993 1163 1042 unus

183 1080 217 1154 E
234 1107 390 1157 numero
408 1108 616 1182 procerum,
633 1107 817 1181 quaerens,
837 1108 903 1157 cur
921 1084 1003 1156 sola
1020 1109 1187 1159 sororum

184 1197 357 1273 Gesserit
373 1198 524 1272 alternis
542 1199 732 1303 imrnixtos
750 1198 915 1273 crinibus
934 1221 1089 1295 angues
1157 1205 1225 1275 791

182 1312 336 1413 Hospes
354 1315 426 1388 ait:
457 1324 481 1354 “
501 1315 687 1400 Quoniam
706 1315 851 1390 scitaris
870 1314 985 1412 digna
1002 1315 1134 1402 relatu,

177 1430 324 1529 Accipe
341 1430 490 1527 quaesiti
508 1455 681 1507 causam:
710 1432 916 1506 clarissima
932 1430 1061 1518 forma,

180 1544 467 1644 Multorumque
483 1547 554 1621 fuit
570 1573 657 1647 spes
676 1548 858 1622 invidiosa
879 1572 1077 1646 procorum

179 1660 274 1751 llla3
303 1687 373 1736 nec
391 1663 429 1736 in
446 1673 525 1739 tota
542 1666 778 1764 conspectior
797 1667 872 1738 ulla
889 1664 1036 1763 capillis
1151 1669 1223 1738 795

179 1777 276 1851 Pars
294 1778 385 1852 fuit:
414 1779 549 1865 inveni,
565 1779 630 1878 qui
649 1806 690 1854 se
707 1781 846 1856 vidisse
863 1779 1057 1855 referrent.

181 1877 293 1967 Hanc
312 1893 444 1990 Pelagi
463 1905 584 1968 rector
601 1896 744 1995 templo
761 1897 912 1970 vitiasse
931 1895 1111 1969 Minervae

181 2008 352 2083 Dicitur:
382 2033 511 2084 aversa
529 2021 598 2097 est,
619 2022 657 2085 et
674 2021 798 2087 castos
814 2011 935 2109 aegide
951 2013 1075 2086 vultus
1134 2085 1138 2092 .

180 2125 218 2198 N
221 2136 286 2200 ata
297 2124 321 2198 J
323 2126 401 2199 ovis
418 2127 533 2201 texit:
562 2152 656 2202 neve
673 2128 745 2202 hoc
762 2129 915 2227 impune
932 2126 1075 2213 suisset,
1155 2131 1226 2201 799

181 2242 426 2338 Gorgoneum
438 2252 567 2341 turpes
584 2243 726 2317 crinem
743 2243 899 2318 mutavit
911 2243 949 2316 in
963 2242 1115 2340 hydros
1137 2243 1227 2338 [tes

180 2358 218 2432 N
220 2383 296 2449 unc
314 2382 478 2456 quoque,
499 2370 542 2433 ut
565 2360 745 2436 attonitos
770 2359 966 2435 formidine
984 2367 1122 2432 terreat
1140 2357 1246 2431 hos?

180 2475 345 2550 Pectore
362 2474 401 2549 in
418 2478 586 2564 adverso,
606 2502 700 2576 quos
717 2477 818 2566 fecit,
838 2476 1000 2551 sustinet
1013 2474 1196 2572 angues.'’

178 2675 259 2742 ryonis
269 2686 344 2742 pater.
363 2677 556 2745 Apollodnimia
562 2679 678 2741 brevitate
725 2678 790 2747 qnod
801 2679 937 2744 legebann3
954 2691 1010 2726 nam
1023 2676 1086 2725 sacto
1100 2674 1179 2724 adhuc
1189 2689 1227 2724 re·

179 2752 295 2800 obscnrus
311 2760 356 2801 est.
394 2754 550 2812 coriander
569 2755 594 2803 in
615 2771 678 2814 aere,
727 2762 804 2810 cente,
821 2753 900 2820 plures
916 2749 1016 2800 inveniri
1034 2750 1166 2799 debuerunt
1184 2749 1225 2815 qui

179 2826 481 2892 vocabuloanavigatione
489 2835 593 2893 sumpto.
617 2830 679 2878 Ver·
726 2827 972 2893 rofmmtuuidius.
1006 2823 1103 2886 Templo.
1137 2824 1228 2872 Secun-

177 2900 215 2950 bis
225 2901 344 2966 nonfalsa
354 2902 430 2967 tangit
440 2903 568 2952 vanitatem
576 2903 680 2968 peregri·
728 2902 786 2951 dum
803 2899 905 2950 Hesiod.
920 2900 1048 2965 Neptunus
1064 2913 1117 2947 eam
1132 2897 1227 2947 vitiavit

178 2974 297 3033 nantium,
318 2975 360 3041 qui
380 2976 457 3025 solent
482 2975 558 3025 multa
577 2976 679 3025 mentiri.
728 2973 989 3041 inprato,lvp0)tarpi
998 2973 1106 3037 λειμῶνι,
1132 2971 1227 3036 Nempe

179 3050 240 3098 Ante
250 3058 399 3112 expectatam,
408 3049 433 3098 id
444 3057 488 3107 est,
499 3048 575 3099 tacuit
583 3058 663 3099 tamen
672 3068 680 3112 3
729 3050 844 3111 templum,
855 3055 882 3096 ut
892 3045 998 3112 τέμενος,
1009 3043 1085 3093 omnis
1094 3043 1162 3093 locus
1174 3045 1228 3094 Deo

177 3120 250 3172 etiam
259 3121 312 3171 viii.
323 3126 353 3184 ὃς
370 3121 439 3188 Virg.
452 3123 539 3188 Georg.
547 3122 581 3172 iii.
591 3124 648 3172 348.
730 3131 889 3174 consecratus.

210 3197 267 3246 790.
285 3197 339 3245 Solu
353 3197 396 3246 illa
408 3197 479 3246 etiam
494 3197 600 3246 mortalis
615 3205 679 3247 erat:
762 3199 819 3247 802.
838 3191 1140 3256 Pectoreinadverto,etc.]
1157 3192 1229 3240 Dono

177 3269 280 3319 Hesiod.
314 3271 455 3320 Clarissima.
494 3270 681 3320 Pulcherrimam
729 3271 844 3320 Minervio
860 3269 927 3321 dedit
941 3270 1041 3319 Perseus
1058 3269 1103 3318 hoc
1119 3265 1228 3317 Medusa

177 3342 320 3396 feminarum
347 3343 419 3394 fuisse
439 3343 567 3393 Medusam
589 3344 681 3406 serunt3
730 3352 802 3409 caput
809 3343 871 3406 5illa
881 3359 936 3412 uero
947 3342 1016 3390 veliu
1025 3352 1115 3405 pectora
1123 3357 1165 3389 seu
1175 3339 1228 3388 tho·

177 3416 304 3474 Pindarus,
326 3418 391 3467 Pith.
411 3418 454 3466 xii.
475 3420 516 3467 28.
537 3433 590 3466 eam
610 3427 682 3467 vocat
730 3433 793 3475 racc,
808 3426 836 3467 ut
848 3419 899 3467 vult
915 3416 987 3466 etiam
1004 3416 1122 3465 Eratosffl.
1133 3415 1228 3470 velse-

179 3487 317 3556 εὐπάραον,
334 3490 400 3540 illius
416 3491 497 3556 itaque
517 3506 595 3540 amore
614 3491 678 3556 capti
729 3491 833 3540 cundum
844 3490 996 3556 antiquiores,
1008 3489 1033 3538 in
1043 3491 1129 3554 clypeo
1142 3487 1228 3553 posuit.

176 3564 359 3630 obstupuerunt.
392 3565 445 3627 Spes
461 3568 587 3623 invidioso,¹
605 3581 677 3629 quam
729 3566 824 3614 Homer.
834 3565 864 3614 11.
872 3570 901 3614 Ε.
912 3565 970 3612 741.
1003 3563 1107 3613 Seriores
1122 3571 1147 3610 et
1163 3561 1227 3609 hunc

176 3652 233 3686 cum
241 3637 332 3686 invidia
340 3645 364 3687 et
371 3639 521 3688 tumulatione
530 3647 614 3687 mutua
624 3655 677 3703 spe·
727 3648 752 3688 et
762 3638 829 3688 illurn
841 3654 869 3687 eo
877 3645 968 3687 ornant.
987 3638 1017 3684 In
1026 3637 1074 3685 foro
1083 3635 1226 3700 Argivorum

175 3711 460 3772 rabantmulti3venuste
472 3720 496 3760 et
505 3728 536 3761 ex
544 3711 676 3760 imitatione
727 3712 848 3763 conditum
870 3712 914 3760 hoc
935 3719 1008 3776 caput
1034 3727 1085 3760 esse
1113 3708 1225 3759 aiebant:

175 3783 284 3850 Propert.
294 3784 494 3850 11.Eleg.i.e³:
514 3786 626 3834 Maecenas
636 3803 677 3833 uc·
729 3788 835 3835 Pausan.
846 3787 873 3835 d.
885 3786 902 3835 1.
935 3786 1054 3835 Ceterum
1071 3784 1096 3833 hi
1112 3784 1159 3832 duo
1173 3799 1228 3848 pos·

175 3869 229 3908 stroe
239 3876 287 3922 sper
301 3862 533 3924 inuidiosajuvantoe.
568 3861 677 3922 Conspec-
727 3860 796 3910 tremi
809 3876 888 3910 versus
905 3877 952 3908 non
967 3867 1064 3926 possunt
1081 3859 1169 3907 Perseo
1186 3857 1228 3906 tri-

176 3937 233 3991 tior,
246 3934 374 4001 pulchrior.
726 3933 768 3982 bui
775 3952 782 3996 ς
795 3937 845 4000 ipse
857 3934 921 3982 enirn
935 3942 1009 4000 caput
1019 3933 1097 3983 adhuc
1109 3932 1230 3998 habebat5

209 4008 267 4057 796.
284 4009 433 4074 differrent]
458 4008 498 4058 Sic
517 4008 619 4058 Codices
636 4023 677 4056 no·
727 4023 805 4072 neque
821 4010 881 4059 bene
892 4025 921 4058 ex
933 4008 1125 4076 Ovidiipersona
1138 4007 1227 4074 adjecti

175 4079 219 4130 stri
236 4080 318 4146 Regii,
330 4083 394 4148 quod
410 4082 504 4148 pretuli
520 4099 563 4150 pro
578 4083 677 4148 rcferrot
728 4091 791 4133 sunt.
