2812 5010
202 320 272 387 DE
296 318 461 385 OPERE
484 319 977 387 METAMORPHOSEON.
1016 324 1119 402 xxxiii¹

73 516 129 579 que
148 494 227 558 inde
247 492 484 578 Polyphemum
506 493 621 557 abesse
635 491 748 570 voluit,
770 495 812 558 ab
827 493 973 560 Homero
993 507 1026 560 et
1042 496 1117 562 Vir-

70 611 141 696 gilio
157 611 238 676 locis
255 611 434 698 insignibus
454 621 610 675 notatum.
657 610 811 677 Similiter
824 613 858 676 in
872 615 1003 698 magicis
1017 616 1116 680 rebus

68 732 255 796 enarrandis
283 730 468 805 Horatium,
491 728 675 814 Virgilium,
699 740 734 794 et
761 730 940 809 Tibullum,
964 733 998 796 in
1021 734 1117 797 variis

67 852 219 918 aetatibus
232 851 294 915 hos
313 853 395 916 duos
409 860 602 935 postremos,
614 859 648 914 et
663 847 845 914 Hesiodum
858 850 1013 935 respexit.
1059 850 1116 915 Ad

66 968 197 1055 Virgilii
220 969 445 1035 auctoritatem
464 969 561 1034 etiam
581 966 711 1051 Orphei
734 989 775 1032 ex
795 967 962 1053 Eurydice
981 967 1117 1047 luctum,

65 1087 207 1152 lunonis
230 1087 409 1173 soliloquia,
432 1098 466 1152 et
488 1089 681 1152 descensum
703 1097 768 1151 tam
787 1087 830 1151 ad
850 1087 941 1152 Deos
964 1089 1114 1165 marinoS,

63 1229 164 1291 quam
186 1207 230 1270 ad
251 1206 382 1282 inferos,
396 1205 573 1270 inferorum
591 1207 735 1290 ipsorum
755 1204 1013 1283 delineationem,
1029 1208 1117 1272 Dea·

63 1345 135 1388 rum
150 1323 460 1400 transformationes,
470 1324 588 1409 quibus
600 1322 733 1388 fallendi
745 1347 842 1389 causa
852 1324 968 1389 anilem
982 1325 1117 1393 formam

62 1452 259 1519 sumserant,
281 1441 449 1506 fulminum
467 1440 559 1506 Jovis
581 1444 856 1528 compositionem,
876 1444 964 1508 canis
979 1445 1116 1509 venatici

64 1559 96 1624 in
121 1559 235 1645 lepore
263 1559 489 1645 persequendo
510 1557 724 1636 velocitatem,
750 1559 865 1624 multas
891 1560 1115 1627 similitudines

64 1680 306 1764 sententiasque
328 1678 518 1763 composuit.
564 1676 604 1740 In
630 1675 750 1741 diluvio
774 1678 997 1744 Deucalioneo
1016 1679 1116 1745 lineas

63 1798 222 1882 quasdam
233 1820 275 1862 ex
289 1796 429 1862 Horatio
443 1797 548 1873 duxit,
564 1797 775 1883 eumdemque
790 1798 924 1876 effinxit,
940 1822 1039 1885 quum
1053 1801 1117 1867 vim

65 1926 180 1981 cantus
195 1915 335 2002 Orphici
354 1915 444 2001 apud
459 1915 578 1980 inferos
599 1916 745 1982 referret.
792 1917 878 1982 Sunt
897 1929 931 1982 et
950 1917 1012 1982 alia
1031 1917 1114 1994 loca,

64 2036 234 2120 inquibus
249 2058 270 2099 a
284 2035 439 2100 Lucretio
453 2047 552 2120 atque
568 2035 701 2100 Tibullo
716 2037 883 2122 pependit.
921 2036 961 2100 ln
975 2038 1115 2102 carmine

64 2154 235 2240 pastoritio
251 2147 444 2238 Polyphemi
458 2153 525 2217 xiii.
542 2153 606 2216 789
621 2176 690 2238 sqq.
709 2152 922 2218 Theocritum
942 2164 1017 2218 ante
1040 2176 1116 2219 ocu·

64 2271 111 2338 los
130 2273 258 2338 habuit.
304 2270 470 2336 Nonnulla
488 2272 602 2336 sumsit
621 2273 663 2338 ab
679 2272 860 2357 Euripide:
884 2293 989 2356 neque
1009 2282 1116 2336 tamen

66 2392 248 2476 putandum
273 2401 334 2468 est,
355 2414 466 2476 presso
492 2413 566 2456 eum
587 2393 673 2477 pede
702 2402 849 2456 auctores
874 2389 945 2455 illos
971 2400 1117 2455 secutum

60 2532 148 2588 esse,
164 2511 223 2576 sed
243 2512 288 2576 ita
305 2534 360 2576 eos
377 2512 533 2596 respexit,
549 2522 586 2576 ut
601 2511 705 2579 solent
722 2510 878 2596 praeclara
892 2509 1022 2594 ingenia
1040 2507 1117 2573 alio·

67 2652 136 2694 rum
158 2630 346 2694 inventain
373 2653 466 2694 suum
486 2654 580 2696 usum
608 2640 805 2695 convertere.
851 2628 890 2692 In
918 2626 1116 2712 Tisiphones

65 2748 181 2814 habitu
196 2747 410 2813 describendo
425 2749 466 2812 iv.
479 2747 554 2825 480,
570 2748 768 2812 concertavit
779 2767 852 2812 cum
863 2743 1014 2829 Virgilio,
1029 2767 1118 2810 eum·

65 2889 129 2951 que
152 2866 235 2932 adeo
261 2867 443 2952 superavit:
466 2877 500 2931 et
526 2889 600 2951 quae
625 2864 678 2930 ille
705 2866 746 2929 de
772 2863 890 2927 lumine
913 2885 973 2947 per
997 2872 1116 2927 terram

65 2986 174 3051 fissam
193 2988 227 3050 in
246 2996 367 3052 tartara
384 2995 575 3070 penetrante
595 2984 700 3048 obiter
718 2992 854 3057 tantum,
870 2981 1116 3065 comparationis

65 3127 173 3181 causa,
194 3105 333 3182 dixerat,
346 3127 394 3168 -ea
417 3104 541 3168 Noster
555 3126 585 3166 v.
601 3104 666 3168 356
687 3126 756 3190 sqq.
777 3101 878 3165 multo
904 3099 1017 3165 melius
1042 3122 1117 3165 cum

66 3224 225 3299 Homer0,
245 3225 301 3308 qui
324 3224 421 3289 etiam
439 3221 580 3307 Virgilio
604 3222 787 3306 praeiverat,
805 3219 966 3284 adhibuit.
1013 3218 1117 3302 Supe-

66 3353 156 3407 ratur
173 3342 305 3425 quidem
319 3342 375 3405 xii.
396 3343 435 3406 la
451 3364 521 3425 sqq.
538 3342 572 3404 in
589 3338 701 3404 fabula
716 3340 757 3404 de
772 3338 912 3402 dracone
928 3338 962 3400 in
975 3335 1117 3419 lapidem

65 3469 190 3524 mutato
205 3461 248 3524 ab
262 3458 424 3536 Homer0;
441 3459 499 3522 sed
514 3457 577 3522 viii.
594 3457 668 3521 738.
682 3457 714 3519 in
726 3455 958 3520 Erisichthone
973 3453 1115 3518 notando

67 3579 214 3661 superior
228 3575 438 3651 Callimacho,
455 3586 542 3640 certe
560 3597 625 3639 non
643 3575 795 3651 deterior,
810 3574 981 3659 reperitur.
1029 3570 1116 3634 Lau-

67 3697 139 3760 dem
159 3695 260 3780 igitur
274 3705 308 3760 et
321 3697 356 3791 in
371 3695 439 3759 aliis
454 3695 616 3759 imitandis
629 3704 785 3758 meretur:
802 3713 908 3776 neque
922 3712 998 3754 vero
1012 3689 1116 3752 iacea-

67 3814 161 3878 tioaia
174 3813 283 3898 gloria>
292 3836 367 3878 eum
380 3815 531 3879 fraudare
547 3814 651 3878 decet.
691 3812 822 3877 Etenim
837 3832 910 3894 quae
925 3809 967 3872 ad
982 3807 1117 3872 aliorum

59 3931 274 3998 imitationem
305 3935 498 4019 composuit,
527 3957 566 3998 ea
597 3933 757 4003 minimam
793 3927 979 4013 amplissimi
1008 3928 1115 4013 operis

66 4049 162 4134 hujus
182 4061 307 4135 partem
328 4052 482 4129 efficiunt,
504 4075 605 4138 quum
624 4053 790 4117 innumera
811 4049 882 4114 loca
903 4049 997 4114 variis
1018 4048 1117 4111 virtu-

67 4167 152 4231 tibus
167 4170 296 4247 eximia,
311 4171 478 4236 innumera
492 4172 658 4258 figmenta,
673 4171 820 4257 plurimae
841 4167 1115 4256 amplificationes,

110 4306 184 4350 voa.
202 4307 252 4351 111.
840 4311 858 4353 e

595 4438 1184 4726 ...a
