2812 5010
216 365 217 368 κ
267 331 311 397 re
563 332 602 396 P.
626 328 787 396 ovrun
811 328 1022 405 ursonis
1111 298 1114 303 ’

179 579 182 584 .
274 505 312 579 N
314 530 358 580 ec
375 507 561 588 scelerata
577 516 723 580 tamen:
752 504 800 578 de
820 505 915 577 duro
934 514 993 579 est
1010 505 1142 577 ultima
1164 528 1313 583 ranno,

324 621 502 694 Protinus
520 622 691 719 irrumpit
706 644 810 693 venae
825 620 963 718 pejoris
980 620 1024 698 in
1037 644 1156 693 aevum
1299 604 1304 613 ⁴

275 737 400 812 Omne
417 736 542 811 nefas:
569 737 699 834 fugere
717 737 849 835 pudor,
867 761 1084 835 verumque,
1103 735 1296 833 fidesque3

274 849 321 923 In
331 877 490 950 quorum
501 854 782 927 subierelocum
792 852 1030 951 fraudesque,
1043 852 1209 949 dolique,
1245 857 1316 925 130

274 967 516 1067 Insidiaeque,
536 981 575 1043 et
590 970 657 1056 vis
678 983 717 1043 et
734 995 837 1044 amor
855 972 1061 1044 sceleratus
1080 968 1258 1043 habendi.

274 1083 370 1158 Vela
387 1085 528 1159 dabant
544 1088 678 1174 ventis
697 1112 767 1161 nec
782 1088 905 1162 adhuc
925 1090 1022 1163 bene
1039 1096 1193 1161 noverat
1210 1087 1294 1159 illos

275 1198 434 1290 Navita3
465 1226 627 1300 quaeque
646 1203 710 1276 diu
724 1213 907 1277 steterant
925 1204 963 1278 in
981 1204 1171 1277 montibus
1189 1203 1289 1287 altis,

276 1315 471 1391 Fluctibus
489 1319 626 1415 ignotis
645 1320 871 1395 insultavere
889 1321 1044 1408 carinae;

273 1576 317 1618 tes.
334 1569 417 1619 Senec.
428 1571 515 1619 Octav.
527 1572 582 1619 400.
594 1570 623 1620 de
635 1571 679 1620 bac
689 1580 769 1629 aetate,
818 1570 848 1620 de
866 1570 963 1627 intenta
981 1567 1130 1632 navigatione
1152 1567 1226 1616 babes
1245 1564 1319 1614 etiam

272 1646 366 1692 tertium
375 1646 442 1692 solers
452 1661 524 1708 genus
535 1644 611 1693 Novus
620 1649 651 1695 ad
661 1655 721 1695 artes
731 1664 768 1696 ex·
819 1645 883 1710 apud
902 1644 985 1693 Horat.
996 1643 1017 1692 I.
1029 1643 1076 1691 Od.
1088 1642 1121 1690 iii.
1132 1643 1214 1690 9-24
1226 1659 1233 1700 3
1259 1642 1319 1689 Pro·

269 1719 345 1774 satin
363 1727 466 1766 sanctum
477 1728 560 1767 tamer.
819 1726 879 1782 pert.
896 1717 917 1765 I.
933 1716 990 1765 xvii.
1009 1717 1038 1763 13
1056 1732 1124 1781 sqq.;
1150 1714 1213 1763 Plin.
1236 1715 1268 1762 H.
1286 1714 1319 1762 N.

307 1793 361 1839 127.
383 1791 419 1840 De
439 1795 497 1840 duro
517 1803 558 1849 est,
576 1793 634 1856 etc]
654 1794 693 1842 Cf.
713 1810 768 1843 curn
821 1793 860 1840 19.
879 1805 992 1856 prooem.;
1016 1790 1099 1837 Senec.
1120 1787 1188 1836 Med.
1204 1803 1253 1835 ver.
1271 1787 1318 1835 301

272 1865 337 1912 omni
354 1864 379 1913 h.
398 1864 415 1913 l.
431 1865 521 1914 Catuli.
539 1866 644 1931 Epithal.
659 1866 726 1916 Pelei
745 1875 770 1916 et
818 1881 870 1930 sqq.
881 1864 922 1929 qni
932 1872 956 1914 et
966 1863 1049 1912 Horat.
1060 1871 1083 1911 et
1094 1863 1208 1910 Nostrum
1224 1876 1320 1925 respex-

271 1938 458 1989 Thesbarum
471 1939 515 1988 etsi
529 1941 604 2007 prima
619 1940 673 1988 ferri
689 1941 769 1999 virtus,
817 1941 846 1990 it.
879 1941 980 1988 Noverat
990 1941 1048 1996 illos,
1060 1938 1151 1987 scilicet
1161 1937 1250 1986 rabiem
1261 1937 1321 1985 Noti

272 2029 336 2063 nunc
352 2022 432 2063 tamen
443 2014 557 2063 invidiose
571 2014 658 2063 dicitur
669 2031 723 2064 cum
733 2032 770 2065 re·
819 2013 962 2063 decertantis
976 2011 1094 2061 horriferis
1108 2010 1275 2076 Aquilonibus,
1293 2019 1321 2058 ut

272 2096 356 2154 spectu
381 2088 412 2137 ad
433 2087 533 2137 hominis
554 2091 672 2139 duritiem.
712 2090 770 2139 Hor.
818 2085 923 2154 loquitur
933 2086 1054 2135 Horatius.

272 2162 348 2228 Epod.
363 2163 411 2213 xvi.
426 2164 472 2214 65:
490 2163 584 2229 Jupiter
594 2166 659 2228 ferro
677 2166 772 2213 duravit
854 2164 908 2212 133.
928 2163 1026 2225 Quaque
1037 2165 1087 2217 diu,
1098 2160 1158 2223 etc]
1178 2160 1237 2208 Haec
1248 2160 1323 2224 paulo

269 2239 355 2286 ucula.
818 2237 913 2285 brevius
923 2235 988 2284 dicta
998 2243 1061 2284 sunt.
1094 2233 1321 2293 Quaediuinmon-

306 2313 362 2361 128,
387 2311 472 2374 Veron]
495 2312 565 2368 Vena,
586 2311 618 2360 ad
635 2312 739 2361 animum
756 2329 771 2362 n
818 2310 891 2368 tibus,
902 2310 979 2375 iisque
995 2309 1122 2366 altissimis,
1132 2315 1229 2357 steterat
1244 2309 1322 2364 arbor,

194 2390 196 2394 '
272 2383 376 2451 metallis
393 2385 506 2434 translata
521 2394 564 2442 est,
576 2385 662 2450 quibus
677 2395 701 2435 et
714 2386 772 2451 ipsis
821 2394 977 2445 resectaest3
1001 2386 1226 2449 exsequeremur,
1244 2383 1321 2439 navis,

271 2475 332 2507 vene
353 2458 502 2507 tribuuntur:
520 2459 605 2508 Heius.
629 2458 659 2506 ad
679 2458 771 2517 Silium,
821 2460 893 2510 lacta.
925 2459 1324 2524 Gronovianamconject.alnire-

270 2530 304 2582 iii.
317 2534 374 2582 203.
410 2532 475 2580 Verus
483 2536 574 2603 pejoris.
599 2531 694 2581 Metalli
705 2534 771 2582 dete·
821 2534 983 2601 pudiaverim:
1011 2534 1097 2600 partim
1117 2533 1174 2598 quia
1200 2533 1249 2581 alni
1276 2549 1323 2581 non

270 2605 346 2656 rioris.
372 2607 471 2671 Optima
480 2622 542 2655 vena
552 2606 612 2662 auri,
624 2605 644 2654 si
655 2605 686 2655 ad
695 2623 772 2656 mores
821 2618 871 2658 tam
888 2609 1008 2658 montibus
1024 2607 1138 2672 gaudent,
1152 2622 1224 2672 quam
1242 2607 1323 2671 palus-

270 2680 366 2730 releras.
399 2679 429 2728 lrr
449 2697 528 2736 aevum,
546 2695 621 2744 genus
641 2677 771 2738 hominum,
821 2683 897 2731 tribus
913 2683 971 2732 locis
987 2689 1011 2731 et
1026 2682 1083 2748 ripis
1097 2682 1173 2747 (Plin.
1184 2681 1219 2730 H.
1230 2681 1263 2729 N.
1274 2681 1325 2735 xvi,

272 2753 341 2818 cuius
356 2770 514 2818 vera,¹sensns
529 2763 553 2803 et
568 2753 656 2810 studia,
672 2752 772 2804 deterior
824 2756 882 2819 183)
909 2756 995 2821 partim
1017 2757 1074 2821 qnia
1094 2757 1148 2803 altis
1171 2771 1218 2803 non
1245 2755 1324 2805 minus

270 2832 329 2875 erat.
822 2846 894 2894 quam
904 2832 954 2887 diu,
965 2829 1062 2880 inservit
1076 2828 1173 2878 insanire
1189 2827 1324 2877 mortalium

304 2901 359 2949 129.
371 2899 473 2962 Puden]
489 2899 623 2949 Moderatio
632 2899 773 2950 inomnibns
821 2903 979 2953 declarandas.
999 2903 1085 2967 Neque
1096 2903 1182 2951 Noster
1192 2901 1324 2967 respexisse

272 2973 442 3039 cupiditatibus
456 2972 515 3039 justi
527 2982 551 3022 et
562 2974 624 3038 aequi
635 2990 715 3032 causa,
726 2975 772 3024 vir·
821 2976 914 3025 videtur
924 2975 992 3041 Virg.
1002 2977 1089 3041 Georg.
1100 2977 1117 3024 i'.
1131 2978 1186 3025 136.

271 3055 311 3097 tus
335 3047 454 3113 princeps.
499 3047 581 3096 Verum
610 3060 652 3097 aut
678 3051 768 3106 veritas,
856 3051 910 3098 134.
927 3049 1071 3100 Insultaoere
1088 3049 1234 3106 contemtim,
1247 3048 1324 3097 insul-

271 3138 345 3189 quum
366 3121 396 3170 de
414 3122 517 3170 moribus
537 3130 561 3170 et
578 3121 628 3171 vita
647 3121 769 3171 hominum
820 3131 901 3173 tavere
920 3133 1034 3190 tanquam
1050 3123 1140 3188 aequori
1149 3124 1228 3184 victo;
1244 3139 1274 3172 ex
1285 3125 1324 3173 in.

271 3213 348 3246 sermo
363 3204 408 3254 est,
419 3213 467 3245 non
481 3196 507 3245 in
518 3197 595 3245 verbis
605 3197 714 3254 cernitur,
726 3197 768 3246 sed
819 3206 874 3263 epta
888 3199 980 3248 seilicet
995 3200 1110 3249 Veterum
1124 3198 1241 3265 opinione,
1253 3201 1322 3262 quasi
1377 3227 1382 3233 -

271 3271 296 3321 in
323 3271 401 3331 factis.
432 3271 512 3320 Etiam
539 3270 591 3321 Cic.
611 3270 708 3330 Quinct.
729 3273 769 3322 26.
819 3273 945 3323 insolentia
959 3273 990 3323 slt
1002 3274 1121 3338 navigare.
1155 3274 1245 3322 Xerxes
1259 3278 1326 3337 aquis

271 3350 390 3396 ueritatem
398 3354 422 3394 et
427 3349 536 3408 pudorem
545 3345 677 3411 conjungit.
691 3345 769 3395 Tacit.
819 3350 933 3397 insultam
950 3357 986 3398 est
1003 3349 1067 3414 apud
1087 3351 1182 3399 Lucret.
1200 3347 1234 3397 iii.
1251 3350 1323 3400 1045.

271 3420 433 3471 1111111261
459 3421 506 3467 Pro
522 3421 628 3468 modestia
643 3423 770 3481 ccpudore
820 3422 903 3471 Horat.
917 3424 935 3470 l.
946 3421 994 3470 Od.
1005 3422 1040 3471 iii.
1053 3424 1100 3470 24:
1120 3422 1198 3484 Impia
1212 3440 1257 3470 uon
1269 3433 1322 3471 ten-

272 3497 364 3545 cmlu'tio
378 3503 400 3542 et
417 3498 451 3542 vis
467 3495 591 3542 incedebat.
627 3492 683 3541 Vero
694 3501 718 3541 et
720 3494 773 3556 fide
818 3500 895 3561 gendo
905 3507 965 3546 rates
976 3499 1112 3546 transiliunt
1125 3499 1192 3545 vada.
1211 3496 1291 3546 Tibul.
1302 3497 1326 3544 Ι.

272 3569 407 3620 continetur
416 3568 516 3618 societas
527 3567 639 3616 humana.
821 3570 856 3626 iii.
867 3573 915 3619 37:
936 3570 1044 3619 Nondum
1062 3572 1170 3618 ceruleas
1185 3573 1253 3632 pinus
1271 3587 1325 3618 con-

306 3645 363 3692 131.
384 3641 536 3705 insidiisque]
556 3642 712 3706 Langerman.
730 3642 771 3691 ln·
821 3648 1017 3693 temserarurrdas.
1035 3643 1162 3693 Claudias.
1173 3644 1206 3691 R.
1216 3645 1246 3692 P.
1256 3644 1325 3708 pref.

271 3719 387 3781 maraque.
420 3718 490 3765 Amor
508 3718 612 3773 habendi,
631 3716 771 3773 πλεονεξία.
824 3718 863 3764 ll:
878 3728 953 3769 nauta
962 3736 1034 3785 vagus
1044 3721 1142 3768 exsultat
1156 3721 1243 3784 pelago.
1267 3719 1326 3768 Sine

272 3789 660 3841 111111111110001.1111111ᾱί1111
668 3792 773 3840 habendi.
821 3791 953 3842 insolentis
978 3794 1079 3851 notione,
1102 3809 1144 3857 pro
1169 3792 1268 3849 insilire,
1286 3795 1324 3840 1η-

271 3865 368 3916 Phaedr.
382 3864 416 3914 iii.
430 3864 520 3930 prolog.
535 3866 575 3913 21.
593 3882 651 3913 curu
665 3866 770 3923 habendi,
821 3869 909 3916 sultare
924 3868 1010 3932 legitur
1023 3867 1087 3933 apud
1103 3867 1180 3916 Tacit.
1194 3867 1241 3916 Α11.
1255 3866 1281 3915 ii.
1294 3869 1325 3916 8:

271 3939 313 3988 ubi
323 3939 373 3988 vid.
383 3940 466 3987 Burni.
493 3940 523 3987 In
534 3939 570 3989 his
581 3941 661 3989 lubere
671 3948 709 3988 est
718 3957 772 4005 pos·
823 3940 908 3991 Bataui
923 3946 978 3991 dum
993 3945 1108 3992 insultant
1126 3937 1327 4006 equinarumque

271 4012 356 4064 sidere.
367 4013 468 4078 Copiose
482 4012 534 4065 haec
550 4015 637 4064 Noster
648 4015 771 4080 persequi·
822 4018 920 4064 notandi
937 4025 1058 4065 ostentant.
1091 4016 1138 4064 Sed
1154 4024 1244 4081 quanta
1259 4031 1326 4065 com-

272 4089 394 4144 tantast.
404 4087 421 4137 i.
434 4090 480 4138 195
491 4105 544 4154 sqq.
823 4088 893 4138 moda
907 4090 1093 4140 redundaverint
1107 4090 1138 4139 ad
1152 4106 1227 4155 genus
1241 4090 1327 4140 huma·

305 4163 359 4212 132.
373 4162 539 4227 Vetodobout.]
553 4165 669 4221 Querelas
676 4163 773 4213 acerbas
823 4178 879 4211 num
891 4179 904 4212 e
915 4162 1067 4228 navigatione
1077 4165 1174 4216 inventa
1183 4173 1208 4215 et
1218 4167 1326 4223 exculta,
