<?xml version="1.0" encoding="UTF-8"?>
<!DOCTYPE html PUBLIC "-//W3C//DTD XHTML 1.0 Transitional//EN"
    "http://www.w3.org/TR/xhtml1/DTD/xhtml1-transitional.dtd">
<html xmlns="http://www.w3.org/1999/xhtml" xml:lang="en" lang="en">
 <head>
  <title>
</title>
<meta http-equiv="Content-Type" content="text/html;charset=utf-8" />
  <meta name='ocr-system' content='tesseract 3.04.00' />
  <meta name='ocr-capabilities' content='ocr_page ocr_carea ocr_par ocr_line ocrx_word'/>
</head>
<body>
  <div class='ocr_page' id='page_1' title='image "./povidiinasoniso04burmgoog_0119.png"; bbox 0 0 2812 5010; ppageno 0'>
   <div class='ocr_carea' id='block_1_1' title="bbox 184 332 1026 403">
    <p class='ocr_par' dir='ltr' id='par_1_1' title="bbox 184 332 1026 403">
     <span class='ocr_line' id='line_1_1' title="bbox 184 332 1026 403; baseline 0.007 -5"><span class='ocrx_word' id='word_1_1' title='bbox 184 333 248 401; x_wconf 86' lang='grc'>108</span> <span class='ocrx_word' id='word_1_2' title='bbox 476 332 704 399; x_wconf 81' lang='lat' dir='ltr'>P.&#39;OVIDII</span> <span class='ocrx_word' id='word_1_3' title='bbox 725 334 952 403; x_wconf 81' lang='lat' dir='ltr'><strong>NASONIS.</strong></span> <span class='ocrx_word' id='word_1_4' title='bbox 1023 350 1026 360; x_wconf 88' lang='lat'>&#39;</span> 
     </span>
    </p>
   </div>
   <div class='ocr_carea' id='block_1_2' title="bbox 180 492 1252 1520">
    <p class='ocr_par' dir='ltr' id='par_1_2' title="bbox 180 492 1252 1300">
     <span class='ocr_line' id='line_1_2' title="bbox 183 492 1252 608; baseline 0.01 -30"><span class='ocrx_word' id='word_1_5' title='bbox 183 505 255 579; x_wconf 92' lang='lat' dir='ltr'>Illa</span> <span class='ocrx_word' id='word_1_6' title='bbox 264 506 417 602; x_wconf 89' lang='lat' dir='ltr'>quidem</span> <span class='ocrx_word' id='word_1_7' title='bbox 431 508 561 593; x_wconf 92' lang='lat' dir='ltr'>nollet,</span> <span class='ocrx_word' id='word_1_8' title='bbox 575 508 642 582; x_wconf 87' lang='lat' dir='ltr'>sed</span> <span class='ocrx_word' id='word_1_9' title='bbox 655 516 693 582; x_wconf 92' lang='lat' dir='ltr'>te</span> <span class='ocrx_word' id='word_1_10' title='bbox 703 492 871 608; x_wconf 86' lang='lat' dir='ltr'>quoque,</span> <span class='ocrx_word' id='word_1_11' title='bbox 885 509 1048 585; x_wconf 81' lang='lat' dir='ltr'>maxime</span> <span class='ocrx_word' id='word_1_12' title='bbox 1060 509 1252 608; x_wconf 70' lang='lat' dir='ltr'>Python..</span> 
     </span>
     <span class='ocr_line' id='line_1_3' title="bbox 184 621 1226 724; baseline 0.005 -31"><span class='ocrx_word' id='word_1_13' title='bbox 184 621 288 694; x_wconf 87' lang='lat' dir='ltr'>Tum.</span> <span class='ocrx_word' id='word_1_14' title='bbox 300 621 449 718; x_wconf 82' lang='lat' dir='ltr'>genuit.;</span> <span class='ocrx_word' id='word_1_15' title='bbox 471 621 696 721; x_wconf 89' lang='lat' dir='ltr'>populisque</span> <span class='ocrx_word' id='word_1_16' title='bbox 712 624 828 709; x_wconf 90' lang='lat' dir='ltr'>novis,</span> <span class='ocrx_word' id='word_1_17' title='bbox 848 623 1043 720; x_wconf 85' lang='lat' dir='ltr'>incognita</span> <span class='ocrx_word' id='word_1_18' title='bbox 1057 650 1226 724; x_wconf 68' lang='lat' dir='ltr'>serpens</span> 
     </span>
     <span class='ocr_line' id='line_1_4' title="bbox 183 737 1226 836; baseline 0.005 -28"><span class='ocrx_word' id='word_1_19' title='bbox 183 737 316 810; x_wconf 87' lang='lat' dir='ltr'>Terror</span> <span class='ocrx_word' id='word_1_20' title='bbox 331 761 437 811; x_wconf 90' lang='lat' dir='ltr'>eras:</span> <span class='ocrx_word' id='word_1_21' title='bbox 459 746 606 812; x_wconf 90' lang='lat' dir='ltr'>tantum</span> <span class='ocrx_word' id='word_1_22' title='bbox 624 739 735 836; x_wconf 90' lang='lat' dir='ltr'>spatii</span> <span class='ocrx_word' id='word_1_23' title='bbox 750 739 798 813; x_wconf 90' lang='lat' dir='ltr'>de</span> <span class='ocrx_word' id='word_1_24' title='bbox 815 749 944 815; x_wconf 91' lang='lat' dir='ltr'>monte</span> <span class='ocrx_word' id='word_1_25' title='bbox 960 742 1138 816; x_wconf 89' lang='lat' dir='ltr'>tenebas!</span> <span class='ocrx_word' id='word_1_26' title='bbox 1151 745 1226 817; x_wconf 87' lang='lat'>440</span> 
     </span>
     <span class='ocr_line' id='line_1_5' title="bbox 184 851 1228 954; baseline 0.003 -29"><span class='ocrx_word' id='word_1_27' title='bbox 184 851 293 926; x_wconf 86' lang='lat' dir='ltr'>Hanc</span> <span class='ocrx_word' id='word_1_28' title='bbox 313 852 418 927; x_wconf 91' lang='lat' dir='ltr'>Deus</span> <span class='ocrx_word' id='word_1_29' title='bbox 436 854 713 941; x_wconf 71' lang='lat' dir='ltr'>arcitenenset</span> <span class='ocrx_word' id='word_1_30' title='bbox 729 879 924 954; x_wconf 86' lang='lat' dir='ltr'>nunqnam</span> <span class='ocrx_word' id='word_1_31' title='bbox 941 856 1079 930; x_wconf 91' lang='lat' dir='ltr'>talibus</span> <span class='ocrx_word' id='word_1_32' title='bbox 1097 855 1228 932; x_wconf 32' lang='lat' dir='ltr'>armis*</span> 
     </span>
     <span class='ocr_line' id='line_1_6' title="bbox 182 967 1168 1068; baseline 0.004 -29"><span class='ocrx_word' id='word_1_33' title='bbox 182 967 294 1054; x_wconf 83' lang='lat' dir='ltr'>Ante,</span> <span class='ocrx_word' id='word_1_34' title='bbox 315 967 385 1040; x_wconf 92' lang='lat' dir='ltr'>nisi</span> <span class='ocrx_word' id='word_1_35' title='bbox 404 968 442 1041; x_wconf 94' lang='lat' dir='ltr'>in</span> <span class='ocrx_word' id='word_1_36' title='bbox 460 970 579 1042; x_wconf 91' lang='lat' dir='ltr'>damis</span> <span class='ocrx_word' id='word_1_37' title='bbox 595 970 817 1068; x_wconf 85' lang='lat' dir='ltr'>capreisque</span> <span class='ocrx_word' id='word_1_38' title='bbox 835 969 1044 1066; x_wconf 79' lang='lat' dir='ltr'>fugacibus,</span> <span class='ocrx_word' id='word_1_39' title='bbox 1064 996 1168 1057; x_wconf 77' lang='lat' dir='ltr'>usuS,</span> 
     </span>
     <span class='ocr_line' id='line_1_7' title="bbox 181 1083 1112 1184; baseline 0.003 -29"><span class='ocrx_word' id='word_1_40' title='bbox 181 1083 288 1157; x_wconf 92' lang='lat' dir='ltr'>Mille</span> <span class='ocrx_word' id='word_1_41' title='bbox 306 1109 456 1180; x_wconf 85' lang='lat' dir='ltr'>gravem</span> <span class='ocrx_word' id='word_1_42' title='bbox 470 1086 566 1173; x_wconf 92' lang='lat' dir='ltr'>telis,</span> <span class='ocrx_word' id='word_1_43' title='bbox 587 1087 775 1160; x_wconf 86' lang='lat' dir='ltr'>exhausta</span> <span class='ocrx_word' id='word_1_44' title='bbox 792 1110 902 1184; x_wconf 87' lang='lat' dir='ltr'>poene</span> <span class='ocrx_word' id='word_1_45' title='bbox 921 1087 1112 1184; x_wconf 88' lang='lat' dir='ltr'>pharetra,</span> 
     </span>
     <span class='ocr_line' id='line_1_8' title="bbox 180 1199 1080 1300; baseline 0.003 -29"><span class='ocrx_word' id='word_1_46' title='bbox 180 1199 362 1285; x_wconf 90' lang='lat' dir='ltr'>Perdidit,</span> <span class='ocrx_word' id='word_1_47' title='bbox 383 1200 501 1274; x_wconf 86' lang='lat' dir='ltr'>effuso</span> <span class='ocrx_word' id='word_1_48' title='bbox 521 1226 588 1300; x_wconf 93' lang='lat' dir='ltr'>per</span> <span class='ocrx_word' id='word_1_49' title='bbox 600 1202 758 1276; x_wconf 88' lang='lat' dir='ltr'>vulnera</span> <span class='ocrx_word' id='word_1_50' title='bbox 776 1203 884 1298; x_wconf 85' lang='lat' dir='ltr'>nigra</span> <span class='ocrx_word' id='word_1_51' title='bbox 900 1226 1057 1279; x_wconf 82' lang='lat' dir='ltr'>venene.</span> <span class='ocrx_word' id='word_1_52' title='bbox 1077 1277 1080 1283; x_wconf 73' lang='grc'><em>,</em></span> 
     </span>
    </p>

    <p class='ocr_par' dir='ltr' id='par_1_3' title="bbox 181 1315 1222 1520">
     <span class='ocr_line' id='line_1_9' title="bbox 181 1315 1222 1417; baseline 0 -28"><span class='ocrx_word' id='word_1_53' title='bbox 181 1315 287 1390; x_wconf 90' lang='lat' dir='ltr'>Neve</span> <span class='ocrx_word' id='word_1_54' title='bbox 305 1316 428 1415; x_wconf 91' lang='lat' dir='ltr'>operis</span> <span class='ocrx_word' id='word_1_55' title='bbox 444 1317 582 1391; x_wconf 83' lang='lat' dir='ltr'>famam</span> <span class='ocrx_word' id='word_1_56' title='bbox 599 1318 720 1417; x_wconf 86' lang='lat' dir='ltr'>possit</span> <span class='ocrx_word' id='word_1_57' title='bbox 737 1318 863 1392; x_wconf 91' lang='lat' dir='ltr'>delere</span> <span class='ocrx_word' id='word_1_58' title='bbox 880 1326 1059 1403; x_wconf 91' lang='lat' dir='ltr'>vetustas,</span> <span class='ocrx_word' id='word_1_59' title='bbox 1150 1319 1222 1389; x_wconf 83' lang='lat'>445</span> 
     </span>
     <span class='ocr_line' id='line_1_10' title="bbox 182 1425 1013 1520; baseline 0.002 -17"><span class='ocrx_word' id='word_1_60' title='bbox 182 1430 352 1506; x_wconf 82' lang='lat' dir='ltr'>Instituit</span> <span class='ocrx_word' id='word_1_61' title='bbox 369 1457 495 1506; x_wconf 90' lang='lat' dir='ltr'>sacros</span> <span class='ocrx_word' id='word_1_62' title='bbox 513 1433 652 1507; x_wconf 85' lang='lat' dir='ltr'>celebri</span> <span class='ocrx_word' id='word_1_63' title='bbox 671 1425 874 1508; x_wconf 89' lang='lat' dir='ltr'>certamine</span> <span class='ocrx_word' id='word_1_64' title='bbox 892 1434 1013 1520; x_wconf 90' lang='lat' dir='ltr'>ludos,</span> 
     </span>
    </p>
   </div>
   <div class='ocr_carea' id='block_1_3' title="bbox 177 1663 1241 1878">
    <p class='ocr_par' dir='ltr' id='par_1_4' title="bbox 177 1663 1241 1878">
     <span class='ocr_line' id='line_1_11' title="bbox 179 1663 1241 1729; baseline 0 -18"><span class='ocrx_word' id='word_1_65' title='bbox 179 1674 355 1712; x_wconf 78' lang='lat' dir='ltr'>nosnmonsns.</span> <span class='ocrx_word' id='word_1_66' title='bbox 390 1666 498 1714; x_wconf 88' lang='lat' dir='ltr'>Monstra</span> <span class='ocrx_word' id='word_1_67' title='bbox 509 1665 620 1716; x_wconf 85' lang='lat' dir='ltr'>dicuntur</span> <span class='ocrx_word' id='word_1_68' title='bbox 631 1667 675 1716; x_wconf 91' lang='lat' dir='ltr'>eti·</span> <span class='ocrx_word' id='word_1_69' title='bbox 726 1665 848 1715; x_wconf 88' lang='lat' dir='ltr'>aanimal.</span> <span class='ocrx_word' id='word_1_70' title='bbox 872 1663 936 1714; x_wconf 87' lang='lat' dir='ltr'>Vide</span> <span class='ocrx_word' id='word_1_71' title='bbox 947 1663 1114 1729; x_wconf 84' lang='lat' dir='ltr'>Spnnhem..ad</span> <span class='ocrx_word' id='word_1_72' title='bbox 1126 1663 1241 1713; x_wconf 32' lang='lat' dir='ltr'>callim-⁴</span> 
     </span>
     <span class='ocr_line' id='line_1_12' title="bbox 179 1737 921 1804; baseline 0.001 -18"><span class='ocrx_word' id='word_1_73' title='bbox 179 1753 217 1786; x_wconf 92' lang='lat' dir='ltr'>am</span> <span class='ocrx_word' id='word_1_74' title='bbox 234 1737 399 1804; x_wconf 75' lang='grc' dir='ltr'>ἀτυχήματαε</span> <span class='ocrx_word' id='word_1_75' title='bbox 418 1748 531 1804; x_wconf 87' lang='lat' dir='ltr'>tanquam</span> <span class='ocrx_word' id='word_1_76' title='bbox 549 1758 586 1791; x_wconf 87' lang='lat' dir='ltr'>res</span> <span class='ocrx_word' id='word_1_77' title='bbox 600 1758 675 1800; x_wconf 75' lang='lat' dir='ltr'>nove,</span> <span class='ocrx_word' id='word_1_78' title='bbox 726 1741 779 1790; x_wconf 89' lang='lat' dir='ltr'>achi</span> <span class='ocrx_word' id='word_1_79' title='bbox 791 1740 814 1790; x_wconf 92' lang='lat' dir='ltr'>h.</span> <span class='ocrx_word' id='word_1_80' title='bbox 825 1740 873 1789; x_wconf 87' lang='lat' dir='ltr'>del.</span> <span class='ocrx_word' id='word_1_81' title='bbox 882 1741 921 1789; x_wconf 85' lang='lat'>91.</span> 
     </span>
     <span class='ocr_line' id='line_1_13' title="bbox 177 1811 1223 1878; baseline 0.003 -18"><span class='ocrx_word' id='word_1_82' title='bbox 177 1820 202 1860; x_wconf 90' lang='lat' dir='ltr'>et</span> <span class='ocrx_word' id='word_1_83' title='bbox 211 1811 263 1861; x_wconf 89' lang='lat' dir='ltr'>sine</span> <span class='ocrx_word' id='word_1_84' title='bbox 273 1829 337 1862; x_wconf 90' lang='lat' dir='ltr'>more</span> <span class='ocrx_word' id='word_1_85' title='bbox 348 1822 504 1862; x_wconf 87' lang='lat' dir='ltr'>occurrentes.</span> <span class='ocrx_word' id='word_1_86' title='bbox 758 1816 817 1862; x_wconf 88' lang='lat'>441.</span> <span class='ocrx_word' id='word_1_87' title='bbox 835 1817 977 1870; x_wconf 80' lang='lat' dir='ltr'>Arcitenens,</span> <span class='ocrx_word' id='word_1_88' title='bbox 987 1813 1075 1878; x_wconf 91' lang='lat' dir='ltr'>Apollo</span> <span class='ocrx_word' id='word_1_89' title='bbox 1084 1811 1223 1878; x_wconf 61' lang='grc' dir='ltr'>τοξοφόρῳ,</span> 
     </span>
    </p>
   </div>
   <div class='ocr_carea' id='block_1_4' title="bbox 157 1887 676 2836">
    <p class='ocr_par' dir='ltr' id='par_1_5' title="bbox 176 1887 676 2543">
     <span class='ocr_line' id='line_1_14' title="bbox 212 1887 673 1953; baseline 0.007 -19"><span class='ocrx_word' id='word_1_90' title='bbox 212 1888 267 1935; x_wconf 86' lang='grc'><strong>438.</strong></span> <span class='ocrx_word' id='word_1_91' title='bbox 285 1887 383 1949; x_wconf 89' lang='lat' dir='ltr'>Nollet.]</span> <span class='ocrx_word' id='word_1_92' title='bbox 402 1888 496 1953; x_wconf 89' lang='lat' dir='ltr'>Nempe</span> <span class='ocrx_word' id='word_1_93' title='bbox 509 1887 617 1937; x_wconf 86' lang='lat' dir='ltr'>sinesua</span> <span class='ocrx_word' id='word_1_94' title='bbox 635 1905 673 1937; x_wconf 90' lang='lat' dir='ltr'>vo·</span> 
     </span>
     <span class='ocr_line' id='line_1_15' title="bbox 177 1959 675 2027; baseline 0.006 -19"><span class='ocrx_word' id='word_1_95' title='bbox 177 1959 278 2017; x_wconf 89' lang='lat' dir='ltr'>luntate,</span> <span class='ocrx_word' id='word_1_96' title='bbox 289 1961 411 2009; x_wconf 89' lang='lat' dir='ltr'>elementis</span> <span class='ocrx_word' id='word_1_97' title='bbox 421 1961 456 2010; x_wconf 85' lang='lat' dir='ltr'>ita</span> <span class='ocrx_word' id='word_1_98' title='bbox 465 1962 623 2027; x_wconf 82' lang='lat' dir='ltr'>operantibus,</span> <span class='ocrx_word' id='word_1_99' title='bbox 631 1962 675 2012; x_wconf 90' lang='lat' dir='ltr'>hoc</span> 
     </span>
     <span class='ocr_line' id='line_1_16' title="bbox 177 2035 675 2100; baseline 0.004 -17"><span class='ocrx_word' id='word_1_100' title='bbox 177 2041 311 2099; x_wconf 87' lang='lat' dir='ltr'>portentum</span> <span class='ocrx_word' id='word_1_101' title='bbox 327 2043 456 2100; x_wconf 82' lang='lat' dir='ltr'>pepererat.</span> <span class='ocrx_word' id='word_1_102' title='bbox 475 2036 572 2099; x_wconf 80' lang='lat' dir='ltr'>Python.</span> <span class='ocrx_word' id='word_1_103' title='bbox 588 2035 611 2083; x_wconf 93' lang='lat' dir='ltr'>A</span> <span class='ocrx_word' id='word_1_104' title='bbox 628 2035 675 2085; x_wconf 77' lang='grc' dir='ltr'>πύ·</span> 
     </span>
     <span class='ocr_line' id='line_1_17' title="bbox 179 2106 676 2175; baseline 0.006 -19"><span class='ocrx_word' id='word_1_105' title='bbox 179 2106 231 2166; x_wconf 81' lang='grc' dir='ltr'>θω;</span> <span class='ocrx_word' id='word_1_106' title='bbox 250 2107 407 2156; x_wconf 84' lang='lat' dir='ltr'>exhalationis</span> <span class='ocrx_word' id='word_1_107' title='bbox 422 2109 485 2157; x_wconf 91' lang='lat' dir='ltr'>euim</span> <span class='ocrx_word' id='word_1_108' title='bbox 496 2109 644 2175; x_wconf 87' lang='lat' dir='ltr'>putredinem</span> <span class='ocrx_word' id='word_1_109' title='bbox 661 2126 676 2159; x_wconf 92' lang='lat' dir='ltr'>a</span> 
     </span>
     <span class='ocr_line' id='line_1_18' title="bbox 178 2179 675 2246; baseline 0.006 -18"><span class='ocrx_word' id='word_1_110' title='bbox 178 2179 268 2228; x_wconf 88' lang='lat' dir='ltr'>diluvio</span> <span class='ocrx_word' id='word_1_111' title='bbox 295 2197 391 2246; x_wconf 83' lang='lat' dir='ltr'>gravem</span> <span class='ocrx_word' id='word_1_112' title='bbox 409 2182 450 2230; x_wconf 86' lang='lat' dir='ltr'>Sol</span> <span class='ocrx_word' id='word_1_113' title='bbox 474 2182 601 2239; x_wconf 86' lang='lat' dir='ltr'>radiorum,</span> <span class='ocrx_word' id='word_1_114' title='bbox 623 2192 675 2231; x_wconf 91' lang='lat' dir='ltr'>tan-</span> 
     </span>
     <span class='ocr_line' id='line_1_19' title="bbox 179 2255 675 2318; baseline 0.008 -17"><span class='ocrx_word' id='word_1_115' title='bbox 179 2269 249 2318; x_wconf 84' lang='lat' dir='ltr'>quam</span> <span class='ocrx_word' id='word_1_116' title='bbox 266 2255 413 2318; x_wconf 83' lang='lat' dir='ltr'>sagittarum,</span> <span class='ocrx_word' id='word_1_117' title='bbox 424 2256 474 2304; x_wconf 90' lang='lat' dir='ltr'>ictu</span> <span class='ocrx_word' id='word_1_118' title='bbox 491 2256 622 2305; x_wconf 88' lang='lat' dir='ltr'>attenuavit</span> <span class='ocrx_word' id='word_1_119' title='bbox 634 2273 675 2305; x_wconf 87' lang='lat' dir='ltr'>ex-</span> 
     </span>
     <span class='ocr_line' id='line_1_20' title="bbox 176 2327 674 2393; baseline 0.004 -17"><span class='ocrx_word' id='word_1_120' title='bbox 176 2327 331 2393; x_wconf 86' lang='lat' dir='ltr'>siccavitque.</span> <span class='ocrx_word' id='word_1_121' title='bbox 367 2329 491 2392; x_wconf 70' lang='lat' dir='ltr'>Pythonem</span> <span class='ocrx_word' id='word_1_122' title='bbox 503 2330 674 2378; x_wconf 72' lang='lat' dir='ltr'>huno‘Homer.</span> 
     </span>
     <span class='ocr_line' id='line_1_21' title="bbox 177 2401 673 2469; baseline 0.008 -20"><span class='ocrx_word' id='word_1_123' title='bbox 177 2401 201 2450; x_wconf 96' lang='lat' dir='ltr'>h.</span> <span class='ocrx_word' id='word_1_124' title='bbox 219 2403 299 2467; x_wconf 88' lang='lat' dir='ltr'>Apoll.</span> <span class='ocrx_word' id='word_1_125' title='bbox 316 2419 366 2451; x_wconf 86' lang='lat' dir='ltr'>ver.</span> <span class='ocrx_word' id='word_1_126' title='bbox 386 2405 442 2452; x_wconf 82' lang='lat'>302.</span> <span class='ocrx_word' id='word_1_127' title='bbox 459 2411 529 2453; x_wconf 84' lang='lat' dir='ltr'>vocat</span> <span class='ocrx_word' id='word_1_128' title='bbox 545 2403 673 2469; x_wconf 77' lang='grc' dir='ltr'><em>ζατρεφέα,</em></span> 
     </span>
     <span class='ocr_line' id='line_1_22' title="bbox 176 2475 674 2543; baseline 0.002 -18"><span class='ocrx_word' id='word_1_129' title='bbox 176 2475 297 2541; x_wconf 76' lang='grc' dir='ltr'>μεγάλην,</span> <span class='ocrx_word' id='word_1_130' title='bbox 316 2495 387 2542; x_wconf 66' lang='lat' dir='ltr'>repar</span> <span class='ocrx_word' id='word_1_131' title='bbox 403 2479 504 2543; x_wconf 71' lang='lat' dir='ltr'>dyptov:</span> <span class='ocrx_word' id='word_1_132' title='bbox 522 2476 605 2543; x_wconf 81' lang='lat' dir='ltr'>Apoll.</span> <span class='ocrx_word' id='word_1_133' title='bbox 625 2477 674 2526; x_wconf 87' lang='lat' dir='ltr'>Rh.</span> 
     </span>
    </p>

    <p class='ocr_par' dir='ltr' id='par_1_6' title="bbox 157 2549 674 2836">
     <span class='ocr_line' id='line_1_23' title="bbox 157 2549 674 2617; baseline 0.006 -20"><span class='ocrx_word' id='word_1_134' title='bbox 157 2558 256 2597; x_wconf 76' lang='lat' dir='ltr'>autem</span> <span class='ocrx_word' id='word_1_135' title='bbox 277 2549 302 2598; x_wconf 89' lang='lat' dir='ltr'>ii.</span> <span class='ocrx_word' id='word_1_136' title='bbox 323 2551 380 2598; x_wconf 91' lang='grc'><strong>708.</strong></span> <span class='ocrx_word' id='word_1_137' title='bbox 400 2549 524 2615; x_wconf 79' lang='grc' dir='ltr'>δελφῦνην</span> <span class='ocrx_word' id='word_1_138' title='bbox 545 2552 674 2617; x_wconf 83' lang='grc' dir='ltr'>πελώριον,</span> 
     </span>
     <span class='ocr_line' id='line_1_24' title="bbox 177 2623 673 2689; baseline 0.004 -19"><span class='ocrx_word' id='word_1_139' title='bbox 177 2623 241 2686; x_wconf 92' lang='lat' dir='ltr'>quod</span> <span class='ocrx_word' id='word_1_140' title='bbox 258 2624 385 2688; x_wconf 85' lang='lat' dir='ltr'>Spanhem.</span> <span class='ocrx_word' id='word_1_141' title='bbox 402 2623 427 2673; x_wconf 91' lang='lat' dir='ltr'>in</span> <span class='ocrx_word' id='word_1_142' title='bbox 447 2623 563 2689; x_wconf 76' lang='grc' dir='ltr'>δελφῐνην</span> <span class='ocrx_word' id='word_1_143' title='bbox 581 2633 673 2673; x_wconf 88' lang='lat' dir='ltr'>mutan-</span> 
     </span>
     <span class='ocr_line' id='line_1_25' title="bbox 177 2694 674 2764; baseline 0.008 -22"><span class='ocrx_word' id='word_1_144' title='bbox 177 2694 235 2743; x_wconf 90' lang='lat' dir='ltr'>dum</span> <span class='ocrx_word' id='word_1_145' title='bbox 246 2705 329 2745; x_wconf 88' lang='lat' dir='ltr'>censet</span> <span class='ocrx_word' id='word_1_146' title='bbox 341 2713 370 2746; x_wconf 79' lang='lat' dir='ltr'>ex</span> <span class='ocrx_word' id='word_1_147' title='bbox 383 2698 472 2748; x_wconf 88' lang='lat' dir='ltr'>thetz.</span> <span class='ocrx_word' id='word_1_148' title='bbox 482 2698 512 2746; x_wconf 91' lang='lat' dir='ltr'>ad</span> <span class='ocrx_word' id='word_1_149' title='bbox 523 2698 640 2762; x_wconf 85' lang='lat' dir='ltr'>Lycophr.</span> <span class='ocrx_word' id='word_1_150' title='bbox 650 2716 674 2764; x_wconf 95' lang='lat' dir='ltr'>p.</span> 
     </span>
     <span class='ocr_line' id='line_1_26' title="bbox 178 2769 672 2836; baseline 0.012 -21"><span class='ocrx_word' id='word_1_151' title='bbox 178 2769 218 2816; x_wconf 88' lang='lat'>43.</span> <span class='ocrx_word' id='word_1_152' title='bbox 252 2770 312 2818; x_wconf 90' lang='lat' dir='ltr'>Inde</span> <span class='ocrx_word' id='word_1_153' title='bbox 324 2771 412 2836; x_wconf 87' lang='lat' dir='ltr'>Apollo</span> <span class='ocrx_word' id='word_1_154' title='bbox 423 2770 500 2819; x_wconf 88' lang='lat' dir='ltr'>dictus</span> <span class='ocrx_word' id='word_1_155' title='bbox 510 2770 612 2820; x_wconf 90' lang='lat' dir='ltr'>creditur</span> <span class='ocrx_word' id='word_1_156' title='bbox 620 2770 672 2821; x_wconf 79' lang='grc' dir='ltr'>δελ-</span> 
     </span>
    </p>
   </div>
   <div class='ocr_carea' id='block_1_5' title="bbox 723 1886 1257 2837">
    <p class='ocr_par' dir='ltr' id='par_1_7' title="bbox 725 1886 1257 2158">
     <span class='ocr_line' id='line_1_27' title="bbox 726 1886 1225 1953; baseline -0.008 -15"><span class='ocrx_word' id='word_1_157' title='bbox 726 1889 834 1949; x_wconf 78' lang='grc' dir='ltr'>τοὲότης,</span> <span class='ocrx_word' id='word_1_158' title='bbox 846 1903 931 1953; x_wconf 75' lang='lat' dir='ltr'>preses</span> <span class='ocrx_word' id='word_1_159' title='bbox 945 1886 1116 1951; x_wconf 84' lang='lat' dir='ltr'>sagittariorum</span> <span class='ocrx_word' id='word_1_160' title='bbox 1132 1895 1157 1935; x_wconf 88' lang='lat' dir='ltr'>et</span> <span class='ocrx_word' id='word_1_161' title='bbox 1168 1901 1225 1935; x_wconf 90' lang='lat' dir='ltr'>auc·</span> 
     </span>
     <span class='ocr_line' id='line_1_28' title="bbox 725 1959 1224 2026; baseline -0.006 -15"><span class='ocrx_word' id='word_1_162' title='bbox 725 1971 761 2012; x_wconf 89' lang='lat' dir='ltr'>tor</span> <span class='ocrx_word' id='word_1_163' title='bbox 773 1960 829 2012; x_wconf 83' lang='lat' dir='ltr'>artis</span> <span class='ocrx_word' id='word_1_164' title='bbox 844 1959 988 2026; x_wconf 81' lang='lat' dir='ltr'>sagittandi:</span> <span class='ocrx_word' id='word_1_165' title='bbox 1006 1959 1061 2009; x_wconf 91' lang='lat' dir='ltr'>vide</span> <span class='ocrx_word' id='word_1_166' title='bbox 1070 1961 1181 2009; x_wconf 88' lang='lat' dir='ltr'>Macrob.</span> <span class='ocrx_word' id='word_1_167' title='bbox 1190 1959 1224 2008; x_wconf 89' lang='lat' dir='ltr'>vi.</span> 
     </span>
     <span class='ocr_line' id='line_1_29' title="bbox 725 2033 1257 2098; baseline -0.008 -13"><span class='ocrx_word' id='word_1_168' title='bbox 725 2040 748 2085; x_wconf 87' lang='grc'>5.</span> <span class='ocrx_word' id='word_1_169' title='bbox 782 2037 847 2084; x_wconf 90' lang='lat' dir='ltr'>Inter</span> <span class='ocrx_word' id='word_1_170' title='bbox 864 2035 960 2084; x_wconf 89' lang='lat' dir='ltr'>Latinos</span> <span class='ocrx_word' id='word_1_171' title='bbox 969 2034 1067 2083; x_wconf 73' lang='lat' dir='ltr'>Naevius</span> <span class='ocrx_word' id='word_1_172' title='bbox 1077 2033 1167 2098; x_wconf 89' lang='lat' dir='ltr'>primus</span> <span class='ocrx_word' id='word_1_173' title='bbox 1180 2033 1225 2082; x_wconf 90' lang='lat' dir='ltr'>hoc</span> <span class='ocrx_word' id='word_1_174' title='bbox 1254 2039 1257 2048; x_wconf 95' lang='lat'>&#39;</span> 
     </span>
     <span class='ocr_line' id='line_1_30' title="bbox 725 2109 894 2158; baseline -0.006 0"><span class='ocrx_word' id='word_1_175' title='bbox 725 2109 819 2158; x_wconf 89' lang='lat' dir='ltr'>nomine</span> <span class='ocrx_word' id='word_1_176' title='bbox 830 2125 894 2157; x_wconf 91' lang='lat' dir='ltr'>usus.</span> 
     </span>
    </p>

    <p class='ocr_par' dir='ltr' id='par_1_8' title="bbox 724 2181 1226 2382">
     <span class='ocr_line' id='line_1_31' title="bbox 757 2181 1226 2239; baseline 0 -9"><span class='ocrx_word' id='word_1_177' title='bbox 757 2184 813 2231; x_wconf 82' lang='lat'>442.</span> <span class='ocrx_word' id='word_1_178' title='bbox 850 2182 877 2230; x_wconf 87' lang='lat' dir='ltr'>ln</span> <span class='ocrx_word' id='word_1_179' title='bbox 899 2184 978 2239; x_wconf 80' lang='lat' dir='ltr'>damis,</span> <span class='ocrx_word' id='word_1_180' title='bbox 1003 2182 1027 2230; x_wconf 91' lang='lat' dir='ltr'>in</span> <span class='ocrx_word' id='word_1_181' title='bbox 1053 2181 1144 2231; x_wconf 78' lang='lat' dir='ltr'>damas.</span> <span class='ocrx_word' id='word_1_182' title='bbox 1177 2182 1226 2230; x_wconf 89' lang='lat' dir='ltr'>Sed</span> 
     </span>
     <span class='ocr_line' id='line_1_32' title="bbox 724 2254 1224 2323; baseline -0.002 -18"><span class='ocrx_word' id='word_1_183' title='bbox 724 2257 811 2323; x_wconf 87' lang='lat' dir='ltr'>Apollo</span> <span class='ocrx_word' id='word_1_184' title='bbox 821 2257 882 2305; x_wconf 86' lang='lat' dir='ltr'>feras</span> <span class='ocrx_word' id='word_1_185' title='bbox 894 2256 968 2321; x_wconf 84' lang='lat' dir='ltr'>figens</span> <span class='ocrx_word' id='word_1_186' title='bbox 978 2256 1042 2321; x_wconf 89' lang='lat' dir='ltr'>apud</span> <span class='ocrx_word' id='word_1_187' title='bbox 1056 2254 1115 2304; x_wconf 90' lang='lat' dir='ltr'>alios</span> <span class='ocrx_word' id='word_1_188' title='bbox 1124 2255 1224 2321; x_wconf 87' lang='lat' dir='ltr'>scripto·</span> 
     </span>
     <span class='ocr_line' id='line_1_33' title="bbox 725 2329 936 2382; baseline -0.005 -2"><span class='ocrx_word' id='word_1_189' title='bbox 725 2347 761 2382; x_wconf 86' lang='lat' dir='ltr'>res</span> <span class='ocrx_word' id='word_1_190' title='bbox 772 2347 820 2379; x_wconf 89' lang='lat' dir='ltr'>nou</span> <span class='ocrx_word' id='word_1_191' title='bbox 828 2329 936 2379; x_wconf 87' lang='lat' dir='ltr'>occurrit.</span> 
     </span>
    </p>

    <p class='ocr_par' dir='ltr' id='par_1_9' title="bbox 724 2404 1222 2673">
     <span class='ocr_line' id='line_1_34' title="bbox 757 2404 1221 2466; baseline -0.002 -15"><span class='ocrx_word' id='word_1_192' title='bbox 757 2406 813 2453; x_wconf 81' lang='grc'><strong>443.</strong></span> <span class='ocrx_word' id='word_1_193' title='bbox 841 2404 947 2460; x_wconf 83' lang='lat' dir='ltr'>Grooem,</span> <span class='ocrx_word' id='word_1_194' title='bbox 959 2411 1090 2466; x_wconf 83' lang='lat' dir='ltr'>gravatam,</span> <span class='ocrx_word' id='word_1_195' title='bbox 1100 2409 1221 2460; x_wconf 85' lang='lat' dir='ltr'>onustam,</span> 
     </span>
     <span class='ocr_line' id='line_1_35' title="bbox 725 2476 1221 2544; baseline -0.002 -18"><span class='ocrx_word' id='word_1_196' title='bbox 725 2478 829 2544; x_wconf 91' lang='lat' dir='ltr'>plenam.</span> <span class='ocrx_word' id='word_1_197' title='bbox 863 2478 931 2525; x_wconf 81' lang='lat' dir='ltr'>Mille</span> <span class='ocrx_word' id='word_1_198' title='bbox 946 2479 1004 2525; x_wconf 84' lang='lat' dir='ltr'>telis.</span> <span class='ocrx_word' id='word_1_199' title='bbox 1020 2476 1118 2533; x_wconf 86' lang='lat' dir='ltr'>Statius,</span> <span class='ocrx_word' id='word_1_200' title='bbox 1129 2494 1152 2525; x_wconf 91' lang='lat' dir='ltr'>v.</span> <span class='ocrx_word' id='word_1_201' title='bbox 1163 2478 1221 2525; x_wconf 77' lang='lat'>532.</span> 
     </span>
     <span class='ocr_line' id='line_1_36' title="bbox 724 2551 1222 2600; baseline -0.004 -1"><span class='ocrx_word' id='word_1_202' title='bbox 724 2551 784 2600; x_wconf 90' lang='lat' dir='ltr'>dicit</span> <span class='ocrx_word' id='word_1_203' title='bbox 804 2553 955 2599; x_wconf 81' lang='lat' dir='ltr'>arundineam</span> <span class='ocrx_word' id='word_1_204' title='bbox 966 2560 1060 2598; x_wconf 80' lang='lat' dir='ltr'>centeno</span> <span class='ocrx_word' id='word_1_205' title='bbox 1075 2551 1171 2598; x_wconf 73' lang='lat' dir='ltr'>nulum</span> <span class='ocrx_word' id='word_1_206' title='bbox 1180 2551 1222 2598; x_wconf 78' lang='lat' dir='ltr'>stl-</span> 
     </span>
     <span class='ocr_line' id='line_1_37' title="bbox 724 2623 885 2673; baseline -0.006 0"><span class='ocrx_word' id='word_1_207' title='bbox 724 2623 885 2673; x_wconf 77' lang='lat' dir='ltr'>convexisse.</span> 
     </span>
    </p>

    <p class='ocr_par' dir='ltr' id='par_1_10' title="bbox 723 2696 1224 2837">
     <span class='ocr_line' id='line_1_38' title="bbox 756 2696 1224 2762; baseline 0.002 -17"><span class='ocrx_word' id='word_1_208' title='bbox 756 2699 812 2746; x_wconf 89' lang='lat'>444.</span> <span class='ocrx_word' id='word_1_209' title='bbox 840 2698 927 2762; x_wconf 84' lang='lat' dir='ltr'>Nigro,</span> <span class='ocrx_word' id='word_1_210' title='bbox 955 2697 993 2745; x_wconf 91' lang='lat' dir='ltr'>vel</span> <span class='ocrx_word' id='word_1_211' title='bbox 1020 2696 1082 2760; x_wconf 83' lang='lat' dir='ltr'>quin·</span> <span class='ocrx_word' id='word_1_212' title='bbox 1102 2706 1224 2761; x_wconf 84' lang='lat' dir='ltr'>serpentes</span> 
     </span>
     <span class='ocr_line' id='line_1_39' title="bbox 723 2769 1223 2837; baseline 0 -17"><span class='ocrx_word' id='word_1_213' title='bbox 723 2771 767 2837; x_wconf 87' lang='lat' dir='ltr'>ipsi</span> <span class='ocrx_word' id='word_1_214' title='bbox 787 2770 863 2837; x_wconf 86' lang='lat' dir='ltr'>poetis</span> <span class='ocrx_word' id='word_1_215' title='bbox 884 2773 947 2836; x_wconf 77' lang='lat' dir='ltr'>nigri</span> <span class='ocrx_word' id='word_1_216' title='bbox 968 2771 1096 2826; x_wconf 84' lang='lat' dir='ltr'>dicuntur,</span> <span class='ocrx_word' id='word_1_217' title='bbox 1108 2769 1146 2818; x_wconf 88' lang='lat' dir='ltr'>vel</span> <span class='ocrx_word' id='word_1_218' title='bbox 1166 2771 1223 2835; x_wconf 83' lang='lat' dir='ltr'>quia</span> 
     </span>
    </p>
   </div>
   <div class='ocr_carea' id='block_1_6' title="bbox 130 2841 1246 4235">
    <p class='ocr_par' dir='ltr' id='par_1_11' title="bbox 130 2841 1246 4235">
     <span class='ocr_line' id='line_1_40' title="bbox 177 2841 1243 2910; baseline 0.003 -19"><span class='ocrx_word' id='word_1_219' title='bbox 177 2841 263 2907; x_wconf 83' lang='grc' dir='ltr'><strong>φίνως.</strong></span> <span class='ocrx_word' id='word_1_220' title='bbox 723 2845 778 2894; x_wconf 89' lang='lat' dir='ltr'>inde</span> <span class='ocrx_word' id='word_1_221' title='bbox 789 2846 881 2910; x_wconf 80' lang='lat' dir='ltr'>nigrum</span> <span class='ocrx_word' id='word_1_222' title='bbox 892 2860 1008 2894; x_wconf 90' lang='lat' dir='ltr'>venenum</span> <span class='ocrx_word' id='word_1_223' title='bbox 1018 2844 1160 2909; x_wconf 85' lang='lat' dir='ltr'>profluebat.</span> <span class='ocrx_word' id='word_1_224' title='bbox 1184 2845 1243 2895; x_wconf 54' lang='lat' dir='ltr'>Ita&gt;</span> 
     </span>
     <span class='ocr_line' id='line_1_41' title="bbox 209 2916 1223 2991; baseline 0.004 -28"><span class='ocrx_word' id='word_1_225' title='bbox 209 2918 266 2966; x_wconf 85' lang='grc'><strong>439.</strong></span> <span class='ocrx_word' id='word_1_226' title='bbox 299 2918 420 2982; x_wconf 80' lang='lat' dir='ltr'>Incognita</span> <span class='ocrx_word' id='word_1_227' title='bbox 447 2916 586 2991; x_wconf 79' lang='lat' dir='ltr'>femininum</span> <span class='ocrx_word' id='word_1_228' title='bbox 614 2935 674 2984; x_wconf 66' lang='lat' dir='ltr'>prae«</span> <span class='ocrx_word' id='word_1_229' title='bbox 724 2918 792 2982; x_wconf 84' lang='lat' dir='ltr'>Virg.</span> <span class='ocrx_word' id='word_1_230' title='bbox 802 2920 860 2966; x_wconf 87' lang='lat' dir='ltr'>AEu.</span> <span class='ocrx_word' id='word_1_231' title='bbox 871 2917 905 2966; x_wconf 84' lang='lat' dir='ltr'>ix.</span> <span class='ocrx_word' id='word_1_232' title='bbox 917 2919 974 2966; x_wconf 91' lang='grc'><strong>700.</strong></span> <span class='ocrx_word' id='word_1_233' title='bbox 986 2928 1064 2965; x_wconf 82' lang='lat' dir='ltr'>utrum</span> <span class='ocrx_word' id='word_1_234' title='bbox 1079 2918 1182 2976; x_wconf 78' lang='lat' dir='ltr'>uulnus,¹</span> <span class='ocrx_word' id='word_1_235' title='bbox 1199 2926 1223 2967; x_wconf 89' lang='lat' dir='ltr'>et</span> 
     </span>
     <span class='ocr_line' id='line_1_42' title="bbox 176 2991 1223 3057; baseline 0.003 -18"><span class='ocrx_word' id='word_1_236' title='bbox 176 2991 231 3039; x_wconf 92' lang='lat' dir='ltr'>tulit</span> <span class='ocrx_word' id='word_1_237' title='bbox 241 2991 594 3056; x_wconf 82' lang='lat' dir='ltr'>Burm.quiaSehol.Apollon.</span> <span class='ocrx_word' id='word_1_238' title='bbox 604 2993 635 3041; x_wconf 88' lang='lat' dir='ltr'>ad</span> <span class='ocrx_word' id='word_1_239' title='bbox 646 2992 672 3040; x_wconf 92' lang='lat' dir='ltr'>ii.</span> <span class='ocrx_word' id='word_1_240' title='bbox 724 2992 788 3057; x_wconf 90' lang='lat' dir='ltr'>apud</span> <span class='ocrx_word' id='word_1_241' title='bbox 807 2992 930 3049; x_wconf 88' lang='lat' dir='ltr'>Nostrum,</span> <span class='ocrx_word' id='word_1_242' title='bbox 948 2994 1049 3041; x_wconf 82' lang='lat' dir='ltr'>calidum</span> <span class='ocrx_word' id='word_1_243' title='bbox 1066 2999 1090 3040; x_wconf 88' lang='lat' dir='ltr'>et</span> <span class='ocrx_word' id='word_1_244' title='bbox 1099 2992 1223 3054; x_wconf 79' lang='lat' dir='ltr'>fervidum</span> 
     </span>
     <span class='ocr_line' id='line_1_43' title="bbox 178 3065 814 3122; baseline -0.002 -9"><span class='ocrx_word' id='word_1_245' title='bbox 178 3066 235 3114; x_wconf 87' lang='grc'><strong>708.</strong></span> <span class='ocrx_word' id='word_1_246' title='bbox 254 3065 334 3122; x_wconf 90' lang='lat' dir='ltr'>tradit,</span> <span class='ocrx_word' id='word_1_247' title='bbox 355 3065 417 3114; x_wconf 86' lang='lat' dir='ltr'>hanc</span> <span class='ocrx_word' id='word_1_248' title='bbox 438 3069 563 3114; x_wconf 76' lang='lat' dir='ltr'>draconum</span> <span class='ocrx_word' id='word_1_249' title='bbox 585 3065 673 3114; x_wconf 88' lang='lat' dir='ltr'>dictam</span> <span class='ocrx_word' id='word_1_250' title='bbox 722 3067 814 3113; x_wconf 83' lang='lat' dir='ltr'>uulnus.</span> 
     </span>
     <span class='ocr_line' id='line_1_44' title="bbox 176 3137 1223 3203; baseline 0.002 -17"><span class='ocrx_word' id='word_1_251' title='bbox 176 3153 229 3187; x_wconf 89' lang='lat' dir='ltr'>esse</span> <span class='ocrx_word' id='word_1_252' title='bbox 242 3137 365 3203; x_wconf 79' lang='grc' dir='ltr'>δελφὺνην</span> <span class='ocrx_word' id='word_1_253' title='bbox 375 3155 461 3203; x_wconf 84' lang='lat' dir='ltr'>genere</span> <span class='ocrx_word' id='word_1_254' title='bbox 477 3137 597 3188; x_wconf 80' lang='lat' dir='ltr'>feminino.</span> <span class='ocrx_word' id='word_1_255' title='bbox 755 3140 812 3196; x_wconf 86' lang='lat'>445,</span> <span class='ocrx_word' id='word_1_256' title='bbox 823 3140 878 3187; x_wconf 88' lang='lat'>446.</span> <span class='ocrx_word' id='word_1_257' title='bbox 896 3140 959 3187; x_wconf 80' lang='lat' dir='ltr'>Neve</span> <span class='ocrx_word' id='word_1_258' title='bbox 975 3142 1055 3201; x_wconf 79' lang='lat' dir='ltr'>operis,</span> <span class='ocrx_word' id='word_1_259' title='bbox 1070 3138 1132 3201; x_wconf 78' lang='lat' dir='ltr'>ete]</span> <span class='ocrx_word' id='word_1_260' title='bbox 1151 3139 1223 3188; x_wconf 89' lang='lat' dir='ltr'>Anti·</span> 
     </span>
     <span class='ocr_line' id='line_1_45' title="bbox 209 3210 1223 3277; baseline 0.003 -18"><span class='ocrx_word' id='word_1_261' title='bbox 209 3214 265 3262; x_wconf 90' lang='grc'><strong>440.</strong></span> <span class='ocrx_word' id='word_1_262' title='bbox 284 3213 382 3261; x_wconf 85' lang='lat' dir='ltr'>Tontum</span> <span class='ocrx_word' id='word_1_263' title='bbox 392 3214 480 3276; x_wconf 71' lang='lat' dir='ltr'>sperit]</span> <span class='ocrx_word' id='word_1_264' title='bbox 497 3212 674 3276; x_wconf 83' lang='lat' dir='ltr'>ApudCallim.</span> <span class='ocrx_word' id='word_1_265' title='bbox 724 3210 842 3276; x_wconf 90' lang='lat' dir='ltr'>quissimis</span> <span class='ocrx_word' id='word_1_266' title='bbox 852 3212 1088 3277; x_wconf 82' lang='lat' dir='ltr'>temporibusrerum</span> <span class='ocrx_word' id='word_1_267' title='bbox 1105 3226 1223 3262; x_wconf 84' lang='lat' dir='ltr'>memora·</span> 
     </span>
     <span class='ocr_line' id='line_1_46' title="bbox 176 3283 1222 3350; baseline 0.002 -18"><span class='ocrx_word' id='word_1_268' title='bbox 176 3301 226 3334; x_wconf 91' lang='lat' dir='ltr'>ver.</span> <span class='ocrx_word' id='word_1_269' title='bbox 248 3288 289 3335; x_wconf 80' lang='lat'>93.</span> <span class='ocrx_word' id='word_1_270' title='bbox 309 3288 440 3335; x_wconf 85' lang='lat' dir='ltr'>Parnasum</span> <span class='ocrx_word' id='word_1_271' title='bbox 463 3285 569 3350; x_wconf 90' lang='lat' dir='ltr'>implicat</span> <span class='ocrx_word' id='word_1_272' title='bbox 590 3302 674 3335; x_wconf 85' lang='lat' dir='ltr'>novem</span> <span class='ocrx_word' id='word_1_273' title='bbox 722 3284 806 3333; x_wconf 82' lang='lat' dir='ltr'>billum</span> <span class='ocrx_word' id='word_1_274' title='bbox 815 3284 930 3333; x_wconf 86' lang='lat' dir='ltr'>memoria</span> <span class='ocrx_word' id='word_1_275' title='bbox 938 3283 1001 3333; x_wconf 89' lang='lat' dir='ltr'>ludis</span> <span class='ocrx_word' id='word_1_276' title='bbox 1011 3283 1126 3333; x_wconf 89' lang='lat' dir='ltr'>institutis</span> <span class='ocrx_word' id='word_1_277' title='bbox 1135 3286 1222 3334; x_wconf 85' lang='lat' dir='ltr'>servari</span> 
     </span>
     <span class='ocr_line' id='line_1_47' title="bbox 130 3354 1223 3424; baseline 0.004 -19"><span class='ocrx_word' id='word_1_278' title='bbox 130 3414 131 3417; x_wconf 8' lang='grc' dir='ltr'><strong>Ἴ</strong></span> <span class='ocrx_word' id='word_1_279' title='bbox 176 3358 280 3416; x_wconf 91' lang='lat' dir='ltr'>orbibus,</span> <span class='ocrx_word' id='word_1_280' title='bbox 302 3367 327 3408; x_wconf 89' lang='lat' dir='ltr'>et</span> <span class='ocrx_word' id='word_1_281' title='bbox 347 3359 411 3424; x_wconf 86' lang='lat' dir='ltr'>apud</span> <span class='ocrx_word' id='word_1_282' title='bbox 432 3359 543 3415; x_wconf 84' lang='lat' dir='ltr'>Statium,</span> <span class='ocrx_word' id='word_1_283' title='bbox 559 3354 634 3407; x_wconf 77' lang='lat' dir='ltr'>Theb.</span> <span class='ocrx_word' id='word_1_284' title='bbox 654 3359 672 3407; x_wconf 94' lang='lat' dir='ltr'>i.</span> <span class='ocrx_word' id='word_1_285' title='bbox 722 3360 821 3409; x_wconf 88' lang='lat' dir='ltr'>solebat.</span> <span class='ocrx_word' id='word_1_286' title='bbox 855 3361 905 3409; x_wconf 90' lang='lat' dir='ltr'>Hos</span> <span class='ocrx_word' id='word_1_287' title='bbox 915 3361 983 3409; x_wconf 91' lang='lat' dir='ltr'>ludos</span> <span class='ocrx_word' id='word_1_288' title='bbox 993 3359 1123 3408; x_wconf 88' lang='lat' dir='ltr'>Diomedes</span> <span class='ocrx_word' id='word_1_289' title='bbox 1133 3359 1223 3424; x_wconf 90' lang='lat' dir='ltr'>primus</span> 
     </span>
     <span class='ocr_line' id='line_1_48' title="bbox 176 3431 1223 3499; baseline 0.002 -19"><span class='ocrx_word' id='word_1_290' title='bbox 176 3433 233 3480; x_wconf 79' lang='lat'>563.</span> <span class='ocrx_word' id='word_1_291' title='bbox 245 3431 382 3481; x_wconf 79' lang='lat' dir='ltr'>interiectus</span> <span class='ocrx_word' id='word_1_292' title='bbox 394 3440 496 3497; x_wconf 91' lang='lat' dir='ltr'>occupat</span> <span class='ocrx_word' id='word_1_293' title='bbox 502 3432 609 3496; x_wconf 90' lang='lat' dir='ltr'>spatium</span> <span class='ocrx_word' id='word_1_294' title='bbox 619 3448 673 3481; x_wconf 89' lang='lat' dir='ltr'>cen·</span> <span class='ocrx_word' id='word_1_295' title='bbox 723 3431 851 3482; x_wconf 87' lang='lat' dir='ltr'>instituisse</span> <span class='ocrx_word' id='word_1_296' title='bbox 859 3433 884 3482; x_wconf 91' lang='lat' dir='ltr'>in</span> <span class='ocrx_word' id='word_1_297' title='bbox 892 3434 1003 3482; x_wconf 91' lang='lat' dir='ltr'>honorem</span> <span class='ocrx_word' id='word_1_298' title='bbox 1012 3431 1131 3499; x_wconf 86' lang='lat' dir='ltr'>Apollinis</span> <span class='ocrx_word' id='word_1_299' title='bbox 1139 3433 1223 3482; x_wconf 89' lang='lat' dir='ltr'>crede·</span> 
     </span>
     <span class='ocr_line' id='line_1_49' title="bbox 175 3503 1223 3571; baseline 0.003 -18"><span class='ocrx_word' id='word_1_300' title='bbox 175 3512 226 3553; x_wconf 90' lang='lat' dir='ltr'>tum</span> <span class='ocrx_word' id='word_1_301' title='bbox 234 3506 352 3570; x_wconf 86' lang='lat' dir='ltr'>jugerum.</span> <span class='ocrx_word' id='word_1_302' title='bbox 370 3505 406 3553; x_wconf 88' lang='lat' dir='ltr'>De</span> <span class='ocrx_word' id='word_1_303' title='bbox 414 3515 488 3554; x_wconf 88' lang='lat' dir='ltr'>monte</span> <span class='ocrx_word' id='word_1_304' title='bbox 499 3503 591 3561; x_wconf 88' lang='lat' dir='ltr'>maluit,</span> <span class='ocrx_word' id='word_1_305' title='bbox 603 3522 673 3570; x_wconf 91' lang='lat' dir='ltr'>quam</span> <span class='ocrx_word' id='word_1_306' title='bbox 722 3508 807 3555; x_wconf 88' lang='lat' dir='ltr'>batur:</span> <span class='ocrx_word' id='word_1_307' title='bbox 826 3507 874 3556; x_wconf 89' lang='lat' dir='ltr'>vid.</span> <span class='ocrx_word' id='word_1_308' title='bbox 887 3508 992 3556; x_wconf 88' lang='lat' dir='ltr'>Pausan.</span> <span class='ocrx_word' id='word_1_309' title='bbox 1009 3506 1115 3555; x_wconf 88' lang='lat' dir='ltr'>Corinth.</span> <span class='ocrx_word' id='word_1_310' title='bbox 1130 3522 1154 3571; x_wconf 93' lang='lat' dir='ltr'>p.</span> <span class='ocrx_word' id='word_1_311' title='bbox 1168 3508 1223 3556; x_wconf 89' lang='grc'><strong>186.</strong></span> 
     </span>
     <span class='ocr_line' id='line_1_50' title="bbox 175 3578 1223 3646; baseline 0 -18"><span class='ocrx_word' id='word_1_312' title='bbox 175 3584 265 3637; x_wconf 77' lang='lat' dir='ltr'>montis,</span> <span class='ocrx_word' id='word_1_313' title='bbox 274 3588 300 3628; x_wconf 91' lang='lat' dir='ltr'>ut</span> <span class='ocrx_word' id='word_1_314' title='bbox 309 3595 435 3628; x_wconf 87' lang='lat' dir='ltr'>concursus</span> <span class='ocrx_word' id='word_1_315' title='bbox 444 3578 541 3628; x_wconf 91' lang='lat' dir='ltr'>duorum</span> <span class='ocrx_word' id='word_1_316' title='bbox 551 3579 673 3629; x_wconf 86' lang='lat' dir='ltr'>Genitivo·</span> <span class='ocrx_word' id='word_1_317' title='bbox 725 3580 771 3628; x_wconf 92' lang='lat' dir='ltr'>Per</span> <span class='ocrx_word' id='word_1_318' title='bbox 781 3580 852 3629; x_wconf 90' lang='lat' dir='ltr'>breve</span> <span class='ocrx_word' id='word_1_319' title='bbox 869 3587 962 3646; x_wconf 86' lang='lat' dir='ltr'>tempus</span> <span class='ocrx_word' id='word_1_320' title='bbox 977 3595 1038 3628; x_wconf 87' lang='lat' dir='ltr'>nono</span> <span class='ocrx_word' id='word_1_321' title='bbox 1048 3595 1143 3644; x_wconf 89' lang='lat' dir='ltr'>quoque</span> <span class='ocrx_word' id='word_1_322' title='bbox 1160 3595 1223 3628; x_wconf 89' lang='lat' dir='ltr'>anno</span> 
     </span>
     <span class='ocr_line' id='line_1_51' title="bbox 175 3651 1222 3719; baseline 0.001 -18"><span class='ocrx_word' id='word_1_323' title='bbox 175 3668 227 3701; x_wconf 89' lang='lat' dir='ltr'>rum</span> <span class='ocrx_word' id='word_1_324' title='bbox 242 3653 362 3702; x_wconf 88' lang='lat' dir='ltr'>vitaretur.</span> <span class='ocrx_word' id='word_1_325' title='bbox 396 3654 432 3701; x_wconf 82' lang='lat' dir='ltr'>De</span> <span class='ocrx_word' id='word_1_326' title='bbox 448 3662 530 3710; x_wconf 84' lang='lat' dir='ltr'>monte,</span> <span class='ocrx_word' id='word_1_327' title='bbox 543 3653 673 3702; x_wconf 88' lang='lat' dir='ltr'>Parnasum</span> <span class='ocrx_word' id='word_1_328' title='bbox 722 3654 844 3711; x_wconf 86' lang='lat' dir='ltr'>celebrati,</span> <span class='ocrx_word' id='word_1_329' title='bbox 855 3653 959 3703; x_wconf 90' lang='lat' dir='ltr'>renovati</span> <span class='ocrx_word' id='word_1_330' title='bbox 968 3661 1025 3702; x_wconf 88' lang='lat' dir='ltr'>sunt</span> <span class='ocrx_word' id='word_1_331' title='bbox 1038 3654 1068 3702; x_wconf 89' lang='lat' dir='ltr'>ab</span> <span class='ocrx_word' id='word_1_332' title='bbox 1079 3651 1222 3719; x_wconf 85' lang='lat' dir='ltr'>Amphicty-</span> 
     </span>
     <span class='ocr_line' id='line_1_52' title="bbox 174 3726 1223 3794; baseline 0.001 -20"><span class='ocrx_word' id='word_1_333' title='bbox 174 3736 278 3775; x_wconf 88' lang='lat' dir='ltr'>montem</span> <span class='ocrx_word' id='word_1_334' title='bbox 300 3728 402 3784; x_wconf 87' lang='lat' dir='ltr'>tenebat,</span> <span class='ocrx_word' id='word_1_335' title='bbox 420 3726 500 3791; x_wconf 87' lang='lat' dir='ltr'>ibique</span> <span class='ocrx_word' id='word_1_336' title='bbox 518 3726 555 3775; x_wconf 88' lang='lat' dir='ltr'>vel</span> <span class='ocrx_word' id='word_1_337' title='bbox 576 3727 671 3776; x_wconf 87' lang='lat' dir='ltr'>oracula</span> <span class='ocrx_word' id='word_1_338' title='bbox 722 3743 761 3776; x_wconf 89' lang='lat' dir='ltr'>on.</span> <span class='ocrx_word' id='word_1_339' title='bbox 772 3744 795 3777; x_wconf 86' lang='lat' dir='ltr'>a.</span> <span class='ocrx_word' id='word_1_340' title='bbox 807 3731 831 3777; x_wconf 86' lang='lat'>3.</span> <span class='ocrx_word' id='word_1_341' title='bbox 842 3729 939 3794; x_wconf 86' lang='lat' dir='ltr'>Olymp.</span> <span class='ocrx_word' id='word_1_342' title='bbox 949 3729 989 3776; x_wconf 92' lang='grc'>48.</span> <span class='ocrx_word' id='word_1_343' title='bbox 999 3736 1023 3776; x_wconf 83' lang='lat' dir='ltr'>et</span> <span class='ocrx_word' id='word_1_344' title='bbox 1034 3735 1117 3792; x_wconf 89' lang='lat' dir='ltr'>quarto</span> <span class='ocrx_word' id='word_1_345' title='bbox 1128 3743 1223 3792; x_wconf 90' lang='lat' dir='ltr'>quoque</span> 
     </span>
     <span class='ocr_line' id='line_1_53' title="bbox 174 3799 1222 3866; baseline 0.002 -18"><span class='ocrx_word' id='word_1_346' title='bbox 174 3799 268 3858; x_wconf 84' lang='lat' dir='ltr'>edebat,</span> <span class='ocrx_word' id='word_1_347' title='bbox 278 3802 315 3850; x_wconf 94' lang='lat' dir='ltr'>vel</span> <span class='ocrx_word' id='word_1_348' title='bbox 332 3801 462 3850; x_wconf 85' lang='lat' dir='ltr'>secundum</span> <span class='ocrx_word' id='word_1_349' title='bbox 474 3800 611 3866; x_wconf 90' lang='lat' dir='ltr'>Apollodor.</span> <span class='ocrx_word' id='word_1_350' title='bbox 620 3817 671 3850; x_wconf 90' lang='lat' dir='ltr'>ora·</span> <span class='ocrx_word' id='word_1_351' title='bbox 721 3816 783 3849; x_wconf 88' lang='lat' dir='ltr'>anno</span> <span class='ocrx_word' id='word_1_352' title='bbox 788 3800 876 3850; x_wconf 84' lang='lat' dir='ltr'>habiti:</span> <span class='ocrx_word' id='word_1_353' title='bbox 886 3802 988 3849; x_wconf 88' lang='lat' dir='ltr'>Pausan.</span> <span class='ocrx_word' id='word_1_354' title='bbox 995 3799 1069 3849; x_wconf 89' lang='lat' dir='ltr'>Phoc.</span> <span class='ocrx_word' id='word_1_355' title='bbox 1073 3818 1098 3866; x_wconf 94' lang='lat' dir='ltr'>p.</span> <span class='ocrx_word' id='word_1_356' title='bbox 1105 3801 1163 3848; x_wconf 84' lang='grc'><strong>813.</strong></span> <span class='ocrx_word' id='word_1_357' title='bbox 1170 3802 1222 3850; x_wconf 80' lang='lat' dir='ltr'>&#39;Ce-</span> 
     </span>
     <span class='ocr_line' id='line_1_54' title="bbox 174 3873 1222 3940; baseline 0.001 -19"><span class='ocrx_word' id='word_1_358' title='bbox 174 3875 254 3922; x_wconf 89' lang='lat' dir='ltr'>culum</span> <span class='ocrx_word' id='word_1_359' title='bbox 281 3874 442 3924; x_wconf 86' lang='lat' dir='ltr'>custodiebat:</span> <span class='ocrx_word' id='word_1_360' title='bbox 477 3891 532 3924; x_wconf 86' lang='lat' dir='ltr'>nam</span> <span class='ocrx_word' id='word_1_361' title='bbox 558 3876 693 3925; x_wconf 89' lang='lat' dir='ltr'>dracones·</span> <span class='ocrx_word' id='word_1_362' title='bbox 721 3873 1222 3940; x_wconf 79' lang='lat' dir='ltr'>lebrabantu&#39;rautemnonproedlahurbe</span> 
     </span>
     <span class='ocr_line' id='line_1_55' title="bbox 175 3948 1223 4014; baseline 0.002 -20"><span class='ocrx_word' id='word_1_363' title='bbox 175 3962 238 4011; x_wconf 75' lang='lat' dir='ltr'>saepe</span> <span class='ocrx_word' id='word_1_364' title='bbox 257 3949 367 3997; x_wconf 87' lang='lat' dir='ltr'>custodes</span> <span class='ocrx_word' id='word_1_365' title='bbox 384 3949 488 3998; x_wconf 88' lang='lat' dir='ltr'>locorum</span> <span class='ocrx_word' id='word_1_366' title='bbox 507 3959 581 3998; x_wconf 91' lang='lat' dir='ltr'>erant.</span> <span class='ocrx_word' id='word_1_367' title='bbox 615 3950 672 4000; x_wconf 85' lang='lat' dir='ltr'>vid.</span> <span class='ocrx_word' id='word_1_368' title='bbox 722 3948 810 4006; x_wconf 88' lang='lat' dir='ltr'>Crissa,</span> <span class='ocrx_word' id='word_1_369' title='bbox 827 3965 880 4013; x_wconf 77' lang='lat' dir='ltr'>qun</span> <span class='ocrx_word' id='word_1_370' title='bbox 895 3948 951 3998; x_wconf 88' lang='lat' dir='ltr'>inde</span> <span class='ocrx_word' id='word_1_371' title='bbox 964 3948 1050 4014; x_wconf 87' lang='lat' dir='ltr'>Pytho,</span> <span class='ocrx_word' id='word_1_372' title='bbox 1065 3956 1147 4012; x_wconf 86' lang='lat' dir='ltr'>postea</span> <span class='ocrx_word' id='word_1_373' title='bbox 1163 3948 1223 3996; x_wconf 88' lang='lat' dir='ltr'>Del-</span> 
     </span>
     <span class='ocr_line' id='line_1_56' title="bbox 176 4018 1223 4092; baseline 0.003 -26"><span class='ocrx_word' id='word_1_374' title='bbox 176 4018 258 4092; x_wconf 76' lang='lat' dir='ltr'>adiii.</span> <span class='ocrx_word' id='word_1_375' title='bbox 279 4023 319 4070; x_wconf 81' lang='lat'>³1.</span> <span class='ocrx_word' id='word_1_376' title='bbox 352 4023 383 4070; x_wconf 90' lang='lat' dir='ltr'>Et</span> <span class='ocrx_word' id='word_1_377' title='bbox 402 4023 505 4088; x_wconf 90' lang='lat' dir='ltr'>tripodes</span> <span class='ocrx_word' id='word_1_378' title='bbox 525 4023 550 4071; x_wconf 91' lang='lat' dir='ltr'>in</span> <span class='ocrx_word' id='word_1_379' title='bbox 571 4024 673 4072; x_wconf 91' lang='lat' dir='ltr'>nummis</span> <span class='ocrx_word' id='word_1_380' title='bbox 722 4022 763 4087; x_wconf 92' lang='lat' dir='ltr'>phi</span> <span class='ocrx_word' id='word_1_381' title='bbox 779 4023 845 4070; x_wconf 91' lang='lat' dir='ltr'>dicta</span> <span class='ocrx_word' id='word_1_382' title='bbox 860 4032 904 4071; x_wconf 89' lang='lat' dir='ltr'>est.</span> <span class='ocrx_word' id='word_1_383' title='bbox 937 4023 1011 4080; x_wconf 83' lang='lat' dir='ltr'>Sacri,</span> <span class='ocrx_word' id='word_1_384' title='bbox 1023 4021 1133 4087; x_wconf 88' lang='lat' dir='ltr'>quoniam</span> <span class='ocrx_word' id='word_1_385' title='bbox 1143 4021 1169 4069; x_wconf 92' lang='lat' dir='ltr'>in</span> <span class='ocrx_word' id='word_1_386' title='bbox 1180 4020 1223 4069; x_wconf 89' lang='lat' dir='ltr'>ho·</span> 
     </span>
     <span class='ocr_line' id='line_1_57' title="bbox 147 4093 1223 4162; baseline 0.001 -22"><span class='ocrx_word' id='word_1_387' title='bbox 147 4125 156 4159; x_wconf 68' lang='lat'>‘.</span> <span class='ocrx_word' id='word_1_388' title='bbox 176 4093 244 4142; x_wconf 86' lang='lat' dir='ltr'>multi</span> <span class='ocrx_word' id='word_1_389' title='bbox 253 4093 417 4145; x_wconf 83' lang='lat' dir='ltr'>&#39;circumvoluti</span> <span class='ocrx_word' id='word_1_390' title='bbox 428 4095 569 4145; x_wconf 88' lang='lat' dir='ltr'>draconibus</span> <span class='ocrx_word' id='word_1_391' title='bbox 580 4096 672 4162; x_wconf 90' lang='lat' dir='ltr'>conspi-</span> <span class='ocrx_word' id='word_1_392' title='bbox 722 4111 801 4144; x_wconf 89' lang='lat' dir='ltr'>norem</span> <span class='ocrx_word' id='word_1_393' title='bbox 813 4096 860 4144; x_wconf 90' lang='lat' dir='ltr'>Dei</span> <span class='ocrx_word' id='word_1_394' title='bbox 878 4096 1035 4145; x_wconf 86' lang='lat' dir='ltr'>celebrantur.</span> <span class='ocrx_word' id='word_1_395' title='bbox 1071 4094 1159 4142; x_wconf 74' lang='lat' dir='ltr'>celebri</span> <span class='ocrx_word' id='word_1_396' title='bbox 1173 4109 1223 4141; x_wconf 84' lang='lat' dir='ltr'>cer·</span> 
     </span>
     <span class='ocr_line' id='line_1_58' title="bbox 174 4165 1246 4235; baseline 0.003 -21"><span class='ocrx_word' id='word_1_397' title='bbox 174 4167 278 4225; x_wconf 87' lang='lat' dir='ltr'>ciuntur,</span> <span class='ocrx_word' id='word_1_398' title='bbox 288 4169 345 4233; x_wconf 90' lang='lat' dir='ltr'>quia</span> <span class='ocrx_word' id='word_1_399' title='bbox 358 4168 440 4218; x_wconf 88' lang='lat' dir='ltr'>draco·</span> <span class='ocrx_word' id='word_1_400' title='bbox 450 4178 530 4235; x_wconf 83' lang='lat' dir='ltr'>aptum</span> <span class='ocrx_word' id='word_1_401' title='bbox 548 4169 579 4218; x_wconf 88' lang='lat' dir='ltr'>ad</span> <span class='ocrx_word' id='word_1_402' title='bbox 590 4170 672 4234; x_wconf 82' lang='lat' dir='ltr'>auguri</span> <span class='ocrx_word' id='word_1_403' title='bbox 723 4171 815 4224; x_wconf 80' lang='lat' dir='ltr'>tamine,</span> <span class='ocrx_word' id='word_1_404' title='bbox 827 4169 851 4216; x_wconf 90' lang='lat' dir='ltr'>in</span> <span class='ocrx_word' id='word_1_405' title='bbox 868 4168 955 4231; x_wconf 86' lang='lat' dir='ltr'>quibus</span> <span class='ocrx_word' id='word_1_406' title='bbox 971 4168 1043 4217; x_wconf 89' lang='lat' dir='ltr'>totius</span> <span class='ocrx_word' id='word_1_407' title='bbox 1057 4165 1222 4215; x_wconf 79' lang='lat' dir='ltr'>lereGrrecire</span> <span class='ocrx_word' id='word_1_408' title='bbox 1243 4212 1246 4217; x_wconf 79' lang='grc'><strong>,</strong></span> 
     </span>
    </p>
   </div>
   <div class='ocr_carea' id='block_1_7' title="bbox 0 0 1410 5010">
    <p class='ocr_par' dir='ltr' id='par_1_12' title="bbox 0 0 1410 5010">
     <span class='ocr_line' id='line_1_59' title="bbox 0 0 1410 5010; baseline 0 2"><span class='ocrx_word' id='word_1_409' title='bbox 0 0 1410 5010; x_wconf 95' lang='lat' dir='ltr'> </span> 
     </span>
    </p>
   </div>
  </div>
 </body>
</html>
