2812 5010
389 315 859 382 METAMORPHOSEON
881 316 972 381 LIB.
996 317 1026 381 I.
1155 320 1219 385 139

180 489 287 564 Unde
305 492 433 578 oritur,
453 491 587 565 domus
606 500 664 565 est
680 500 790 566 terrae
807 491 1040 564 contermina
1058 502 1208 568 nostrae.

177 605 215 678 Si
245 609 359 681 modo
385 608 456 682 fert
482 607 650 695 animus3
685 608 861 704 gradere3
897 617 935 680 et
961 607 1145 681 scitabere
1173 612 1220 684 ab

175 719 326 798 Emicat
335 725 527 823 externplo
535 724 643 797 laetus
653 733 740 821 post
749 723 839 797 talia
849 723 980 810 matris
995 723 1133 820 [ipsu.”
1148 731 1220 799 775

175 839 290 914 Dicta
308 865 386 914 suae
400 840 610 926 Phaethon,
631 851 670 913 et
686 839 851 938 concipit
869 839 1010 912 aethera
1026 850 1175 928 mente3

174 954 449 1054 AEthiopasque
467 980 567 1042 suos,
586 955 805 1054 positosque
824 957 895 1028 sub
914 955 1064 1051 ignibus
1083 955 1200 1029 Indos

176 1069 344 1147 Sidereis
361 1071 507 1159 transit,
526 1071 744 1170 patriosque
762 1071 841 1144 adit
858 1071 1018 1169 impiger
1034 1082 1150 1145 ortus.

175 1285 261 1350 (ἡλίου
284 1287 457 1353 iustoci-douc)
476 1289 605 1355 appellent.
639 1291 675 1338 Ea
757 1289 815 1336 776.
844 1287 934 1336 Fauiam
955 1287 1101 1337 celeritatem
1123 1288 1224 1339 indicat.

176 1377 230 1412 vero
249 1371 287 1411 est
305 1363 438 1429 AEthiopia‚
457 1362 504 1420 cui,
523 1362 612 1429 quippe
631 1364 674 1412 snb
725 1362 824 1412 Emicat.
862 1361 948 1422 Exilit3
976 1376 1031 1410 nam
1052 1366 1148 1412 emicare
1169 1380 1223 1411 curn

176 1436 289 1486 calidiore
305 1438 368 1486 coelo
384 1437 445 1494 sitae,
457 1437 555 1486 vicinior
570 1446 606 1486 est
620 1439 660 1486 Sol
669 1454 677 1497 ;
725 1437 863 1486 subsiliente
882 1452 977 1502 corpore
995 1436 1103 1485 laetitiam
1123 1437 1223 1486 indicat.

175 1524 230 1558 nam
239 1526 297 1559 mox
307 1512 425 1572 AEthiopus
435 1527 484 1559 suos
492 1520 614 1570 memorat,
623 1511 676 1576 qui·
725 1511 810 1575 virgil.
821 1509 917 1559 AEneid.
928 1509 960 1558 vi.
970 1513 984 1559 5
994 1529 999 1558 ι
1018 1510 1134 1559 Juvenum
1144 1529 1226 1559 munus

176 1584 220 1632 bus
230 1583 323 1633 vicinos
337 1584 395 1634 lacit
410 1585 486 1634 Indos.
518 1587 617 1635 Veteres
633 1602 675 1636 au·
726 1589 807 1634 emicat
816 1588 899 1634 ardens
910 1586 979 1634 Litus
993 1589 1020 1633 im
1032 1585 1182 1648 Hesperium
1200 1594 1224 1634 et

176 1665 224 1705 tem
235 1658 280 1706 sub
289 1657 401 1706 Indorum
411 1667 435 1708 et
443 1661 574 1722 AEriiopum
582 1660 675 1710 nomine
728 1659 792 1709 alibi.

175 1746 256 1780 omnes
264 1732 477 1798 Orientispopulos
483 1734 601 1799 complexi
612 1742 675 1791 sunt,
758 1735 814 1783 777.
833 1733 937 1795 Concipit
954 1733 1029 1782 viator
1047 1743 1120 1782 mente
1137 1733 1225 1792 locum,

175 1805 200 1854 iu
207 1807 352 1856 australibus
361 1808 510 1873 potissimum
519 1808 609 1874 plagis:
620 1809 675 1857 vide
726 1823 773 1873 quo
787 1806 879 1855 tendit:
898 1807 1007 1872 proponit
1017 1807 1063 1856 sibi
1079 1808 1166 1863 locum,
1178 1824 1225 1873 quo

176 1879 266 1945 Cuper.
280 1881 408 1930 Observat.
417 1881 450 1930 iv.
461 1883 484 1931 7.
725 1880 815 1930 tendat.
860 1881 946 1929 Positos
972 1883 1013 1940 sub
1036 1884 1128 1946 ignibus
1149 1881 1226 1930 Indos.

208 1954 266 2003 775.
283 1955 309 2002 Si
319 1955 440 2019 modosert
450 1959 549 2013 animus,
562 1954 582 2004 si
594 1955 675 2021 cupis:
725 1956 809 2003 Horat.
822 1957 843 2004 1.
855 1955 903 2004 Od.
913 1955 954 2006 xii.
966 1958 1012 2005 55:
1030 1957 1138 2019 subiectos
1151 1958 1225 2004 orien-

179 2026 277 2078 ridead
290 2044 337 2077 ver.
348 2031 370 2078 l.
726 2031 810 2078 ruore
825 2030 902 2080 Indos.
