2812 5010
201 325 270 390 DE
294 323 457 390 OPERE
482 323 973 390 METAMORPHOSEON.
1039 327 1116 394 xlvii

65 499 117 575 ris,
133 519 232 582 quam
242 479 536 562 vehementioribus
549 497 848 582 perturbationibus
862 500 1009 563 notandis
1018 521 1112 584 egre-

65 615 136 700 gius
156 614 276 680 artifex
294 615 419 680 Noster
435 615 607 700 reperitur.
642 615 803 681 Paternus
822 616 969 683 adfectus
989 619 1112 703 patrois,
1190 672 1194 685 .

64 734 122 799 sed
136 735 235 812 bene,
249 733 312 799 viii.
329 734 408 811 alo,
424 733 617 819 descriptus,

141 906 227 967 Inter
239 926 311 985 opus
324 905 506 984 monitusque
519 926 600 984 genae
613 905 748 964 maduere
761 904 866 965 seniles

142 1016 188 1077 Et
200 1017 301 1098 patrias
313 1028 459 1077 tremuere
471 1037 583 1086 manus,

64 1213 241 1299 copiosius,
254 1214 287 1278 ii.
303 1213 415 1291 91-99,
426 1213 461 1276 in
481 1212 622 1291 Phoebo,
636 1213 677 1276 do
688 1212 833 1299 pignora
852 1223 951 1292 certo,
963 1227 1044 1294 ete.;
1067 1229 1111 1295 et,

63 1334 104 1397 ri.
122 1331 280 1409 496-510,
297 1331 332 1396 in
350 1330 519 1396 Pandione
539 1351 616 1394 sene
637 1329 736 1394 filiam
754 1332 944 1398 dimittente.
990 1321 1128 1400 Mater-¹

62 1473 141 1515 num
156 1451 309 1528 animum,
324 1451 368 1515 ix.
379 1451 517 1528 -375-81,
533 1451 665 1536 egregie
678 1450 799 1514 exserit
814 1451 949 1536 Dryope
962 1453 997 1516 in
1010 1452 1113 1519 lotum

62 1568 235 1646 transiens,
258 1567 471 1633 sollicitudine
494 1569 536 1633 de
564 1567 623 1631 filii
648 1567 843 1633 educatione
870 1578 967 1653 utque
996 1570 1109 1636 salute.

63 1687 223 1752 Mutuum
241 1686 369 1769 juvenis
387 1683 580 1770 puellaeque,
595 1684 690 1750 taedae
706 1687 780 1771 jure
795 1687 890 1771 jungi
904 1689 1113 1772 cupientium,

65 1826 209 1871 aurorem
227 1805 312 1869 bene
334 1804 490 1869 describit
510 1804 642 1887 Pyrumi
663 1812 696 1868 et
714 1803 857 1869 Thisbes
875 1805 996 1870 fabola.
1041 1806 1115 1871 Flo·

59 1923 304 2010 -grantissimum
322 1922 434 1986 uxoris
454 1922 488 1985 in
506 1923 656 1988 maritum
675 1942 815 1988 amorem
830 1922 1002 2009 Halcyone
1017 1926 1115 1990 veris-

66 2043 143 2107 sime
165 2041 279 2120 refert,
297 2042 351 2118 xi3
373 2041 431 2105 ubi
448 2041 597 2106 maritum
617 2041 832 2106 discessurum
853 2063 924 2107 esse
944 2044 1112 2128 comperit,

66 2159 199 2238 sisso,
214 2170 248 2224 et
266 2160 301 2223 in
320 2159 464 2225 discessu
482 2159 564 2244 ipso,
580 2159 645 2226 464
659 2183 729 2244 sqq.
746 2161 894 2244 idemque
909 2159 965 2224 illo
974 2163 1114 2226 absente

66 2280 182 2344 transit
199 2279 338 2365 primum
355 2279 389 2343 in
405 2279 612 2356 desiderium,
628 2280 766 2345 5784812
787 2303 876 2358 mox,
889 2282 948 2346 ubi
962 2282 1005 2347 de
1023 2283 1114 2346 obitu
1247 2341 1253 2353 ,

60 2401 136 2486 'ejus
150 2399 274 2464 somnio
288 2399 409 2463 monita
422 2409 482 2476 est,
497 2400 530 2463 in
541 2400 762 2485 gravissimum
776 2399 898 2465 luctum
909 2401 1065 2477 urs-709,
1080 2412 1115 2465 et

67 2517 123 2584 ubi
140 2537 262 2602 corpus
279 2519 350 2602 ejus
364 2526 482 2582 natans
498 2519 655 2604 prospicit
668 2519 733 2583 716
748 2539 820 2603 sqq.
857 2517 970 2583 Mariti
988 2519 1022 2582 in
1039 2540 1114 2583 con-

64 2637 176 2720 jugem
191 2634 331 2699 arrimurn
345 2656 411 2699 non
422 2633 508 2700 male
525 2636 675 2720 exprimit
689 2635 882 2714 Deucalion,
896 2635 917 2700 i.
932 2636 1066 2713 351-62,
1077 2646 1114 2702 et

67 2753 168 2820 multo
193 2752 307 2819 melius
331 2753 509 2840 Cephalus,
529 2756 582 2819 vii.
598 2755 672 2820 690
692 2755 748 2820 fin.
784 2754 896 2820 Tetrae
912 2764 954 2820 et
978 2755 1114 2820 furentis

66 2870 208 2937 libidinis
224 2869 483 2936 'naturam'nobis
495 2870 640 2937 ostendit
654 2872 793 2949 Tereus,
808 2873 849 2937 vi.
865 2872 929 2937 465
943 2894 1014 2958 sqq.
1031 2895 1116 2938 sum-

62 2990 108 3054 'mi
122 2989 241 3053 furoris
254 2982 395 3067 Procne,
410 3008 477 3056 ver.
492 2989 560 3056 610
573 3013 643 3075 sqq.
683 2990 750 3055 Sed
765 2991 798 3054 in
815 2990 926 3075 primis
946 2992 1115 3056 memorari

67 3117 232 3172 merentur
256 3106 338 3186 loca,
367 3109 548 3192 inquibus
577 3108 779 3193 perturbatio
808 3107 926 3172 mentis
955 3126 1028 3174 cum
1053 3107 1116 3172 alia

63 3227 312 3311 >perturbatione
336 3237 398 3291 *aut
419 3249 497 3292 cum
525 3247 604 3291 sana
619 3227 751 3291 *ratione
777 3226 835 3290 diu
858 3236 996 3310 pugnat,
1020 3237 1058 3289 ut
1082 3227 1116 3290 in
1224 3293 1227 3314 ¹

60 3344 173 3408 animo
196 3343 339 3422 Medeae,
357 3346 412 3409 vii.
439 3346 479 3409 10
500 3366 572 3430 sqq.
597 3344 725 3432 Scyllae,
740 3345 803 3408 viii.
829 3343 1115 3424 4480,A1t·haeae,

64 3454 221 3539 lossii,
234 3461 395 3547 Byblidis,
410 3463 455 3527 ix.
463 3463 531 3527 473
543 3485 613 3549 sqq.
630 3463 788 3548 Myrrhae,
804 3485 836 3526 x.
846 3462 915 3555 320
928 3484 999 3546 sqq.
1031 3462 1115 3526 Haec

68 3580 143 3644 sutis
157 3581 317 3664 probent,
332 3581 497 3666 egregiam
512 3578 631 3646 Ovidio
641 3580 745 3646 ‘fuisse
759 3580 855 3645 animi
868 3579 998 3644 humani
1013 3579 1114 3644 soien-

68 3697 153 3762 tiam.
189 3698 310 3766 Parum
327 3711 452 3779 contra,
472 3695 504 3765 ii.
523 3701 676 3778 381-400,
695 3699 846 3764 Phoebus
866 3695 986 3782 placet,
1007 3697 1115 3781 quiin

67 3815 156 3882 luctu
164 3826 208 3881 'ct
224 3817 273 3882 ira
290 3817 405 3883 stultos
424 3817 570 3883 homines
583 3818 736 3882 imitatur.
781 3815 947 3880 Perversis
965 3816 1117 3880 acumini-

68 3936 129 3999 bus
151 3946 322 4020 oorruptas
339 3959 410 4001 esse
428 3934 598 4001 nonnullas
618 3937 688 4021 ejus
709 3934 837 4020 generis
855 3933 1048 4012 notationeS,
1065 3946 1115 4014 ut,

68 4052 111 4117 iii.
126 4053 281 4132 103092,
293 4057 362 4140 jem
377 4066 543 4141 supra-est
557 4057 766 4122 admonitum.
808 4130 809 4134 Ἰ

112 4158 351 4250 Similitudines,
370 4175 489 4259 quibus
507 4197 560 4242 res
578 4176 681 4240 varias
694 4174 749 4240 “vel
767 4174 926 4241 illustrare
946 4175 1046 4240 voluit
1066 4175 1117 4240 vel
