2812 5010
189 332 287 397 xxviii
581 326 839 394 PRAEFATIO

190 503 308 588 Neque
329 501 425 566 semel
443 512 568 566 tantum
586 499 673 564 illum
692 502 860 565 transitum
880 522 940 584 per
957 511 1066 584 partes
1086 501 1234 568 elocutus

190 632 250 697 est,
271 621 328 685 sed
345 642 418 685 cum
436 620 589 684 varietate
608 620 738 704 sapius.
776 618 907 684 Etenim
927 621 1033 696 etiam
1048 621 1090 684 vi.
1108 621 1184 697 303,
1200 621 1234 684 in

188 739 295 804 Niobe
305 767 316 802 .-

577 855 684 915 Nullos
697 866 792 915 movet
805 875 874 914 aura
887 854 1013 933 capillos.

305 953 342 1011 In
355 952 440 1031 wiltu
453 951 527 1012 color
540 952 659 1010 estsine
672 951 826 1028 sangnine:
849 949 960 1008 lumina
972 950 1082 1009 moestis

305 1046 391 1106 Stant
404 1046 523 1104 immota
535 1045 633 1124 genis:
655 1042 728 1102 nihil
741 1053 785 1103 est
798 1044 829 1102 in
842 1042 967 1120 imagine
979 1043 1048 1101 vivi.

304 1141 372 1219 lpsa
384 1161 496 1220 quoque
509 1140 630 1200 interius
644 1156 710 1198 cum
723 1139 794 1198 duro
806 1139 906 1217 lingua
918 1137 1015 1217 palato

304 1235 454 1313 congelat,
468 1245 499 1294 et
512 1255 593 1293 venae
606 1233 750 1292 desistunt
763 1253 845 1312 posse
858 1234 974 1294 moveri.

303 1330 368 1389 Nec
382 1329 459 1389 flecti
472 1329 578 1397 cervix,
592 1347 645 1386 nec
657 1327 772 1387 brachia
785 1325 906 1386 reddere
919 1337 1028 1404 gestus,

302 1424 368 1483 Nec
380 1444 431 1503 pes
441 1424 483 1482 ire
496 1433 598 1502 potest.

186 1601 259 1666 Nec
285 1603 347 1666 hoc
373 1602 547 1666 satis-in
566 1598 640 1677 551,
664 1597 773 1684 plures
799 1599 947 1663 mulieres
970 1597 1062 1664 simul
1085 1599 1230 1664 eamdem

187 1733 304 1787 sortem
318 1723 502 1806 patiuntur:

575 1854 745 1933 Saltumque
758 1854 861 1914 datura
871 1855 978 1914 moveri

302 1949 393 2009 Haud
405 1970 526 2028 usquam
539 1950 643 2028 potuit,
657 1950 828 2027 scopuloque
840 1948 935 2008 adfixa
948 1949 1071 2008 cohaesit.

301 2045 415 2114 Altera,
429 2045 499 2103 dum
511 2043 595 2103 solito
607 2054 702 2103 tentat
715 2044 851 2122 plangore
865 2043 952 2103 ferire

302 2140 432 2208 Pectora,
445 2148 571 2201 tentatos
584 2139 672 2198 sentit
685 2138 806 2218 riguisse
820 2138 948 2200 lacertos.

302 2234 367 2303 Illa,
382 2254 483 2293 manus
496 2244 530 2293 ut
544 2235 617 2293 forte
630 2233 793 2293 tetenderat
806 2235 838 2291 in
850 2234 936 2293 maris
949 2233 1051 2303 undas,

302 2330 395 2389 Saxea
406 2329 482 2388 facta
494 2346 598 2388 manus
610 2329 641 2388 in
654 2329 768 2388 easdem
781 2328 901 2407 porrigit
914 2327 1015 2396 undas,

184 2537 217 2590 et
231 2548 304 2610 quae
321 2523 416 2610 plura
430 2532 618 2606 sequuntur.
643 2518 708 2588 Hic
722 2523 930 2587 mutationem
941 2515 1084 2609 generali
1097 2522 1231 2606 quidem

183 2645 313 2709 notione
333 2653 449 2727 quater
465 2642 626 2727 exprimit,
648 2643 706 2708 aed
725 2644 854 2708 variatis
872 2641 990 2719 verbis,
1009 2652 1046 2707 et
1067 2665 1230 2727 quamque

183 2759 348 2824 mulierem
362 2761 395 2822 in
409 2759 472 2824 alio
486 2771 581 2844 gestu
595 2760 729 2825 formam
739 2782 858 2827 novam
871 2761 1014 2826 induisse
1029 2759 1132 2844 fingit.
1180 2758 1231 2822 Si-

184 2876 256 2943 mile
281 2877 469 2962 figmentum
491 2879 587 2942 etiam
608 2880 641 2942 in
662 2880 768 2942 nautio
796 2878 980 2963 Tyrrhenia,
1002 2876 1230 2963 delphinorum

184 3007 332 3062 naturam
351 2997 594 3082 accipientibus,
612 2999 655 3063 iii.
673 2998 748 3076 671,
766 2997 959 3082 reperimus3
983 3018 1166 3081 quanquam
1184 2995 1231 3060 ibi

184 3125 216 3180 et
230 3117 263 3178 in
278 3112 409 3200 singulis
424 3113 494 3179 aliae
506 3111 651 3201 delphini
665 3126 775 3202 partes
789 3125 1023 3181 memorantur:

494 3249 665 3330 Primusque
680 3251 790 3310 Medon
803 3251 962 3328 nigrescere
975 3249 1072 3328 pinnis

299 3343 424 3421 Corpore
436 3342 577 3421 depresso,
592 3355 622 3404 et
635 3345 725 3424 spine
736 3345 902 3404 curvamina
915 3343 993 3403 flecti

298 3435 423 3515 Incipit:
443 3437 511 3496 huic
523 3437 661 3515 Lycabas,
675 3439 706 3496 in
719 3458 783 3517 quae
796 3437 943 3506 miracula,
958 3437 1042 3507 dixit,

298 3530 449 3591 Verteris?
471 3542 501 3591 et
514 3532 566 3591 lati
578 3533 669 3592 rictus
682 3543 712 3592 et
723 3532 819 3612 peuda
831 3531 961 3612 loquenti

297 3627 386 3685 Naris
398 3636 470 3694 erat,
484 3645 688 3704 squamamque
701 3627 776 3686 cutis
790 3627 893 3686 durata
905 3626 1045 3685 trahebat.

298 3721 341 3780 At
354 3721 453 3798 Libys,
467 3721 613 3781 obstantes
626 3721 695 3780 dum
707 3721 771 3781 vult
784 3722 931 3781 obvertere
942 3738 1046 3788 remos,

297 3814 334 3872 In
346 3814 472 3893 spatium
483 3814 594 3874 resilire
606 3834 709 3874 manus
721 3815 808 3875 breve
820 3813 904 3882 vidit,
917 3823 948 3872 et
961 3812 1026 3871 illas

296 3908 316 3965 J
318 3930 364 3966 am
377 3929 435 3967 non
448 3928 633 3979 assemanus,
645 3911 710 3986 jam
715 3911 822 3988 pinnas
835 3928 917 3988 pesse
929 3908 1032 3975 vocari,
1046 3918 1100 3966 etc.

182 4059 249 4123 Eas
273 4069 381 4143 partes
403 4062 431 4125 si
453 4063 628 4146 componiS,
646 4063 770 4146 integer
795 4061 862 4126 fere
882 4059 1054 4144 delphinus
1074 4059 1221 4125 efficitur.

182 4176 312 4254 Similia,
325 4179 358 4241 ii.
371 4179 446 4257 346,
462 4181 504 4244 de
520 4180 732 4246 Phaethontis
748 4180 911 4246 sororibus
925 4180 959 4243 in
974 4180 1105 4244 arbores
1121 4188 1224 4240 trans-
