2812 5010
361 342 833 412 METAMORPHOSEON
856 345 948 412 LIB.
972 346 1056 414 VII.
1169 353 1234 418 iffi

179 524 205 554 “
223 515 345 592 Immo
363 516 418 592 ita
438 517 488 593 sit
499 517 533 590 !’'
561 517 767 616 Cephalus,
789 527 813 559 ‘¹
827 531 975 595 crescat
997 532 1065 598 tue
1086 524 1232 601 civibus

332 641 424 732 opto

180 746 300 836 Res,'’
314 750 384 823 ait:
406 756 432 787 “
443 747 648 824 adveniens
658 749 837 847 equidem
848 752 960 825 modo
973 751 1113 848 gaudie
1125 753 1229 852 cepi,-

179 861 306 946 Quum
325 873 402 940 tam
420 865 579 962 pulchre
595 866 699 953 mihi,
719 875 796 940 tam
815 889 883 965 par
900 876 1014 941 aetate
1026 869 1206 965 juventus

180 978 304 1052 Obvia
320 979 527 1078 processit:
556 982 695 1055 multos
713 990 840 1056 tamen
857 981 947 1055 inde
965 983 1128 1080 requiro,
1156 987 1230 1060 515

181 1092 286 1177 Quos
304 1095 497 1192 quondam
514 1095 591 1169 vidi
608 1106 734 1171 vestra
750 1097 853 1194 prius
870 1098 964 1171 urbe
981 1099 1197 1197 receptus.''

177 1210 315 1283 AEacus
333 1211 539 1308 ingemuit3
568 1212 744 1310 tristique
762 1212 816 1286 ita
832 1236 924 1288 voce
941 1213 1113 1287 locutus:

177 1324 321 1398 Flebile
337 1325 564 1424 principium
582 1328 713 1400 melior
730 1327 879 1402 fortuna
896 1337 1059 1425 sequuta
1076 1339 1147 1402 est.

177 1440 287 1513 Hanc
297 1442 441 1516 utinam
454 1464 607 1540 possem
617 1442 724 1516 vobis
735 1466 941 1517 memorare
956 1443 1037 1518 sine
1048 1443 1133 1517 illol
1153 1447 1227 1519 519

178 1557 427 1631 Ordinenunc
438 1568 625 1656 repetamt
639 1584 712 1633 neu
724 1559 1002 1656 longasmbage
1012 1582 1227 1635 morervos:

178 1671 291 1759 Ossa,
303 1673 475 1771 cinisque
485 1675 629 1771 jacent,
641 1674 797 1749 memori
813 1697 908 1771 quos
920 1685 1046 1748 mente
1056 1674 1229 1772 requiris·

177 1785 229 1860 Et
247 1797 365 1884 quota
381 1813 468 1886 pars
479 1789 541 1862 ‘illi
559 1813 684 1864 rerum
702 1790 825 1889 perire
842 1789 1032 1865 mearum!

178 1901 272 1975 Dira
287 1903 369 1977 lues
387 1902 443 1977 ira
461 1904 610 2002 populis
629 1904 653 1976 J
656 1904 790 1978 anonis
808 1903 949 2001 iniquae

176 2016 333 2105 Incidit,
353 2042 479 2092 exosae
497 2019 618 2093 dictas
637 2043 659 2092 a
677 2019 815 2119 pellice
833 2030 962 2093 terras.

179 2130 281 2204 Dum
298 2132 421 2206 visum
435 2133 595 2208 mortale
613 2132 766 2221 malum,
782 2143 976 2228 tantaeque
993 2132 1139 2207 latebat
1155 2137 1229 2207 525

207 2339 266 2387 512.
283 2337 355 2386 Immo
369 2341 404 2386 r'ta
421 2341 451 2387 sir
464 2338 513 2387 vim
530 2338 602 2389 habet
619 2355 675 2388 con·
727 2340 815 2388 lteram
828 2354 937 2396 mearam,
948 2337 1096 2388 subditorum
1115 2345 1229 2389 mearunt.

174 2410 292 2469 firmandi,
307 2412 371 2477 quod
389 2413 420 2460 eb
433 2414 508 2461 altero
524 2411 616 2462 dictum
631 2421 677 2463 est.
727 2414 781 2471 Res,
792 2420 820 2461 ut
834 2413 941 2478 πρᾶγμα
956 2420 981 2461 et
995 2415 1091 2477 χρῆμα,
1104 2411 1136 2461 de
1152 2413 1229 2462 homi·

174 2487 284 2550 Requiro,
296 2485 372 2535 sentio
381 2486 473 2535 abesse.
727 2486 805 2536 nibus.
823 2485 887 2535 Vide
898 2485 1012 2535 Gronorii
1022 2487 1082 2535 Obs.
1090 2485 1125 2535 ir.
1136 2502 1162 2552 p.
1171 2487 1228 2536 706.

207 2561 265 2610 519.
290 2560 417 2608 Memorare
433 2562 482 2608 tine
498 2561 556 2608 illa!
581 2562 676 2619 Ordine,
727 2560 801 2618 Infra,
811 2575 862 2610 ver.
873 2562 930 2609 583.
939 2577 993 2621 porr
1002 2577 1111 2609 meorum.

174 2635 238 2698 ete]
274 2633 339 2682 Libri
358 2648 448 2703 cinnes,
467 2635 606 2682 memorare!
630 2636 678 2684 sine
759 2637 817 2685 52³.
836 2636 898 2682 Dira
909 2636 957 2682 laer
967 2637 1012 2692 r'ra,
1023 2634 1083 2698 etc]
1109 2634 1230 2685 Notrbilia

175 2710 225 2756 utta
242 2708 337 2764 Ordine,
348 2714 395 2756 etc.
428 2707 475 2756 Sed
490 2724 534 2772 ego
548 2708 677 2775 Sehepperi
724 2709 864 2775 pestilentie
881 2708 1019 2773 descriptio,
1034 2710 1060 2757 in
1075 2725 1124 2773 que
1139 2711 1228 2758 Noster

174 2782 335 2847 conjecturam
359 2781 464 2847 recipere
488 2797 535 2830 non
561 2782 677 2832 dubitavi.
726 2792 841 2848 sequutus
862 2791 899 2832 est
925 2782 1071 2839 Lucretium,
1095 2782 1128 2832 vi.
1150 2783 1229 2845 ¹¹3⁶?

174 2855 357 2905 Curenimsiae
366 2857 504 2905 ulloordirre
517 2872 567 2904 rem
582 2872 677 2906 narrare
727 2856 813 2921 Virgil.
830 2856 919 2920 Georg.
938 2854 973 2904 iii.
988 2856 1037 2904 474
1052 2872 1106 2921 sqq.
1140 2855 1228 2905 Confer

173 2930 303 2979 voluissetl
320 2938 344 2978 et
361 2945 403 2978 cur
420 2938 495 2995 optet,
513 2938 541 2980 ut
559 2931 677 2980 sedunum
727 2931 826 2987 Seneca,
842 2929 923 2994 OEdip.
934 2931 966 2978 35
976 2943 1030 2993 sqq.
1064 2929 1126 2977 Dira
1141 2928 1231 2978 dicitur

173 3019 269 3053 narrare
287 3004 369 3069 possit,
385 3019 457 3069 quem
474 3012 499 3052 et
515 3011 607 3070 poterat
623 3020 677 3053 nar·
727 3003 807 3053 nDiis
816 3000 996 3051 iratisimnrisse
1004 3009 1029 3050 et
1038 3009 1124 3066 preter
1131 3001 1229 3050 modum

174 3093 236 3135 rare,
246 3085 271 3124 et
280 3090 363 3126 revere
373 3076 456 3126 ordine
467 3077 622 3127 memoravit?
645 3079 677 3127 Et
726 3091 821 3141 magne.
854 3074 894 3124 Sic
911 3077 965 3124 dira
977 3070 1076 3140 grando,
1090 3074 1231 3125 Horaouri.

173 3151 224 3200 vidi
245 3151 405 3216 conjecturam
431 3151 533 3200 eandem
556 3162 605 3201 tem
627 3151 676 3201 viro
727 3150 776 3199 Od.
788 3147 848 3198 iil.
883 3148 987 3210 Papiriis.
1007 3147 1071 3199 Vide
1089 3148 1121 3197 ad
1135 3159 1229 3198 versum

174 3225 245 3273 docto
255 3224 280 3273 in
291 3223 407 3274 Biblioth.
426 3224 507 3289 Tignr.
518 3242 543 3290 p.
553 3228 594 3275 75.
604 3242 677 3291 quarn
727 3225 784 3272 481.
820 3223 917 3286 lniqrra,
929 3222 995 3271 iretae
1007 3240 1014 3281 3
1031 3221 1082 3270 vid.
1105 3221 1228 3280 Heinsius,

174 3300 261 3348 Ienzio
278 3314 330 3348 esse
346 3300 478 3365 probatam.
511 3300 550 3348 Ac
566 3300 605 3348 hic
624 3301 677 3366 qui·
728 3298 758 3345 ad
778 3296 820 3345 Sil.
838 3295 872 3344 iii.
891 3297 915 3344 2.
959 3295 1065 3344 Incidere
1084 3296 1177 3361 proprie
1199 3295 1229 3346 de

174 3372 230 3422 dern
248 3374 309 3430 haee,
325 3389 381 3422 curn
400 3390 454 3439 sqq.
473 3389 519 3422 nea
537 3375 613 3438 longa,
631 3381 677 3421 etc.
726 3371 816 3426 morbo,
825 3367 971 3425 calamitate,
979 3369 1041 3416 melo
1049 3367 1123 3432 Apud
1132 3367 1229 3432 Thucy·

174 3447 306 3512 conjungit.
346 3449 440 3512 Regius
460 3456 539 3497 noster
558 3448 582 3495 A
604 3447 678 3495 habet
727 3444 815 3500 didem,
826 3443 903 3503 ii.,47.
914 3442 1039 3506 aliquoties
1054 3442 1127 3508 pestis
1141 3440 1229 3490 dicitur

173 3523 224 3570 tiae
237 3523 280 3569 illo
288 3538 297 3580 ,·
314 3522 340 3570 id
355 3530 399 3580 est,
411 3523 461 3571 sine
475 3522 597 3587 prooemio.
632 3522 677 3570 Or·
727 3517 869 3582 ἐμπίπτειν.
892 3518 1011 3577 Apelliae.
1029 3514 1119 3580 AEginn
1128 3531 1158 3565 ex
1168 3515 1229 3564 Jove

174 3597 229 3643 dine
249 3604 358 3656 repetere,
376 3596 474 3661 referre,
495 3595 602 3644 iormnlae
622 3601 678 3643 sunt
728 3593 831 3639 AEaeum
841 3589 949 3654 peperit:
967 3588 1000 3638 vi.
1013 3590 1069 3638 113.

174 3668 286 3717 solennes
297 3669 327 3718 de
339 3669 377 3727 iis,
387 3670 428 3735 qui
439 3685 488 3719 rem
500 3669 627 3734 diligenter
636 3684 679 3734 per
761 3665 818 3713 525.
837 3663 947 3721 Mortale,
958 3661 1072 3711 usitatum
1087 3661 1150 3711 inter
1165 3676 1228 3710 rnor-

174 3749 254 3806 pertes
264 3750 368 3792 narrent.
402 3743 482 3807 Larga
497 3747 591 3809 ambage
606 3760 680 3792 morer
730 3741 798 3795 tales,
815 3737 923 3802 adeoque
944 3735 1060 3786 naturale.
1076 3779 1078 3783 ,
1092 3734 1132 3783 Sic
1147 3735 1227 3782 irama-

174 3831 228 3872 aas,·
247 3816 491 3880 superfluaoratione.
729 3830 785 3862 aum
810 3814 906 3868 matrim,
935 3812 1038 3860 hamone
1065 3825 1109 3867 reo,
1133 3811 1228 3859 hamoni

207 3889 264 3936 522.
286 3889 317 3936 Er
341 3898 409 3951 quota
433 3906 487 3952 part
508 3888 568 3950 itti]
592 3887 676 3937 Codex
727 3903 810 3936 sensas.
844 3884 968 3947 Virgilius,
987 3883 1089 3932 AEneid.
1107 3881 1149 3930 rii.
1171 3880 1227 3931 797.

174 3955 268 4024 Regius
282 3961 386 4010 Bauio.
420 3962 540 4027 Illi,quos
558 3969 585 4009 tn
602 3976 677 4024 quon·
728 3962 811 4008 valnas
822 3954 1167 4015 marareamortaliilntum.
1189 3953 1228 4002 Ibi

174 4032 231 4082 dnm
241 4032 406 4091 vidisti,fuere
414 4035 513 4083 minime
523 4050 578 4098 pars
588 4048 678 4091 eorum,
728 4048 833 4098 quoque,
852 4039 879 4079 ut
899 4047 973 4088 nnnc,
992 4029 1105 4079 divinitus
1118 4027 1227 4079 'immisso

175 4107 217 4171 qui
234 4107 363 4173 perierunt.
405 4110 495 4164 Quotus
511 4107 636 4157 adhibetur
653 4117 678 4156 et
728 4106 867 4174 opponitur;
885 4107 927 4155 sed
944 4104 1094 4154 Schirnohius
1111 4103 1156 4152 hoc
1174 4101 1227 4150 loco

173 4181 351 4246 adaugendam
368 4192 394 4235 et
408 4184 441 4234 ed
451 4183 676 4233 minuendemrem.
727 4183 893 4246 interpretetur
913 4178 1059 4230 mortiterum
1078 4183 1161 4228 mom
1178 4175 1225 4225 lin·
1246 4242 1249 4248 Ι
