2812 5010
170 348 237 415 286
467 345 507 410 Ρ.
530 340 691 409 OVIDII
714 338 927 407 NASONIS

176 524 299 620 Inque
315 520 418 597 vices
435 516 553 605 illum,
572 526 696 591 tectos
714 514 780 613 qui
796 513 894 587 laesit
911 535 1070 600 amores,

176 639 299 715 Laedit
315 660 441 713 amore
458 634 560 734 pari:
588 634 681 732 quid
699 656 811 718 nunc,
832 629 1053 729 Hyperione
1071 639 1174 715 nate,

177 757 324 840 Forma,
343 754 520 849 calorque
537 749 620 837 tibi,
639 749 859 847 radiataque
877 747 1018 822 lumina
1035 745 1216 845 prosuntl

176 872 325 971 Nempe
344 869 418 945 tuis
436 891 567 942 omnes
585 866 651 965 qui
668 876 788 941 terras
806 864 956 961 ignibus
974 861 1065 949 uris,

176 987 307 1062 Ureris
325 988 411 1084 igne
429 1008 545 1072 nov03
563 982 707 1080 quique
725 981 851 1057 omnia
868 1003 1021 1055 cernere
1039 978 1173 1064 debes,
1238 1063 1240 1067 ¹

176 1104 417 1179 Leucotheen
435 1110 608 1199 speetas3
637 1109 676 1172 et
692 1098 835 1195 virgine
851 1096 935 1192 figis
953 1096 991 1169 in
1007 1119 1097 1181 una,
1155 1097 1219 1168 196

177 1220 282 1304 Quos
300 1218 440 1292 mundo
454 1217 585 1301 debes
599 1216 748 1303 oeulos3
778 1214 889 1289 modo
906 1212 1029 1308 surgis
1048 1211 1132 1285 Eoo
1167 1278 1171 1284 .

176 1334 529 1434 Temperiusooe103
558 1332 669 1405 modo
688 1331 805 1405 serius
824 1329 958 1403 incidis
975 1327 1111 1417 undis3

179 1450 461 1550 Spectandique
479 1471 582 1521 mora
599 1448 786 1521 brumales
802 1445 960 1545 porrigis
978 1445 1104 1520 horas.

176 1567 319 1642 Deficis
332 1566 541 1652 interdum3
559 1564 766 1661 vitiumque
780 1562 974 1637 inlumina
990 1560 1131 1635 mentis
1148 1563 1221 1633 200

176 1681 346 1770 Transit3
376 1691 415 1754 et
432 1681 615 1755 obscurus
629 1679 803 1754 mortalia
820 1690 973 1777 pectora
989 1687 1121 1751 terrea.

178 1798 274 1884 Neo,
293 1797 362 1871 tibi
381 1798 482 1894 quod
501 1795 616 1870 Lunae
635 1796 742 1871 terris
760 1795 943 1895 propioris
960 1795 1087 1890 imago

179 1913 392 2000 Obstiterit,
412 1915 531 2011 palles
546 1941 554 1988 :
584 1914 674 1989 facit
690 1915 789 1988 hunc
808 1936 911 1986 amor
928 1910 1000 1985 iste
1018 1910 1198 1983 colorem.

178 2028 315 2124 Diligis
333 2031 430 2103 hano
448 2055 583 2106 unam:
604 2056 674 2106 nee
691 2043 730 2105 te
746 2032 990 2129 Clymeneve,
1004 2027 1221 2110 Rhodosve‚

179 2145 215 2218 N
218 2169 262 2239 eo
280 2156 385 2219 tenet
403 2145 515 2219 AEaeae
534 2148 705 2244 genetrix
723 2147 976 2246 pulcherrima
989 2143 1135 2229 Circes,
1150 2145 1223 2214 205

178 2259 351 2357 Quaeque
369 2272 453 2335 tuos
473 2263 613 2360 Clytie,
633 2263 804 2360 quamvis
822 2265 1014 2360 despecta,
1035 2260 1191 2357 petebat

179 2375 439 2468 Concubitum
470 2379 628 2478 ipsoque
647 2380 709 2453 illo
728 2383 841 2477 grave
855 2380 991 2451 vulnus
1009 2376 1176 2450 habebat

176 2491 375 2593 Tempore.
413 2494 629 2585 Leucothee
646 2498 849 2570 multarum
866 2494 1004 2568 oblivia
1019 2492 1124 2579 fecit,

179 2609 316 2684 Gentis
330 2612 524 2687 odoriferae
544 2639 658 2712 quam
676 2613 944 2688 formosissima
961 2619 1072 2708 partu

178 2852 219 2916 qui
241 2854 348 2902 occultos
369 2869 460 2903 amores
480 2855 603 2913 indicarit,
620 2873 676 2906 eum
727 2856 825 2904 mamati
851 2869 892 2902 eas
921 2847 1042 2900 habebant
1067 2847 1225 2898 brevisimm.

178 2926 280 2975 vicissim
292 2943 370 2976 amore
381 2928 468 2993 injecto
479 2931 578 2979 cruciat.
604 2929 678 2979 Ludit
727 2932 859 2996 Porrigere,
877 2926 1013 2977 extendere.
1040 2925 1160 2974 Hor.III.
1178 2923 1225 2971 Od.

179 2999 281 3049 Ovidius
291 3001 379 3049 verbis.
413 3001 526 3052 Similiter
543 3020 677 3054 moxnersu
727 3004 775 3052 xvi.
796 3005 835 3051 40.
860 3019 933 3065 parva
955 3001 1076 3064 vectigalia
1100 3002 1224 3064 porrigam.

181 3073 235 3121 195.
243 3077 282 3136 qui
291 3077 522 3138 terrarigmitmuris,
533 3077 622 3134 Ureris,
631 3085 678 3126 etc.
730 3079 817 3126 Vitium
834 3079 927 3126 luminis
940 3084 976 3124 est
987 3075 1070 3139 pallor,
1082 3072 1152 3138 isque
1163 3074 1225 3122 color

214 3147 269 3196 195.
276 3146 359 3196 Verba
368 3151 566 3212 quique-apertas
577 3150 663 3215 frigida
670 3169 677 3212 ;
727 3152 866 3201 amantium.
883 3150 936 3199 Art.
949 3149 1031 3198 Amat.
1045 3148 1063 3196 i.
1074 3150 1133 3198 729.
1165 3148 1224 3197 Inde

178 3228 203 3268 et
221 3221 353 3285 sequentia,
373 3233 394 3269 et
415 3225 619 3288 virgine-oculor,
639 3225 676 3274 in·
728 3241 827 3276 acumen
847 3225 899 3274 hoe.
927 3225 967 3273 Sol
985 3231 1064 3273 autem
1080 3222 1185 3289 pallidus
1203 3230 1226 3271 et

178 3293 302 3344 toleranda
318 3294 431 3344 videntur
447 3297 591 3356 Sohirachio,
605 3298 678 3364 idque
727 3302 841 3350 obscurus
858 3299 919 3349 inter
932 3300 996 3347 mala
1010 3298 1127 3362 presagia
1142 3299 1225 3346 refere-

174 3369 239 3435 jure.
265 3370 359 3436 Nempe
370 3380 492 3435 argutatus
502 3381 539 3421 est
549 3372 573 3420 in
584 3363 682 3422 accom-¹
727 3375 806 3425 batur.
828 3374 897 3438 Virg.
908 3374 996 3437 Georg.
1005 3371 1023 3420 i.
1034 3373 1081 3420 464
1098 3387 1155 3437 sqq.
1188 3372 1225 3420 Sic

177 3444 297 3493 modanda
308 3445 393 3495 amoris
404 3444 428 3494 vi
440 3447 471 3495 ad
482 3446 543 3496 Solis
558 3456 676 3499 naturam.
728 3459 798 3498 terret
815 3450 921 3498 mortalia
939 3457 1032 3511 pectora
1050 3449 1125 3496 Luna
1143 3451 1225 3512 imago,

177 3519 248 3577 Tum,
268 3535 313 3568 nec
335 3520 427 3586 longior
453 3522 505 3570 hee
526 3523 677 3589 apostrophe,
726 3521 856 3588 lunaipsa.

178 3609 222 3644 nec
238 3610 291 3660 quae
308 3595 330 3644 ei
350 3596 440 3653 insunt,
457 3597 545 3663 puella
562 3599 676 3647 confabu-
759 3599 816 3646 204.
835 3597 951 3661 Clymene,
970 3603 1046 3643 mater
1060 3593 1225 3651 Phaethontis,
1250 3638 1253 3643 ,

178 3668 237 3718 lauti
249 3670 399 3719 conveniunt.
727 3672 758 3721 de
779 3688 827 3737 qua
844 3672 861 3720 i.
880 3672 937 3720 756.
970 3671 1069 3726 Rhodos,
1090 3668 1140 3717 filia
1160 3669 1226 3735 Nep-

213 3745 268 3792 198.
287 3745 417 3806 Temperies
432 3745 573 3810 (maturius)
585 3745 677 3812 antiqui
727 3746 789 3803 tuni,
801 3762 855 3811 quae
870 3761 899 3794 ex
916 3760 1052 3809 compressu
1062 3742 1125 3790 Solis
1134 3751 1227 3808 septem

179 3816 297 3875 dixerunt,
316 3823 438 3881 temporius
454 3820 608 3870 recentiores:
623 3820 678 3870 vide
727 3820 796 3878 filios,
810 3819 925 3868 Heliades
939 3834 954 3867 a
972 3825 1040 3883 patre
1058 3817 1143 3872 dictos,
1155 3832 1227 3881 pepe·

179 3889 277 3941 Manet.
289 3892 319 3940 ad
331 3892 386 3941 Cio.
399 3894 444 3942 IX.
455 3893 532 3958 Epist.
544 3893 594 3942 rvi.
617 3895 676 3942 Por·
727 3894 766 3943 rit.
798 3895 870 3951 AEaeu,
881 3893 1003 3950 Colchica,
1018 3892 1049 3940 ab
1061 3892 1118 3947 AEa,
1131 3888 1227 3938 Colchi-

178 3966 245 4028 rigis,
257 3965 340 4030 longas
355 3967 414 4016 sacis
425 3968 574 4017 brevissimas
587 3969 677 4018 brume
727 3967 765 4017 dis
781 3969 847 4025 orbe,
860 3969 935 4025 Circe,
946 3982 1009 4016 soror
1020 3967 1114 4022 Aeeta,
1125 3963 1226 4013 Colcho

179 4036 256 4087 horas.
289 4039 392 4088 Romani
406 4057 480 4106 quum
500 4043 530 4089 ab
547 4051 599 4091 ortu
617 4043 678 4093 Solis
727 4058 779 4090 rum
797 4042 868 4106 regis,
879 4044 974 4090 AEaeam
992 4040 1094 4089 insulam
1113 4039 1226 4088 incolens.

178 4112 299 4176 usquead
315 4129 427 4163 occasum
442 4115 493 4163 XII
510 4115 579 4165 boras
594 4133 677 4166 uume-
726 4115 807 4165 Mater
823 4115 870 4165 suit
886 4116 967 4173 Persa,
984 4113 1076 4165 Oceani
1094 4112 1152 4170 filia,
1168 4128 1226 4178 qua·

177 4193 258 4235 mrem
283 4202 325 4253 per
353 4195 428 4236 totum
453 4202 550 4246 annum,
573 4197 676 4255 tempore
726 4204 782 4238 cum
792 4189 922 4240 concubuit
933 4188 1056 4239 Sol:vide
1067 4187 1168 4238 Homeri
1179 4186 1225 4236 Od.
