2812 5010
180 334 257 403 xxvi
355 337 360 343 ’
573 333 831 399 PRAEFAT10
904 388 907 393 .

120 572 122 579 ,
182 512 347 586 varietate,
362 519 399 573 ut
413 529 498 573 nunc
512 507 666 583 historici,
682 529 768 571 nunc
783 507 949 572 dramatici
968 517 1078 591 partes
1093 518 1225 593 ageret;

181 653 246 714 qua
259 630 336 715 ipsa
344 650 379 693 re
392 627 565 713 plurimum
578 628 691 712 gratiae
705 627 836 692 carmini
851 625 1048 691 conciliatur.

225 749 335 813 Primo
356 749 520 832 ingenium
533 746 645 812 lectori
664 748 697 810 in
716 746 1049 812 transformationibus
1071 746 1149 829 ipsis
1170 745 1226 810 de-

181 869 358 934 scribendis
378 870 556 955 approbat;
582 869 615 931 in
640 889 720 951 quas
744 866 829 931 enim
853 865 929 929 novi
950 864 1094 948 corporis
1116 874 1226 947 partes

180 988 307 1075 singula
320 989 431 1053 formae
445 988 559 1074 prioris
574 986 717 1051 membra
730 983 924 1060 transierint,
934 981 1118 1046 suavissime
1134 1003 1227 1045 enar-

179 1118 240 1186 rat,
256 1119 353 1194 atque
370 1109 414 1171 ita
432 1106 604 1171 multorum
621 1103 839 1178 animantium,
854 1100 1027 1166 multarum
1040 1102 1117 1165 item
1131 1100 1225 1164 arbo·

179 1229 251 1291 ruin
265 1226 460 1311 aliarumque
475 1248 583 1290 rerum
600 1233 747 1287 naturam
765 1220 898 1285 mirifice
913 1220 1037 1305 pingit.=
1070 1218 1178 1303 Cycno
1192 1218 1225 1281 in

177 1345 332 1410 avemsui
346 1345 482 1409 nominis
495 1343 683 1419 transeunti,
698 1342 731 1404 ii.
747 1341 828 1404 373:

277 1552 279 1558 Α
412 1485 481 1544 Vox
494 1495 539 1544 est
551 1495 671 1544 tenuata
683 1485 754 1552 viro,
768 1503 901 1560 canaque
914 1483 1031 1561 capillos

297 1580 491 1639 Dissimulant
505 1580 620 1659 plumoe,
634 1579 797 1657 collumque
809 1600 826 1637 a
838 1589 953 1657 pectore
965 1578 1083 1656 longum

294 1675 468 1754 Porrigitur,
483 1675 644 1753 digitosque
656 1674 728 1753 ligat
738 1675 876 1751 junctura
888 1675 1041 1732 rubentes:

296 1757 397 1829 Penne
410 1770 486 1829 latus
496 1770 605 1840 vestit;
626 1780 709 1829 tenet
723 1790 753 1829 os
766 1770 829 1828 sine
841 1769 972 1828 acumine
985 1778 1117 1827 rostrum.

177 1911 245 1976 Ubi
267 1913 319 1989 Io,
343 1913 539 1977 concedente
564 1911 704 1990 Junone,
733 1913 874 1998 priorem
899 1911 1033 1983 formam
1060 1912 1174 1997 recipit
1203 1937 1223 1977 a

179 2029 273 2109 Jove,
288 2031 309 2093 i.
323 2030 406 2094 739:

567 2133 698 2212 Fugiunt
712 2156 729 2195 e
741 2155 855 2214 corpore
868 2146 945 2204 sete,

295 2225 410 2284 Cornua
423 2225 600 2295 decrescunt,
614 2227 648 2286 fit
661 2228 778 2288 luminis
791 2230 893 2288 arctior
905 2229 989 2298 orbis,

295 2320 485 2379 Contrahitur
497 2319 597 2390 rictus,
612 2323 734 2384 redeunt
747 2326 916 2404 humerique
929 2345 1088 2404 manusque
1095 2348 1105 2397 3

297 2407 473 2493 [Rigulaque
485 2416 516 2472 in
529 2415 630 2493 quinos
644 2416 753 2499 dilapsa
767 2422 927 2480 absumitur
940 2437 1059 2493 ungues.

295 2509 343 2568 De
355 2510 427 2569 bove
440 2510 483 2568 nil
496 2521 636 2588 superest,
650 2511 748 2568 formoe
760 2510 816 2568 nisi
829 2509 942 2578 candor,
952 2510 985 2566 in
997 2510 1065 2580 illa3

295 2603 453 2681 Officioque
466 2604 573 2683 pedum
588 2598 726 2684 Nymphe
740 2615 874 2664 contenta
887 2604 1009 2664 duorum

294 2698 437 2775 Erigitur,
450 2698 613 2777 metuitque
626 2699 715 2777 loqrfi,
729 2720 766 2759 ne
779 2720 857 2759 more
867 2701 999 2776 juvencoe

295 2792 423 2869 Mugiat,
438 2801 467 2851 et
481 2793 582 2851 timide
596 2796 683 2853 verba
695 2794 858 2853 intermissa
870 2804 1005 2853 retentat.

174 2942 336 3026 Lycaeos
345 2953 489 3030 agrestes
501 2943 628 3010 Latona
639 2969 733 3011 ranas
745 2970 827 3024 esse,
838 2947 878 3011 vi.
890 2948 965 3024 370,
976 2949 1082 3032 jubet.
1107 2947 1222 3033 Itaque

644 3062 735 3122 Juvat
748 3065 804 3123 isse
817 3065 870 3124 sub
883 3065 975 3124 undas

263 3236 265 3240 Ι
293 3156 336 3214 Et
349 3156 431 3214 modo
443 3166 505 3216 tota
518 3177 586 3217 cava
598 3160 780 3237 submergere
793 3160 922 3219 membra
935 3159 1050 3238 palude,

294 3250 384 3308 Nunc
397 3252 523 3329 proferre
537 3255 635 3331 caput,
648 3274 759 3313 summo
772 3255 855 3314 modo
868 3256 982 3333 gurgite
996 3275 1074 3324 nare,

295 3344 377 3423 Saepe
391 3365 478 3423 super
489 3347 581 3425 ripam
594 3350 689 3426 stagni
703 3350 858 3419 considere,
872 3369 948 3427 saepe

294 3437 331 3496 In
344 3438 452 3516 gelidos
465 3439 574 3500 resilire
587 3441 783 3501 lacus-—

274 3591 277 3596 .
293 3531 361 3591 Vox
375 3553 487 3612 quoque
496 3536 557 3612 jam
569 3557 656 3595 rauca
669 3548 723 3608 est,
737 3538 892 3616 inflataque
902 3537 974 3597 coila
986 3550 1161 3607 tumescunt,

253 3649 254 3653 ¹
293 3626 418 3706 Ipsaque
431 3627 553 3688 dilatant
566 3630 680 3708 patulos
693 3632 820 3690 convicia
833 3632 930 3690 rictus.

250 3724 251 3727 ’
293 3719 390 3799 Terga
403 3732 490 3800 caput
504 3733 648 3800 tangunt3
670 3724 741 3783 colla
754 3727 915 3802 intercepta
927 3725 1080 3796 ridentum

294 3812 385 3893 Spina
397 3816 490 3886 riret;
511 3829 621 3888 venter,
636 3840 701 3898 pars
715 3821 840 3880 maxima
853 3820 986 3897 corporis,
1000 3820 1095 3891 albet;

290 3907 460 3988 Limosoque
473 3931 552 3971 novoe
565 3912 673 3972 saliunt
686 3914 718 3972 in
730 3914 846 3991 gurgite
858 3933 942 3970 rann.

179 4033 354 4118 Ocprrlroe,
378 4038 572 4104 vaticinandi
596 4042 712 4126 perita,
726 4042 871 4126 primum
894 4046 1072 4128 praesentit,
1090 4046 1122 4109 ii.
1144 4048 1220 4124 561,

174 4149 241 4216 fata
256 4174 330 4217 sua:
