2812 5010
150 323 214 390 114
414 385 419 395 ,
440 320 480 385 Ρ.
504 317 667 386 OVIDII
690 314 903 383 NASONIS

150 496 224 583 Illa
240 496 333 585 levi;
364 518 489 591 neque
508 494 555 567 ad
573 495 660 591 haec
672 490 880 573 revocantis
897 490 1013 563 verba
1029 487 1196 567 resistit:

152 620 175 649 ‘⁴
196 594 389 711 Nympha,
417 634 561 710 precor,
590 608 721 696 Penei,
750 632 882 682 mane:
915 631 990 680 non
1018 605 1200 702 insequor

302 727 433 801 hostis.

154 844 347 942 Nympha,
365 867 488 916 mane.
528 839 592 913 Sic
617 864 714 936 agna
732 838 877 937 lupum,
907 837 960 910 sic
984 860 1094 911 cerva
1121 835 1198 908 leo-

303 983 403 1046 nem,
1125 954 1199 1025 505

155 1076 219 1150 Sic
239 1075 403 1174 aquilam
421 1098 545 1173 penna
561 1071 711 1169 fugiunt
728 1071 940 1169 trepidante
958 1069 1164 1155 columbae3

155 1191 295 1267 Hostes
324 1216 486 1291 quaeque
513 1215 614 1264 suos.
660 1189 777 1262 Amor
801 1197 859 1262 est
883 1186 974 1260 mihi
1001 1207 1118 1258 causa
1141 1208 1198 1257 se-

307 1307 461 1406 quendi.

155 1424 222 1499 Me
241 1423 437 1498 miserum!
465 1447 512 1497 ne
530 1445 648 1521 prona
664 1422 792 1507 cadas,
812 1419 1011 1515 indignave
1028 1417 1114 1491 laedi

158 1542 279 1615 Crura
292 1553 421 1615 secent
437 1550 583 1628 sentes3
602 1549 641 1614 et
651 1537 721 1611 sim
731 1537 799 1611 tibi
810 1559 925 1610 eausa
934 1533 1073 1608 doloris
1087 1560 1095 1607 ε
1126 1535 1200 1605 509

157 1657 315 1756 Aspera,
336 1680 413 1754 qua
429 1679 622 1754 properas,
638 1655 722 1727 loca
740 1661 843 1725 sunt:
864 1649 1106 1734 moderatim,
1122 1672 1200 1748 oro,

159 1772 291 1859 Curre,
302 1771 506 1870 fugamque
517 1772 662 1860 inhibe;
676 1768 905 1845 moderatius
916 1769 1094 1869 insequar
1104 1765 1200 1864 ipse.

160 1888 233 1962 Cui
250 1889 415 1986 placeas
435 1888 580 1986 inquire
597 1898 745 1962 tamen:
775 1910 849 1959 non
867 1883 990 1957 incola
1006 1881 1158 1967 montis,

158 2004 244 2078 Non
263 2029 333 2101 ego
352 2029 436 2077 sum
453 2013 602 2102 pastor:
631 2028 705 2077 non
723 2002 784 2075 hic
801 2009 981 2086 armenta,
1001 2021 1183 2097 gregesve

160 2308 213 2373 ipsa
223 2308 295 2356 verba
305 2305 399 2364 laudat,
412 2315 436 2356 et
447 2324 488 2373 pro
499 2311 517 2356 si
528 2324 573 2372 qua
583 2307 658 2357 habet
707 2307 775 2356 detur
793 2307 877 2355 Horat.
893 2307 916 2354 Ι.
937 2304 985 2353 Od.
1003 2302 1069 2352 xxiii.
1084 2304 1116 2351 9:
1133 2303 1207 2365 Atqui

160 2399 258 2446 queque.
283 2381 330 2430 Sed
348 2381 409 2430 illud
428 2382 568 2446 elegantius.
593 2381 657 2432 Vide
707 2401 752 2431 aon
763 2400 803 2447 ego
814 2392 843 2440 te,
855 2383 922 2446 tigris
932 2389 960 2428 ut
974 2395 1062 2441 aspera,
1075 2377 1207 2426 Getulasve

162 2457 192 2505 ad
204 2456 268 2505 Plin.
280 2456 301 2505 Ι.
312 2456 357 2520 Ep.
368 2456 384 2505 i.
709 2456 869 2522 leafraagere
879 2471 1006 2520 persequor.

195 2533 251 2580 503.
263 2531 341 2594 Neque
354 2533 385 2579 ad
401 2529 466 2592 icta]
486 2531 542 2595 Seq.
554 2529 659 2579 oratione
708 2580 712 2587 ,
741 2533 797 2581 506.
809 2532 902 2588 Petrae,
919 2529 973 2587 alre,
988 2529 1109 2591 eleganter
1123 2525 1208 2574 dicun-

161 2607 246 2673 probat
263 2613 341 2669 009ῑᾶ,
361 2604 434 2668 quod,
453 2603 478 2651 11·
497 2605 553 2653 846·
572 2611 659 2661 mmet,
709 2618 747 2657 tur
763 2609 886 2669 trepidare,
901 2621 976 2669 quum
993 2619 1041 2669 prae
1060 2609 1125 2650 metu
1144 2601 1206 2650 ceie-

163 2695 211 2727 non
224 2680 286 2726 bene
299 2677 433 2734 convenire,
444 2692 488 2726 nec
502 2692 551 2725 una
566 2676 660 2725 insede
709 2684 765 2731 riter
778 2687 910 2730 moventur.
936 2679 976 2729 Cf.
986 2695 1009 2727 v.
1021 2679 1085 2736 605;
1098 2674 1139 2724 vii.
1149 2677 1207 2724 382.

163 2750 248 2799 morari
261 2751 409 2815 majestatem
421 2758 446 2799 et
456 2766 567 2799 amorem.
593 2751 660 2798 Dum
709 2755 792 2805 Florus
811 2754 862 2803 ΙΙΙ,
880 2770 904 2802 x.
925 2753 964 2801 17.
986 2752 1127 2811 trepidantia
1147 2748 1208 2798 adeo

164 2824 228 2872 enim
247 2824 331 2872 insano
356 2839 434 2872 amore
455 2822 547 2872 incitati
566 2823 661 2888 juvenis
710 2839 818 2892 carpenta
844 2827 913 2876 dixit.
954 2823 1100 2890 Exquisitius
1122 2821 1208 2888 virgil.

165 2914 240 2946 mores
254 2906 327 2955 notat,
337 2897 463 2947 'ridendum
480 2896 552 2946 tradit
569 2897 661 2962 sapien·
711 2902 809 2953 AEneid.·
819 2921 843 2952 v.
854 2904 911 2951 505.
921 2903 998 2949 timuit
1006 2900 1087 2962 pennis
1096 2899 1152 2946 aler.

166 2971 205 3019 tire
216 2972 305 3028 Deum,
321 2971 362 3036 qui
377 2979 448 3019 antea
463 2971 614 3036 contemptim
632 2971 662 3020 de
744 2978 801 3025 508,
820 2977 899 3025 Prona
917 2970 1006 3036 cadri]
1028 2973 1101 3020 Proui
1120 2969 1209 3020 cadunt

166 3044 290 3111 Cupidinis
304 3045 357 3094 telis
372 3054 396 3094 et
410 3061 487 3094 amore
501 3045 594 3094 locutus
604 3053 663 3095 erat.
712 3059 832 3101 currentes
840 3070 848 3112 ;
865 3052 950 3114 rupini,
967 3049 1008 3113 qui
1028 3044 1210 3095 interficiuntur.

166 3119 251 3183 ltaque
272 3134 316 3167 nec
335 3118 429 3167 dubitat
450 3135 513 3175 eum,
534 3135 584 3168 ver.
606 3120 663 3169 533.
713 3126 816 3190 Indigna
828 3127 950 3190 tertiaque
961 3117 1210 3170 nonmerenturlaedi.

167 3209 222 3241 cum
236 3208 295 3241 cane
310 3192 415 3257 leporem
431 3202 586 3258 persequente
599 3209 663 3242 corn-
715 3199 858 3263 Plerumque
876 3199 999 3261 iudignum
1019 3193 1126 3242 absolute
1144 3192 1211 3258 ponit

166 3282 259 3332 parare.
292 3265 338 3314 Sed
360 3266 432 3315 etiam
451 3267 567 3315 Homerus
587 3268 663 3316 multa
713 3271 808 3329 Noster,
816 3269 1029 3337 suppressoverbo‚
1039 3267 1130 3315 arear.
1146 3264 1210 3314 Vide

164 3340 222 3407 ‚Diis
232 3340 331 3405 indigna
342 3340 418 3397 finxit,
431 3350 458 3387 ut
468 3340 499 3388 11.
509 3346 540 3390 Α.
551 3342 599 3390 540
609 3357 662 3406 sqq.
713 3346 780 3394 Cort.
793 3345 823 3393 ad
834 3345 931 3394 Sallust.
943 3343 997 3391 Cat.
1008 3341 1049 3390 51.
1060 3341 1101 3389 27.
1117 3341 1177 3388 Hor.
1188 3341 1209 3388 Ι.

166 3431 216 3464 ver.
228 3415 276 3463 506
286 3430 338 3479 sqq.
372 3413 401 3462 Id
412 3415 486 3463 multo
497 3415 572 3479 magis
583 3414 612 3483 in
618 3415 663 3464 hoc
713 3419 761 3468 0d.
773 3419 832 3468 xvii.
843 3421 888 3468 28:
906 3419 1000 3466 Sriadut
1017 3418 1154 3464 immeritum
1170 3431 1208 3463 oe·

166 3488 390 3554 Metamorphoseon
408 3505 478 3554 opere
498 3488 605 3555 excusari
621 3490 663 3538 de·
712 3503 775 3543 stem.

166 3566 216 3613 bet.
249 3563 375 3628 Ingenium
385 3563 482 3628 quidem
494 3563 575 3613 Ovidii
588 3564 613 3612 in
626 3565 663 3614 his
710 3619 713 3629 ‚
746 3563 1212 3630 sonantur]Virgil.Ecl.x.49:Titi

161 3632 262 3705 [quoque
284 3654 404 3702 agnosces.
441 3638 570 3688 Commode
591 3638 663 3687 etiam
714 3653 840 3692 retineres
853 3644 1094 3706 glattesseceraspera
1109 3640 1211 3699 plantas.

167 3713 244 3762 multa
256 3729 286 3761 ex
298 3711 453 3777 mythologie,
464 3713 559 3778 quaepad
571 3712 664 3778 Apolli·
712 3708 753 3766 ¹Ita
762 3734 836 3767 secure
845 3724 870 3766 et
881 3717 968 3780 Georg.
977 3714 1013 3763 iii.
1025 3714 1082 3762 444.
1146 3729 1148 3732 ·

168 3803 222 3835 nem
232 3787 341 3850 pertinet,
353 3786 486 3837 admiscuit.
516 3789 553 3836 Ad
564 3789 616 3845 hee,
628 3787 664 3836 his
747 3793 804 3840 512.
815 3791 836 3837 T
835 3806 906 3846 amen,
916 3787 1034 3854 precantis
1044 3794 1095 3835 est:
1106 3785 1213 3844 tandem,

169 3859 265 3917 auditis,
276 3860 310 3908 iii.
321 3862 379 3911 245.
398 3861 436 3909 Sic
448 3871 472 3910 et
482 3865 522 3910 sub
532 3859 564 3912 iv.
575 3864 631 3912 522.
715 3881 803 3929 quaeso.
831 3865 847 3914 J
849 3879 887 3911 am
897 3861 989 3927 incipit,
1000 3877 1064 3910 more
1078 3875 1212 3925 procorum,

148 3933 150 3938 '
202 3935 259 3999 504.
272 3934 364 3996 Penei]
378 3935 424 3982 Pro
436 3935 600 4000 Peneiu,quod
611 3936 664 4003 plu·
714 3937 854 4002 dignitatem
873 3952 941 3985 suam
960 3944 984 3984 et
997 3934 1097 3984 'virtutes
1113 3934 1215 3999 jactare.

127 4071 129 4075 ι
169 4005 230 4054 rimi.
247 4005 304 4054 Vid.
312 4007 342 4054 de
353 4006 396 4055 illa
404 4009 479 4058 forma
487 4010 570 4058 Heius.
578 4010 607 4058 ad
617 4012 641 4058 h.
649 4010 665 4059 l.
716 4012 873 4061 Cf.ver.595.
884 4009 917 4059 ix.
926 4009 980 4060 init.
1005 4011 1037 4059 Et
1047 4009 1163 4058 hebemus
1174 4007 1213 4056 hic

114 4141 121 4151 Η
170 4087 194 4128 et
206 4079 287 4128 Bentl.
299 4079 330 4128 ad
340 4081 424 4130 Horat.
435 4082 457 4129 Ι.
467 4082 515 4132 0d.
524 4083 589 4132 xxvi.
599 4086 623 4132 9.
715 4086 794 4133 locum
802 4084 873 4133 class.
882 4084 911 4133 de
922 4081 1011 4132 artibus
1017 4081 1145 4148 Apollinis.
1166 4083 1215 4130 Eas

153 4200 167 4227 Α,
204 4154 259 4203 505.
271 4154 308 4203 Sic
319 4172 389 4219 ogau,
400 4154 460 4219 ete]
471 4157 620 4223 Expressisse
630 4158 665 4208 vi-
716 4157 1113 4208 veroomatecircumlocutusest.
1154 4171 1156 4177 ·
1229 4163 1231 4167 “
