2812 5010
175 334 242 400 340
473 333 514 398 Ρ.
536 330 700 397 OVIDII
725 330 938 398 NASONIS

100 594 103 602 ,
177 508 387 582 Circueunt
403 530 521 581 unum
538 504 706 581 Phineus
724 506 882 581 etmille
896 507 1050 605 sequuti
1162 513 1226 584 157

175 626 343 699 Phinea:
372 625 449 698 tela
462 624 589 697 volant
605 622 763 697 hiberna
779 622 962 719 grandine
980 624 1090 722 plura
1141 629 1225 710 [res.

176 740 320 816 Praeter
328 752 532 837 utrumque
545 741 657 831 latus,
669 750 882 840 praeterque
901 749 940 815 et
952 741 1093 829 lumen,
1108 751 1148 816 et
1165 768 1226 817 au·

177 858 358 958 Applicat
370 858 457 931 hinc
475 857 651 931 humeros
666 858 714 931 ad
731 882 878 953 magnae
888 881 992 931 saxa
1003 859 1208 946 columnae3

176 975 351 1073 Tutaque
360 987 469 1072 terga
479 1000 626 1072 gerenS,
636 975 869 1072 adversaque
879 973 918 1046 in
927 974 1224 1070 agminaversus,

178 1092 350 1167 Sustinet
366 1093 572 1166 instantes:
602 1093 794 1166 instabant
810 1100 917 1189 parte
936 1091 1089 1164 sinistra

177 1210 370 1284 Choanius
389 1209 579 1307 Molpeus‚
599 1209 735 1283 dextra
753 1206 962 1281 Nabataeus
981 1207 1184 1282 Ethemon.

175 1327 299 1423 Tigris
317 1337 371 1413 ut,
391 1324 531 1399 auditis
549 1325 696 1399 diversa
712 1324 809 1398 valle
827 1323 985 1396 duorum
1236 1396 1239 1403 ,

176 1442 430 1516 Exstimulata
446 1442 545 1515 same
563 1439 770 1537 mugitibus
788 1443 1052 1523 armentorum,
1158 1442 1224 1513 165

176 1559 323 1644 Nescit,
343 1568 427 1632 utro
446 1557 571 1655 potius
594 1566 697 1644 ruat3
727 1566 766 1628 et
788 1578 897 1628 ruere
915 1556 1022 1628 ardet
1032 1564 1222 1651 utroque:

177 1675 242 1748 Sic
260 1674 398 1748 dubius
418 1674 594 1759 Perseus
614 1672 751 1746 dextra
767 1673 910 1745 laevane
928 1670 1081 1758 seratur,

176 1790 332 1889 Molpea
347 1790 497 1887 trajecti
515 1789 703 1864 submovit
719 1790 872 1863 vulnere
890 1788 1007 1861 cruris
1021 1816 1029 1876 3

177 1906 468 2002 Contentusque
492 1903 582 2000 fuga
603 1915 683 1979 est:
712 1929 838 2002 neque
866 1903 965 1978 enim
991 1905 1058 1976 dat
1075 1913 1224 2002 tempus

327 2022 528 2110 Ethemon,

179 2139 257 2213 Sed
274 2138 383 2227 furit;
405 2148 456 2225 et,
471 2139 630 2236 cupiens
648 2141 724 2213 alto
743 2140 833 2213 dare
849 2139 1006 2211 vulnera
1022 2138 1133 2226 collo,
1157 2143 1223 2211 170

174 2255 213 2328 N
215 2279 264 2327 on
281 2255 566 2354 circumspectis
582 2266 759 2330 exactum
776 2254 917 2329 viribus
936 2278 1064 2328 ensem

176 2369 326 2467 Fregit3
356 2381 395 2445 et
413 2381 584 2445 extrema
600 2395 787 2469 percussae
807 2380 912 2468 parte
930 2371 1118 2444 columnae

209 2622 264 2670 158.
285 2621 400 2678 Hiberna,
422 2635 495 2685 quam
519 2618 629 2686 procelle
650 2619 675 2668 in
725 2621 869 2686 temporibus
896 2635 952 2685 pars
978 2617 1044 2684 Epiri
1067 2618 1224 2668 habitabatur.

175 2700 262 2742 terram
277 2694 401 2759 dejiciunt.
425 2696 484 2743 AEn.
501 2711 525 2742 x.
541 2695 587 2742 001
604 2710 673 2758 sqq.:
725 2695 818 2753 Strabo,
839 2712 865 2760 p.
887 2696 935 2744 498
947 2711 955 2754 ;
983 2693 1047 2742 Plin.
1068 2693 1102 2742 iv.
1128 2691 1229 2759 prooem.

178 2768 275 2831 Telaque
302 2770 543 2830 coniciunt-velut
568 2767 676 2833 effusuri
725 2771 793 2818 Male
812 2778 892 2819 autem
916 2771 1031 2818 Chaonias
1057 2776 1082 2817 et
1104 2769 1225 2818 Nubamus

176 2844 266 2904 picando
288 2844 403 2906 grandine
425 2844 495 2890 nimbi
514 2841 674 2904 Praecipitant.
725 2844 793 2908 (vide
804 2845 836 2893 ad
845 2844 863 2893 i.
876 2843 929 2907 61.)
944 2843 983 2892 hic
996 2843 1140 2908 junguntur.
1172 2843 1224 2892 Non

176 2915 215 2964 Cf.
228 2914 261 2963 ix.
273 2916 329 2964 668.
352 2914 425 2979 Apud
442 2915 581 2972 Homerum,
597 2915 628 2964 Il.
640 2921 675 2965 M.
725 2918 797 2983 igitur
817 2918 926 2968 dubitavi
945 2934 959 2966 e
977 2917 1074 2982 Micylli
1090 2917 1226 2983 conjectura

176 2989 231 3037 156.
252 3005 308 3038 vero
329 2990 377 3038 tola
399 2987 496 3054 νιφάδες
518 2989 551 3047 ὥς
576 2989 674 3040 πίπτον
728 2992 979 3041 Choaninsexhibere:
992 2990 1224 3056 probateametiam

174 3061 252 3126 ἔραζε.
280 3062 501 3126 Praetcrutrumque
512 3065 590 3122 lutus,
605 3063 675 3128 juxta
724 3066 844 3115 Harduin.
864 3066 895 3114 ad
915 3065 1032 3120 Plinium,
1050 3063 1084 3114 vi.
1101 3066 1134 3113 28
1151 3081 1171 3114 s.
1187 3066 1224 3113 ³2.

174 3144 301 3201 utrumque
321 3138 390 3193 latus,
409 3146 434 3185 et
449 3136 559 3198 dextrum
576 3146 600 3186 et
617 3137 674 3186 sini·
725 3141 766 3189 ubi
777 3140 808 3190 de
821 3141 926 3189 Chaonia
959 3139 1056 3208 Arabia
1073 3139 1167 3197 incolis,
1177 3139 1224 3203 agi-

176 3221 259 3268 strum,
272 3227 393 3277 propeque
403 3220 428 3261 et
438 3212 519 3260 oculos
531 3220 555 3260 et
566 3228 642 3260 aures.
725 3223 771 3263 tur.
808 3216 893 3280 Tigris,
913 3223 960 3264 ete.
987 3216 1054 3263 Bene
1076 3213 1172 3264 delecta
1196 3213 1225 3262 si·

210 3287 266 3335 160.
284 3287 393 3350 Applicat
410 3288 463 3335 hinc
482 3289 592 3344 humeros,
611 3288 672 3351 eto]
725 3289 845 3339 militudo.
875 3292 976 3338 Homer.
988 3287 1158 3353 veroetVirg.
1169 3290 1224 3337 AEn.

175 3360 281 3410 Similem
298 3360 432 3409 Alexandri
449 3376 554 3425 pugnarn
571 3362 675 3410 referunt
725 3363 757 3411 ix.
779 3365 837 3413 339.
860 3381 914 3414 curn
936 3365 997 3412 leone
1020 3367 1117 3426 impasto
1140 3362 1223 3427 potius,

175 3435 243 3487 Curt.
259 3434 293 3484 ix.
311 3438 334 3484 5.
352 3443 377 3484 et
394 3435 484 3485 Justin.
500 3433 542 3484 xii.
558 3437 582 3483 9.
603 3452 675 3499 quam
725 3453 796 3502 quem
818 3457 901 3488 vesana
912 3440 990 3504 fames
1008 3439 1124 3494 stimulat,
1143 3437 1223 3486 sortem

175 3509 273 3558 minime
289 3508 436 3567 credibilem,
447 3516 472 3558 et
489 3525 518 3558 ex
536 3509 582 3558 hac
594 3510 675 3560 Persei
723 3514 863 3564 bellatorem
874 3520 1021 3578 comparant.
1039 3512 1140 3560 Diversa
1150 3513 1221 3569 nullm

175 3584 258 3633 fabula
274 3583 354 3632 fictam
373 3592 443 3650 putat
458 3586 541 3634 Burm.
560 3588 675 3647 applicare
723 3588 748 3635 in
759 3597 826 3653 parte
837 3587 933 3637 diversa
943 3586 1021 3636 vallis.

174 3659 240 3707 verb.
245 3674 324 3725 propr.
332 3657 357 3707 in
368 3658 412 3708 hac
424 3675 458 3708 re.
485 3662 523 3709 Ad
533 3661 674 3717 memsuis.
758 3664 812 3711 170.
824 3663 921 3718 Furere,
929 3660 1070 3727 μαίνεσθαι,
1078 3657 1156 3715 θύειν,
1165 3673 1223 3723 sepe

173 3731 244 3780 Atria
260 3740 339 3780 autem
354 3733 434 3782 media
445 3753 532 3800 nmgnc
543 3733 600 3783 olim
611 3733 673 3782 inni·
722 3737 784 3784 bono
794 3753 863 3786 sensu
874 3737 904 3786 de
915 3735 991 3784 milite
1000 3733 1087 3783 acriter
1097 3739 1224 3799 pugnante.

174 3808 285 3855 tebantur
295 3810 412 3856 columna.
723 3811 829 3860 Bruclh.
844 3812 875 3860 ad
892 3812 1000 3876 Propert.
1010 3809 1057 3858 IV.
1068 3809 1100 3857 vi.
1111 3809 1160 3856 56:
1184 3805 1223 3855 sed

208 3881 265 3928 162.
275 3879 417 3944 instabant]
431 3880 533 3931 Codices
544 3881 624 3939 nostri,
635 3885 672 3931 in·
721 3883 786 3933 idem
804 3893 829 3934 et
845 3885 958 3934 iratorum
976 3890 1020 3932 est.
1054 3882 1110 3930 Non
1127 3885 1224 3930 circan-

173 3957 255 4004 stalmt.
288 3955 351 4005 Vide
367 3973 421 4020 quae
437 3956 542 4006 diximus
555 3973 627 4022 supra
642 3957 674 4006 ad
722 3962 867 4019 epomis,non
883 3967 954 4007 antea
969 3955 1116 4022 ponderatis,
1127 3954 1224 4010 hocest,

174 4032 280 4092 eripient,
298 4029 324 4078 in
343 4046 412 4079 versu
435 4032 474 4080 12.
509 4032 633 4089 Ciminius,
660 4048 675 4080 a
722 4033 808 4082 nimiis.
842 4034 940 4098 Erigere
950 4048 1032 4089 eruam,
1043 4045 1162 4080 summam
1172 4027 1224 4077 viri-

175 4101 316 4153 Chaonibus
333 4102 376 4167 qui
393 4119 423 4153 ex
442 4103 607 4169 antiquissima
627 4107 673 4154 Pe·
723 4125 763 4157 nm
773 4109 1021 4158 intentionemvnotare
1031 4127 1037 4156 :
1048 4107 1133 4158 docuit
1142 4102 1223 4155 Barth·

175 4177 293 4241 lasgcrum
314 4176 386 4241 stirpe
409 4187 486 4236 erant,
509 4180 675 4230 vetustissimis
723 4189 748 4230 at
758 4184 820 4232 Stat.
830 4182 863 4230 vi.
873 4182 949 4232 Theb.
960 4183 1019 4231 710.
