2812 5010
306 345 372 412 434
595 341 640 406 .P.
664 338 826 407 OVIDII
849 339 1063 406 NASONIS

307 516 452 614 Magna
468 539 626 614 sequor:
647 514 799 599 titulum
813 523 972 589 seruate
989 512 1349 613 potusustentante

307 633 569 732 Notitiamque
584 632 658 707 loci
674 632 851 720 melioris,
871 641 910 706 et
927 630 1079 731 oppida,
1100 654 1261 728 quorum

306 749 381 826 Hic
400 765 560 849 qunque
583 747 684 835 fama
707 750 823 848 uiget,
845 749 1067 846 cultusque,
1097 757 1275 845 artesque
1298 745 1348 819 vi·

422 902 425 909 »
455 890 604 941 rorum:
633 902 636 907 ·
724 874 726 878 ’
959 926 961 932 .
990 924 993 930 .
1014 868 1017 873 ’
1198 921 1201 925 «
1233 925 1236 929 .

304 981 505 1071 Quemque
516 1006 586 1069 ego
599 1005 687 1046 cum
696 981 821 1057 robus,
831 1003 931 1068 quas
941 989 1045 1052 totus
1055 979 1226 1070 possidet
1236 976 1347 1063 orb'lm

306 1090 526 1164 AEsonidem
542 1089 712 1163 mutbsse
728 1088 863 1163 velim:
893 1111 969 1184 quo
987 1089 1148 1185 conjuge
1163 1087 1271 1176 felix,
1307 1091 1351 1161 60

306 1205 359 1280 Et
374 1206 442 1281 Dls
461 1229 547 1279 carn
563 1204 672 1292 ferar,
692 1215 733 1281 et
748 1205 888 1280 vertice
904 1202 1031 1279 sidera
1047 1214 1214 1300 tangam.

306 1320 421 1408 Quid,
441 1321 543 1419 quod
561 1320 688 1395 nescio
707 1320 773 1418 qui
789 1319 924 1394 mediis
942 1343 1163 1394 concurrere
1186 1319 1226 1393 in
1243 1317 1349 1392 undis

307 1436 494 1513 Dicuntur
509 1447 671 1525 montes,
690 1436 912 1533 ratibusque
929 1434 1081 1509 inimica
1095 1434 1327 1534 Charybdis,

337 1668 382 1717 56.4
399 1665 494 1730 Suq-me,
504 1666 543 1715 vel
552 1681 690 1737 persequer,
700 1664 739 1715 vel
748 1679 806 1715 ocn-
888 1668 930 1716 62.
949 1667 1021 1729 Quid,
1036 1669 1096 1730 qima
1112 1668 1194 1727 meio,
1209 1664 1274 1729 sto}
1296 1658 1351 1717 nas

305 1756 400 1805 sequar.
434 1740 535 1797 Titulus,
553 1739 636 1804 gloria,
656 1747 684 1789 ut
697 1739 732 1787 iv.
750 1740 806 1788 644.
856 1740 953 1805 quidem
970 1740 1077 1807 pericula
1095 1740 1210 1789 nonnulla
1229 1739 1351 1788 subeunda

307 1816 402 1871 cultas,
427 1812 484 1863 vite
509 1813 569 1864 ratio
593 1814 699 1863 exculta.
739 1815 807 1862 Artes
856 1812 976 1879 intelligit,
989 1814 1032 1863 sed
1043 1814 1148 1865 animum
1159 1812 1230 1876 erigit
1243 1827 1280 1869 eo,
1290 1810 1351 1876 qnod

307 1904 382 1953 quum
402 1894 427 1937 et
443 1887 548 1940 invente
568 1895 592 1938 at
615 1887 716 1937 exculta
740 1887 806 1952 apud
854 1888 1044 1938 Jasonamsuum
1052 1885 1272 1935 habeotcomitem.
1304 1885 1351 1934 Ns·

306 1962 403 2011 Grecos
419 1960 474 2017 sint,
485 1961 607 2010 commode
625 1960 665 2010 hic
685 1962 712 2009 fit
727 1976 806 2009 earam
855 1964 908 2019 diis,
925 1971 971 2010 etc.
1004 1960 1114 2025 Intellige
1132 1959 1247 2024 Cyaneae,
1263 1958 1351 2025 insule,

306 2036 405 2086 mentio.
438 2035 506 2087 Male
515 2034 589 2100 igitur
599 2035 644 2085 hoc
653 2035 805 2092 vocabulum,
855 2051 898 2085 seu
914 2044 1089 2102 petroe,oontra
1107 2033 1210 2082 Pontum
1227 2033 1350 2090 Euxinum,

305 2109 629 2176 etsequens,licitatumest.
662 2111 806 2159 Hocautem
855 2127 909 2176 quae
925 2126 999 2175 quum
1013 2117 1110 2175 propter
1126 2116 1254 2172 angustrun
1269 2107 1350 2159 tran&

306 2194 349 2234 nos
359 2183 445 2233 morari
456 2200 504 2233 non
516 2183 597 2240 debet,
608 2182 673 2249 quod
688 2182 730 2232 illo
745 2191 805 2232 tem·
855 2193 906 2233 tum
921 2201 950 2234 ex
961 2183 1069 2233 illusione
1084 2183 1164 2248 optica
1174 2199 1310 2231 concurrere
1319 2181 1351 2230 vi·

305 2275 363 2326 pore
380 2269 441 2309 ortos
456 2258 561 2316 nondum
580 2259 729 2308 effloruerant
743 2256 807 2308 inter
855 2258 967 2315 (letentur
981 2257 1155 2323 navigantibus,
1167 2253 1351 2323 ιισυμπληγάδες,

307 2335 404 2396 Graecos
412 2351 420 2394 3
435 2331 522 2382 millies
539 2332 603 2381 enim
616 2333 704 2381 Noster
713 2340 805 2396 tempo·
856 2330 1030 2399 συνδρομάδες,
1045 2329 1204 2397 συνορμάᾶες,
1219 2339 1245 2381 et
1260 2347 1352 2380 concar-

306 2405 493 2458 'rumdiscrimen
500 2406 613 2470 neglexit.
625 2405 742 2456 Conlerii.
750 2406 807 2455 795.
856 2410 933 2456 restio
954 2424 1008 2456 soca
1025 2405 1180 2455 dicebantur:
1198 2404 1256 2454 vide
1274 2403 1351 2453 schol.

313 2513 315 2518 ,
338 2480 644 2546 minotarepcrmutars.
662 2479 806 2529 Mutarim·
857 2479 985 2546 Euripidis,
1005 2480 1037 2535 ad
1058 2479 1128 2537 Med.
1150 2481 1183 2540 25
1209 2478 1352 2543 fumasset,

305 2571 387 2606 sonem
405 2573 457 2603 com
474 2557 541 2602 rebus
560 2552 708 2620 exquisitius,
724 2568 805 2618 quam,
859 2555 949 2629 Voynge
955 2558 988 2603 dic
997 2556 1086 2603 Levant
1094 2573 1103 2612 ,·
1115 2562 1173 2603 torm
1181 2553 1209 2602 ii.
1217 2555 1296 2618 p.149
1302 2568 1351 2621 sqq.

307 2626 445 2678 mutatores
460 2631 516 2676 cum
526 2622 624 2677 Jasone.
657 2625 806 2676 Ametillmn
887 2630 929 2678 63.
946 2624 1093 2693 Cbcrytdta]
1113 2626 1182 2676 Nihil
1196 2619 1226 2676 in
1242 2627 1301 2675 freto
1312 2625 1349 2674 si-

306 2701 483 2753 convcrrionem
494 2701 567 2751 etiam
576 2701 697 2759 Horatius,
705 2718 729 2750 v.
738 2717 760 2751 c.
771 2702 806 2751 ΙΙ.
856 2703 911 2760 culo
921 2703 1023 2753 nobilius
1033 2704 1148 2767 Charybdi
1155 2710 1180 2753 el
1189 2701 1279 2767 Scylla.
1293 2701 1351 2754 ὢν

307 2770 356 2826 od.
366 2776 407 2825 xii.
421 2778 464 2825 13:
483 2775 547 2825 Nam
562 2785 589 2824 tu
606 2776 745 2841 Mygdonius
758 2792 807 2837 opes
856 2780 954 2841 ryldim,
965 2779 1060 2834 rombus,
1070 2793 1129 2843 quas
1141 2763 1353 2842 appropinquantes

303 2860 435 2914 permutare
449 2851 504 2898 uelis
517 2852 581 2898 crine
597 2849 730 2912 Luymnu.
746 2847 806 2898 Vid.
856 2852 974 2908 absorbet,
985 2851 1055 2900 hodie
1066 2851 1145 2900 minus
1155 2865 1229 2915 quam
1240 2848 1296 2898 olim
1308 2851 1351 2897 ini-

306 2923 437 2981 Bentleius,
453 2922 484 2971 ad
500 2923 536 2971 11.
548 2922 597 2971 Od.
609 2921 658 2970 xvi.
671 2923 711 2971 19.
745 2922 806 2970 Con·
856 2928 945 2982 micam,
964 2925 1037 2974 efficit
1057 2923 1220 2973 vehementior
1239 2922 1352 2972 undarum

299 2997 427 3062 jugefelic
435 3015 444 3056 ,·
462 3004 487 3046 at
496 2997 526 3045 ab
538 3001 625 3046 eventu
635 2995 773 3061 αἰνόγαμος
783 3003 808 3044 et
856 2998 934 3047 fluxus
948 2997 995 3046 sibi
1010 2997 1112 3046 invicem
1122 2997 1262 3054 contrarius,
1272 3003 1299 3044 nt
1312 2996 1352 3044 ob·

305 3068 450 3134 αἰνολιχής,
461 3069 564 3135 conjugii
575 3069 659 3119 infelix
673 3069 765 3135 passim
776 3070 808 3119 ab
857 3072 959 3122 servavit
968 3072 1040 3122 etiam
1051 3087 1126 3137 nuper
1137 3070 1245 3137 Brydon.
1254 3073 1280 3122 is
1291 3071 1353 3118 Ritu

308 3142 404 3207 Orpheo
422 3143 517 3193 dicitur.
553 3143 642 3192 Vertico
661 3146 735 3192 sideru
754 3153 807 3192 tan·
857 3149 916 3195 anob
931 3149 1035 3204 Sicilire,
1045 3153 1103 3195 tom.
1114 3146 1135 3195 Ι.
1146 3144 1226 3210 Epist.
1241 3143 1276 3193 iii.
1308 3145 1353 3194 Ve·

303 3234 367 3282 goin.
399 3218 491 3266 Possim
505 3226 632 3266 occurrunt
648 3217 712 3282 apud
724 3226 807 3282 poetas
855 3227 917 3269 teres
937 3229 1018 3269 antem
1038 3220 1161 3285 putbrnnt,
1181 3217 1208 3266 in
1229 3217 1289 3267 mari
1305 3231 1353 3265 case

306 3289 359 3348 Dii»
373 3290 414 3356 qul
429 3291 464 3339 ila
481 3307 507 3340 ⁸⁸
526 3290 647 3347 fltwlltfflb
663 3299 691 3339 ut
707 3290 807 3356 vestigia
855 3294 975 3352 vorticem,
986 3295 1073 3343 fluctus
1082 3308 1146 3342 nnnc
1157 3294 1282 3341 sorbentem
1292 3291 1351 3355 (xor-

304 3373 396 3430 ponant
405 3364 431 3414 in
446 3373 517 3422 terra,
528 3364 605 3430 capite
621 3371 701 3414 autom
717 3365 805 3415 coelum
855 3369 905 3417 tere
914 3375 939 3417 et
947 3371 1058 3418 resorbere
1067 3364 1255 3432 ἀναρῤοιβδεῖν,
1264 3365 1353 3431 ponitur

306 3445 420 3504 tangant:
445 3437 480 3487 sic
497 3437 561 3503 apud
578 3437 760 3496 Callimachum,
778 3439 805 3489 h.
855 3441 886 3490 de
903 3441 1011 3506 vortice)
1027 3458 1091 3491 nunc
1108 3443 1248 3488 reddentem.
1280 3439 1353 3502 Scylla

306 3513 390 3564 Cerei.
401 3515 475 3562 anet
485 3512 624 3578 Virgilium,
635 3514 695 3562 AEn.
708 3512 740 3562 iv.
752 3515 808 3563 176.
857 3514 941 3579 (hodie
958 3514 1059 3581 Sciglio)
1078 3513 1264 3581 promontorium
1281 3521 1353 3577 petro

306 3588 370 3638 Hinc
389 3587 458 3636 fluxit
473 3587 575 3636 formula
593 3586 670 3652 poetis
687 3587 809 3638 familiaris
856 3605 909 3638 sum
919 3589 945 3637 in
954 3589 1023 3650 litore
1033 3586 1198 3641 enatemus
1209 3585 1274 3651 qnod
1282 3585 1354 3634 maxi·

306 3663 408 3725 (Horat.
418 3663 441 3711 Ι.
449 3662 501 3723 ιοι1.
512 3663 531 3711 i.
542 3663 591 3723 365
608 3662 703 3719 Noster,
712 3660 729 3709 i.
740 3663 807 3711 Festa
855 3678 895 3709 mo
906 3678 961 3710 cum
972 3661 1050 3709 sonitu
1065 3660 1196 3708 alliduntur
1208 3657 1280 3709 unde
1295 3657 1353 3711 freti

306 3734 379 3799 210.)
416 3735 807 3800 Vertlcecoelumferire,auttuu·
856 3735 970 3784 Cinctum
986 3743 1022 3783 est
1040 3731 1143 3798 scopulis
1160 3747 1174 3780 a
1192 3730 1254 3780 mari
1270 3730 1354 3796 promi-

304 3825 366 3872 ξονι,
375 3824 423 3872 qua
434 3808 535 3872 primum
545 3809 662 3856 immensa
671 3815 696 3856 et
705 3817 807 3871 augusta
855 3809 975 3865 uentibus,
985 3808 1010 3856 ln
1026 3806 1114 3872 quibus
1129 3804 1260 3871 spelunca,
1271 3804 1355 3870 quihus

306 3883 417 3947 quadam
426 3881 534 3941 altitudo,
542 3880 628 3930 deinde
636 3880 807 3947 insignisque·
856 3891 956 3945 augetur
970 3878 1082 3946 strepitus
1096 3879 1137 3928 ille
1152 3877 1282 3928 undarum.
1306 3879 1355 3927 Hor

307 3955 363 4004 dam
381 3962 406 4002 et
421 3954 476 4019 plus
493 3968 565 4019 quam
582 3953 687 4003 humana
707 3954 808 4006 felicitas
855 3971 911 4020 ergo
921 3957 1022 4005 Veteres
1032 3954 1144 4017 (Homer.
1155 3951 1204 4001 Od.
1216 3957 1254 4001 M.
1263 3953 1295 4001 7³
1304 3966 1355 4016 sqq.

306 4028 490 4094 exprimebatur.
513 4029 642 4086 Ausonius,
654 4029 692 4077 Id.
703 4029 752 4081 viii.
759 4034 807 4081 522
857 4030 924 4095 virg.
933 4028 1031 4079 AEn.iii.
1039 4027 1109 4090 424.)
1120 4028 1286 4084 cumocuibur,
1294 4025 1356 4076 scili-

309 4114 358 4151 tum
368 4112 445 4164 torque
455 4111 535 4165 quator
542 4106 743 4165 qualitates—tum
754 4111 806 4155 ton·
854 4111 894 4153 cet
903 4095 1008 4158 marinis,
1018 4105 1079 4152 sevis
1089 4110 1114 4151 et
1124 4103 1265 4150 labantibus
1277 4097 1355 4167 (qnod

308 4177 553 4240 galune-rticccoelom.
786 4171 790 4178 ’
854 4180 952 4229 verbum
969 4178 1043 4231 etiam
1060 4177 1091 4226 de
1107 4176 1207 4242 strepitu
1226 4175 1354 4230 undarum,
