2812 5010
375 320 847 416 METAMORPHOSEON
870 321 961 387 LIB.
978 321 1027 388 ΙΙ.
1156 326 1222 390 167

179 494 335 569 Summe
346 487 504 570 'Dedmi
531 497 642 570 liceat
660 495 835 595 periturae
852 496 993 572 viribus
1010 497 1121 595 ignis,
1147 505 1222 573 280

179 611 274 708 Igne
291 611 412 711 perire
430 621 518 702 tu0;
547 613 771 712 clademque
788 626 940 689 auctore
957 616 1095 691 levare.
1174 617 1177 621 ’

174 728 249 801 Vix
269 728 447 826 equidem
464 727 593 804 fauces
611 730 692 803 haec
711 730 794 827 ipsa
810 730 849 805 in
866 732 980 805 verba
997 730 1178 817 resolvo,’'

174 844 389 941 (Presserat
402 870 467 920 ora
477 845 609 945 vapor)
629 854 788 921 “tostos
806 872 854 921 en
872 847 1000 945 aspice
1019 847 1156 935 crines,

174 960 298 1059 Inque
313 961 432 1037 oculis
450 974 610 1051 tantum,
630 973 777 1038 tantum
795 988 910 1063 super
926 987 991 1037 ora
1007 962 1154 1037 favillae.

175 1077 308 1152 Hosne
326 1079 418 1155 mihi
434 1079 591 1167 fructus,
611 1081 711 1153 hunc
729 1078 929 1154 fertilitatis
947 1079 1127 1153 honorem
1145 1084 1218 1153 285

176 1194 378 1294 Officiique
392 1195 519 1283 refers,
539 1197 642 1294 quod
660 1196 798 1269 adunci
815 1196 970 1270 vulnera
988 1196 1113 1282 aratri,

175 1310 476 1411 Rastrorumque
490 1311 581 1398 fero,
599 1321 756 1409 totoque
775 1336 954 1390 exerceor
971 1312 1093 1385 annot

175 1425 288 1511 Quod
306 1429 433 1525 pecori
447 1427 609 1514 frondes
622 1427 875 1525 alimentaque
893 1427 1010 1516 mitia,
1029 1427 1169 1524 fruges,

175 1543 353 1618 Humano
371 1545 511 1641 generi,
529 1545 635 1619 vobis
654 1546 756 1643 quod
774 1556 858 1619 tura
875 1545 1070 1618 ministro?

176 1659 254 1734 Sed
268 1669 396 1734 tamen
414 1661 571 1735 exitium
589 1660 647 1734 fac
665 1685 726 1734 me
744 1661 948 1734 meruisse:
969 1659 1062 1758 quid
1079 1659 1203 1745 uudae,

175 1775 278 1859 Quid
296 1776 435 1851 meruit
451 1777 589 1851 irater?
614 1801 682 1851 cur
696 1777 750 1850 illi
768 1777 904 1852 tradita
921 1785 1021 1855 sorte
1146 1779 1216 1848 291

175 1893 344 1990 AEquora
359 1895 654 1981 decrescunt-et
671 1894 718 1967 ab
738 1893 875 1966 aethere
892 1891 1040 1988 longius
1058 1890 1221 1965 absunt?

176 2007 288 2093 Quod
307 2008 339 2082 si
357 2033 427 2082 nec
445 2008 580 2097 fratris,
600 2017 728 2082 necte
746 2031 831 2081 mea
848 2008 969 2104 gratia
986 2007 1127 2103 tangit3

174 2124 227 2199 At
243 2125 330 2199 coeli
348 2125 525 2199 miserere
542 2126 619 2200 tui:
647 2125 896 2223 circumspice
915 2135 1137 2221 utrumque;

176 2240 311 2316 Fumat
326 2252 486 2340 uterque
502 2242 632 2340 polus:
654 2267 750 2340 quos
765 2243 797 2315 si
809 2226 994 2316 vitiaverit
1007 2241 1117 2338 ignis
1145 2244 1218 2314 295

176 2468 281 2518 rationes
299 2469 331 2519 ad
346 2469 427 2519 Tibul.
447 2471 482 2519 11.
496 2470 530 2520 ir.
549 2473 573 2520 5.
609 2471 672 2520 Vires
718 2473 772 2533 pide
779 2479 841 2519 terra
850 2471 1076 2519 omnibnscruciotur
1084 2469 1151 2517 boris.
1168 2467 1223 2516 Nisi

175 2559 235 2608 sepe
246 2552 271 2592 et
282 2543 332 2608 igni
343 2544 477 2594 tribuuntur
487 2553 512 2594 et
525 2561 568 2611 pro
578 2544 673 2609 ignibus
721 2552 807 2600 tamer,
819 2561 866 2607 qma
881 2561 967 2592 summo
981 2545 1088 2606 patiatur
1102 2549 1169 2605 atquc
1183 2557 1220 2588 er-

176 2626 309 2680 ponuntnr:
327 2618 370 2667 vii.
382 2621 421 2668 81.
433 2619 537 2668 scintilla
552 2623 578 2668 in
590 2629 674 2668 vetera
723 2629 794 2667 iterna
811 2629 871 2675 cute,
888 2619 1015 2666 tolerabilia
1033 2619 1149 2664 videntur.
1176 2614 1221 2663 Pe-

133 2690 136 2696 ’
175 2696 255 2740 crescit
273 2694 350 2750 vireu
378 2692 430 2740 xiii.
450 2694 507 2742 868.
526 2695 601 2741 AEtna
621 2711 673 2741 eom
722 2702 838 2741 nstramus
857 2695 882 2741 in
900 2696 1056 2748 biremem.
1081 2691 1121 2738 De
1136 2698 1221 2737 rostro-

175 2769 220 2815 mis
236 2768 334 2815 viribus.
365 2767 429 2816 Hinc
448 2768 473 2816 h.
490 2768 508 2816 l.
528 2767 674 2833 periphrasin
723 2784 776 2815 rum
788 2766 903 2831 gravitate
914 2783 939 2815 v.
950 2765 981 2813 ad
992 2765 1010 2814 i.
1024 2765 1085 2812 101:
1112 2763 1222 2811 Erereere

176 2841 238 2898 lacit,
253 2850 282 2890 ut
300 2841 349 2890 xiv.
363 2843 420 2891 274.
434 2846 468 2890 cis
486 2846 550 2892 meri.
582 2840 675 2890 Similia
722 2843 784 2891 bene
795 2842 825 2890 de
837 2841 991 2906 agricultura,
1004 2847 1075 2903 atque
1089 2838 1161 2886 etiarn
1171 2853 1220 2886 rno-

176 2916 239 2980 apud
250 2910 366 2965 Graecos.¹
385 2917 466 2966 Clades
478 2919 577 2973 levatur,
587 2918 674 2966 tolera·
723 2914 797 2964 lestiae
809 2915 927 2963 notionem
934 2913 1049 2963 ¹inuoluit.
1078 2913 1149 2969 Tura,
1161 2928 1221 2978 quo·

177 2989 243 3038 bilior
260 2989 374 3048 redditur,
386 3001 487 3048 auctore,
498 2991 593 3055 quando
604 3000 674 3041 anta
724 3005 776 3038 rum
791 3004 848 3036 cura
864 2987 968 3036 maxime
984 2988 1100 3052 tangebat
1117 2987 1193 3042 Deos,
1205 2985 1222 3034 i.

177 3079 262 3128 magno
284 3071 309 3112 et
326 3065 412 3114 illustri
431 3066 489 3122 viro,
508 3073 558 3123 aut,
580 3073 607 3113 ut
628 3065 673 3115 hoc
724 3066 780 3113 248.

176 3138 235 3196 loco,
247 3155 263 3187 a
273 3140 327 3188 Deo
337 3139 443 3188 insertur.
460 3141 549 3188 Burin.
577 3140 672 3199 Levarq
756 3141 813 3189 291.
823 3139 920 3187 Tradita
930 3137 1010 3200 sorte]
1019 3138 1080 3194 Quae
1089 3135 1149 3184 adeo
1157 3152 1221 3184 surn-

177 3212 289 3269 minuere,
302 3222 329 3262 ut
338 3214 372 3262 iii.
380 3216 437 3263 338.
724 3229 763 3262 mo
780 3214 834 3279 jure
855 3212 877 3262 ei
896 3212 1028 3261 debentur:
1047 3220 1069 3258 et
1086 3214 1114 3259 ab
1132 3212 1221 3267 aetbmc,

206 3288 264 3336 283.
290 3287 429 3352 Presserat]
460 3288 574 3344 Premere,
594 3288 671 3354 oppri·
725 3296 786 3348 etc.;
802 3295 919 3352 quatenus
930 3287 1089 3335 decreverant.

177 3376 247 3417 mere,
270 3360 390 3410 claudere.
427 3361 542 3426 Virgilius
562 3364 620 3410 AEn.
641 3361 673 3411 vi.
757 3363 813 3411 294.
830 3363 984 3422 Circumspice
998 3358 1141 3421 utrumque]
1160 3359 1222 3405 Bur·

179 3436 238 3485 155:
255 3451 373 3497 pressoque
381 3437 493 3483 emuniuit
503 3452 549 3485 ore.
565 3435 673 3483 Multum
722 3452 822 3485 mannus
844 3436 927 3484 mallet
945 3434 980 3482 ita
1000 3433 1157 3496 distinguere:
1175 3434 1221 3479 cir-

178 3509 238 3557 ralet
249 3508 282 3557 ad
292 3508 421 3557 movendos
431 3509 499 3564 alios,
510 3508 539 3564 si,
550 3524 603 3573 quae
614 3507 676 3556 dici·
722 3512 833 3572 cumspice
851 3519 975 3572 utrumque
997 3508 1092 3572 (suniat
1112 3506 1221 3568 uterquc)

176 3597 235 3640 mus,
254 3598 335 3630 eorum
356 3581 431 3631 oculis
451 3583 568 3648 subjicere
591 3598 673 3647 possu·
720 3588 807 3648 potum.

177 3671 235 3705 mus.
274 3657 339 3705 Hine
360 3673 389 3705 crs
405 3659 488 3720 aspice,
508 3665 533 3706 et
550 3673 605 3705 mox
628 3661 674 3705 cir-
756 3661 813 3708 295.
827 3657 969 3720 vitiaverit]
984 3653 1124 3704 Violaverit.
1144 3656 1222 3703 Atria.

177 3735 294 3793 csrmspice,
305 3740 376 3796 atque
393 3734 506 3780 eusitius.
539 3731 596 3779 Non
612 3735 673 3780 cine·
724 3732 787 3784 Vide
804 3733 835 3780 ad
853 3732 940 3780 librum
955 3731 973 3778 i.
988 3730 1043 3778 172.
1075 3729 1143 3776 Artas
1160 3729 1220 3776 iubo-

176 3808 206 3852 ris
222 3806 290 3862 dicit,
306 3805 359 3862 sed,
374 3805 437 3870 quod
455 3805 556 3871 gravius,
568 3806 673 3871 sevitie,
725 3817 770 3856 rat.
787 3807 865 3862 Atlas,
876 3822 943 3854 mons
953 3802 1113 3860 Mauritaniae,
1120 3802 1161 3868 qui
1171 3818 1221 3851 coe·

176 3879 257 3928 cineris
266 3881 334 3928 mixti
343 3872 454 3929 scintillis
463 3881 546 3943 igneis.
574 3881 601 3928 H
600 3898 654 3930 onor
663 3900 670 3928 .·
722 3885 772 3932 lum
783 3881 839 3928 ideo
848 3879 964 3928 sustinere
973 3877 1067 3934 dicitur,
1073 3876 1137 3942 quod
1142 3875 1221 3934 Atlas,

177 3954 306 4018 premium.
337 3957 405 4020 Saepe
421 3955 481 4003 sulci
499 3959 554 4004 cum
569 3957 673 4004 volneri·
722 3957 762 4022 qui
779 3954 804 4003 in
817 3953 885 4001 illum
900 3962 1002 4002 montem
1017 3953 1220 4001 ferturtransmu-

177 4030 215 4075 bus
225 4039 401 4094 comparantur,
413 4037 437 4077 et
452 4029 497 4077 boc
509 4029 605 4093 quidem
620 4029 673 4078 loco
721 4039 794 4085 tatus,
801 4027 889 4092 primus
895 4027 999 4075 omnium
1006 4027 1146 4090 astrologica
1154 4040 1219 4073 seru-

177 4101 370 4152 commodissime.
397 4102 597 4152 Acerbiusetiam
608 4102 673 4151 Pliu.
722 4102 887 4168 taricoeperit.
915 4102 973 4151 Vid.
984 4100 1116 4164 Rhodigin.
1127 4096 1221 4148 1ib.vii.

177 4173 209 4223 H.
220 4175 253 4223 N.
269 4174 295 4225 ii.
311 4177 358 4224 63:
379 4176 457 4233 Ferro,
471 4178 541 4241 ligno,
558 4181 619 4241 igne,
638 4178 670 4223 ia·
724 4194 776 4244 cap.
788 4177 839 4235 xii3
857 4177 950 4226 vitruv.
962 4177 1004 4225 lib.
1015 4176 1047 4224 vi.
1063 4190 1116 4240 cap.
1128 4191 1153 4221 x.
1180 4174 1219 4221 De
