2812 5010
174 321 241 385 360
466 317 507 383 P.
531 315 693 382 OVIDII
716 314 929 383 NASONIS

177 494 300 568 Dulce
318 490 435 580 dedit,
451 501 553 566 tosta
565 489 668 588 quod
681 499 837 565 coxerat
854 499 942 564 ante
959 488 1126 587 polenta.
1146 491 1222 561 450

176 609 280 683 Dum
296 607 394 683 bibit
409 608 475 681 illa
491 608 633 693 datum,
654 605 737 679 duri
755 630 849 705 puer
865 605 940 679 oris
957 614 998 678 et
1015 603 1141 679 audax

176 724 358 800 Constitit
371 735 459 798 ante
474 724 617 812 Deam3
638 723 808 820 risitque,
825 722 1049 819 avidamque
1061 720 1219 796 vocavit.

178 838 335 915 Offensa
351 850 431 928 est;
451 863 577 937 neque
595 839 716 912 adhuc
735 849 848 937 epota
865 849 984 937 parte,
1002 838 1220 936 loquentem

178 955 277 1030 Cum
295 955 438 1055 liquido
456 955 576 1031 mixta
592 955 758 1054 perfudit
775 955 873 1028 Diva
890 955 1056 1054 polenta.
1145 955 1218 1026 454

179 1071 373 1146 Combibit
384 1097 426 1146 os
440 1072 627 1160 maculas3
649 1081 699 1159 et,
711 1069 912 1168 quamodo
924 1069 1078 1145 brachia
1090 1066 1220 1165 gessit,

178 1188 299 1264 Crura
315 1189 432 1287 gerit:
461 1189 582 1263 cauda
599 1197 658 1262 est
674 1185 829 1260 mutatis
846 1186 976 1261 addita
992 1183 1192 1271 membris3

176 1304 299 1403 Inque
313 1306 465 1381 brevem
482 1305 652 1391 formam,
671 1328 720 1379 ne
735 1302 786 1377 sit
802 1303 858 1376 vis
876 1325 1013 1400 magna
1030 1299 1203 1388 nocendi,

178 1419 441 1512 Contrahitur3
461 1444 652 1521 parvaque
669 1419 790 1493 minor
804 1418 1136 1493 mensuralacerta
1149 1424 1216 1489 est.

176 1535 393 1624 Mirantem,
423 1538 667 1634 flentemque,
700 1547 739 1611 et
771 1546 925 1632 tangere
956 1543 1125 1608 monstra
1154 1555 1217 1631 pa-

326 1663 472 1727 rantem
685 1661 688 1667 '

177 1766 291 1864 Fugit
307 1793 433 1856 anum,
452 1770 713 1866 latebramque
731 1769 850 1869 petit3
879 1779 1087 1866 aptumque
1106 1764 1216 1840 colori

177 1882 326 1958 Nomen
344 1886 471 1974 habet,
489 1885 599 1960 variis
618 1886 789 1961 stellatus
807 1909 965 1984 corpora
979 1883 1110 1981 guttis.
1147 1884 1213 1954 461

227 1997 331 2083 Quas
350 1997 434 2075 Dea
451 2024 518 2101 per
534 2012 665 2089 terras,
685 2013 724 2076 ct
741 2026 836 2100 quas
854 2001 1030 2076 erraverit
1047 1998 1182 2086 undas,

178 2115 315 2191 Dicere
332 2117 445 2214 longa
461 2140 566 2191 mora
582 2127 662 2191 est:
691 2117 875 2214 quaerenti
892 2115 1012 2190 defuit
1028 2113 1144 2189 orbis.

207 2319 264 2367 450.
281 2319 357 2367 Dulce
368 2318 476 2368 absolute
485 2317 597 2385 positum,
607 2327 635 2367 ut
645 2320 674 2369 rb
757 2320 813 2369 459.
831 2319 938 2366 Monstra
954 2315 1093 2365 mirabiliter
1114 2313 1220 2380 exprimit

176 2393 255 2456 γλυκὺ
267 2392 366 2442 Grecis.
401 2394 475 2450 Torta,
485 2408 528 2458 pro
545 2403 611 2449 testa,
622 2409 673 2442 cor·
723 2400 839 2442 mutatam
849 2392 958 2441 formam.
975 2392 1062 2453 Aprum
1071 2391 1144 2438 colori
1150 2408 1160 2449 ,-
1170 2392 1219 2439 rtet·

176 2465 237 2513 rexit
248 2465 368 2514 Barthius.
396 2466 494 2515 Poleam
504 2484 512 2525 ς
530 2468 560 2516 ab
570 2466 675 2532 Orpheo,

173 2539 199 2588 in
217 2538 343 2604 fragment.
354 2549 452 2589 vocatur
465 2539 565 2598 κυκεὼν,
581 2540 675 2599 cinnas,

174 2613 239 2679 potio
250 2612 358 2663 coniecta
375 2630 389 2663 e
405 2622 466 2664 tosta
480 2615 584 2680 polenta,
595 2614 675 2672 melle,

174 2687 239 2744 vino,
250 2688 354 2745 floribus,
365 2686 492 2754 herbisque
505 2688 585 2738 variis.
611 2688 674 2737 Vide

174 2762 288 2810 Munlrer.
304 2761 335 2811 ad
351 2762 461 2811 Lactant.
475 2771 607 2826 argument.
624 2762 676 2810 Fis-

175 2834 240 2882 cheri
249 2833 359 2883 Indicem
367 2853 375 2895 ;
394 2835 589 2901 Theophrastem,
599 2835 625 2885 in
634 2853 674 2885 rru-

98 2939 104 2951 .
174 2907 245 2957 κεών.
276 2907 367 2957 Arnob.
383 2908 410 2957 d.
421 2908 438 2957 l.
449 2911 536 2973 oggerit
552 2911 675 2971 potionem,

177 2980 287 3037 Cianum,
315 2998 432 3044 cyceonem
459 2999 526 3044 quam
554 2993 675 3044 nuncupat

176 3053 283 3112 Gr·aecio,·
300 3053 411 3120 idemque
428 3071 442 3103 e
459 3054 583 3104 Clemente
599 3055 674 3112 addit,

173 3125 200 3174 in
217 3126 353 3190 Mystarum
374 3127 487 3192 symbolis
504 3127 591 3177 fuisse:
607 3131 674 3191 Jeju-

174 3201 237 3257 nnor',
258 3210 325 3264 atque
344 3203 400 3249 ebibi
419 3217 545 3264 cyceonem.
585 3202 675 3267 Cyceo·

174 3289 230 3322 nem
246 3274 319 3324 Ceres
330 3275 400 3340 juxta
409 3275 526 3324 Antonin.
538 3275 562 3324 d.
573 3274 590 3324 l.
602 3276 676 3326 ebibit

174 3344 279 3412 ἁθρόώς,
298 3347 323 3396 id
338 3356 383 3407 est,
401 3347 503 3415 ἀμυστὶ,
519 3364 567 3398 uno
583 3350 675 3415 spiritu,

175 3417 284 3486 adeoque
302 3425 375 3472 avide.
409 3423 481 3480 Puer,
496 3422 559 3472 filius
574 3423 675 3474 Mismes

174 3494 305 3544 secundum
326 3494 485 3544 Nicandrum.
529 3497 623 3546 Durum
644 3515 675 3555 os,

174 3568 269 3634 signum
280 3568 444 3636 impudentia.

207 3643 265 3692 455.
285 3643 395 3692 Combibit
409 3660 432 3690 os
445 3646 554 3701 macutus,
572 3644 675 3709 exquisi-

174 3715 231 3773 tius,
244 3733 326 3782 quam,
337 3716 445 3774 attraxit,
458 3717 560 3783 accepit.
584 3717 676 3768 Anton.

175 3787 270 3853 ἐγένετο
296 3791 415 3849 ποικίλος.
453 3791 566 3840 Nocendi.
593 3791 675 3840 Codex

175 3861 268 3926 Regius
285 3865 317 3922 B,
335 3866 448 3926 loquendi,
467 3865 531 3928 quod
548 3865 607 3914 forte
629 3881 676 3913 non

174 3936 338 4000 rejiciendum,
354 3937 419 4002 quia,
437 3946 464 3987 ut
482 3954 511 3987 ex
531 3936 677 4003 loquacitate

174 4009 264 4057 malum
275 4011 349 4068 venit,
358 4011 378 4059 si
388 4011 501 4060 minuitur
511 4011 625 4077 loquendi
635 4028 677 4078 po-

174 4091 257 4204 testqs,
274 4085 386 4134 minuitur
403 4102 497 4152 quoque
514 4086 618 4135 facultas
635 4102 676 4136 no·

179 4172 222 4205 een
240 4173 257 4205 1.

725 2469 756 2514 lio
765 2465 829 2515 enim
839 2481 914 2530 genus
924 2465 1027 2514 lacertae.
1053 2463 1159 2512 Macula
1170 2478 1220 2528 pas·

724 2542 769 2589 sim
787 2548 902 2590 vocantur
919 2549 1001 2606 gutte.
1044 2540 1127 2597 Quum
1147 2536 1221 2586 stellio

725 2615 818 2665 Graecis
841 2613 985 2677 ἀσκάλιιβος
1008 2611 1137 2667 diceretur,
1157 2609 1221 2675 (vide

725 2689 806 2738 Schol.
817 2686 933 2737 Nicandri
944 2687 976 2735 ad
986 2685 1059 2735 Alex.
1068 2683 1141 2747 128.)
1151 2683 1221 2732 Mell-

725 2778 826 2811 mannus
846 2769 924 2827 putat,
942 2760 1004 2809 hanc
1026 2756 1222 2824 metamorphosin

725 2844 798 2884 ortam
812 2851 864 2885 esse
878 2850 908 2886 ex
926 2832 1062 2883 contusione
1077 2848 1133 2880 cum
1148 2840 1222 2880 trans·

724 2908 861 2958 formatione
877 2917 1000 2973 sequente,
1011 2921 1060 2954 ver.
1072 2906 1131 2955 5³9.
1142 2903 1223 2954 autad

724 2981 860 3047 exemplum
870 2981 921 3047 ejus
931 2980 1020 3029 fictam.

757 3056 896 3106 toa-550.
924 3055 986 3109 Quos
1007 3054 1059 3103 Deo
1079 3069 1121 3116 per
1142 3062 1223 3109 terrra

725 3130 787 3193 etc]
817 3129 889 3178 Ceres
903 3144 977 3193 quum
993 3144 1023 3176 ex
1033 3126 1156 3176 Arethusa
1170 3142 1224 3190 cog·

725 3203 827 3253 novisset
848 3211 942 3268 raptum
963 3201 1120 3266 Proserpina,
1140 3202 1223 3251 Jovem

725 3277 825 3342 supplex
841 3276 916 3334 addit,
927 3276 968 3341 qui
984 3292 1013 3325 ea
1030 3275 1084 3340 lege
1098 3274 1175 3324 filiam
1189 3291 1224 3324 re·

724 3350 775 3416 peti
785 3365 854 3416 posse
864 3349 1014 3415 pronunciat,
1026 3347 1046 3397 si
1058 3348 1136 3400 nullos
1146 3358 1225 3413 gusta·

724 3424 785 3473 verit
805 3424 879 3472 cibos.
913 3424 1055 3484 Ascalaphus
1075 3431 1165 3480 autem,
1185 3420 1224 3487 qui

724 3513 778 3547 eam
793 3497 956 3546 comedentem
967 3494 1068 3553 viderat,
1078 3510 1176 3560 remque
1188 3495 1224 3544 in·

725 3572 854 3626 dicaverat,
862 3571 998 3619 mutatoria
1006 3570 1136 3617 bubonem.
1154 3569 1224 3617 Erro·

726 3648 792 3693 verit.
825 3645 919 3693 Errores
928 3643 982 3691 illos
995 3641 1134 3691 describunt
1144 3642 1225 3707 hymn.
1242 3687 1244 3691 .

726 3717 798 3766 Hom.
805 3717 837 3764 43
848 3732 901 3781 sqq.
911 3734 918 3776 3
935 3715 1031 3766 Callim.
1041 3714 1098 3775 viii3
1115 3715 1225 3781 Apollod.

725 3795 748 3842 1.
760 3809 784 3840 v.
797 3793 826 3851 l;
851 3791 937 3840 Noster
955 3789 1016 3855 ipse,
1026 3790 1094 3837 Fast.
1109 3791 1158 3839 455
1173 3805 1224 3854 sqq.

727 3866 812 3930 Defuit
822 3867 889 3921 orbis,
900 3864 967 3912 nulla
977 3862 1092 3928 superfuit
1101 3879 1158 3927 pars
1166 3862 1226 3912 orbis

726 3948 848 3996 terrarum,
871 3937 911 3986 ubi
931 3944 1056 4001 quereret.
1090 3936 1225 3993 Sicaniae

727 4012 828 4067 Sicanis,
838 4012 880 4076 qui
890 4027 920 4060 ex
931 4010 1010 4059 Iberia
1025 4010 1222 4075 immigrarerant.

726 4085 834 4150 Thucyd.
842 4085 876 4134 vi.
883 4087 908 4135 2.
920 4086 1003 4133 Omnia
1010 4087 1222 4149 nandssctmempe

728 4159 825 4209 mutatis
836 4168 917 4209 manet
926 4173 1009 4208 sensus
1018 4157 1141 4222 pristinus.
