2812 5010
166 323 232 391 144
390 329 415 338 “’
459 321 499 386 Ρ.
523 316 685 389 OVIDII
710 315 921 383 NASONIS

170 493 341 569 Lumina.
386 493 584 592 Purpurea
600 492 745 567 velatus
762 499 867 566 veste
883 488 1039 564 sedebat

170 611 217 685 In
235 611 326 686 solio
344 609 525 696 Phoebus,
545 607 655 685 claris
674 609 824 680 lucente
841 601 1064 700 zmaragdis.

170 727 206 800 A
223 727 358 801 dextra
373 726 557 823 laevaque,
578 724 683 810 Dies,
704 733 743 796 et
760 721 919 808 Mensis
939 729 978 794 et
991 718 1137 803 Annua,
1166 720 1215 789 25

173 843 400 939 Seculaque,
419 851 458 916 et
475 840 609 940 positae
628 838 759 938 spatiis
778 835 988 935 aequalibus
1007 833 1145 909 Horae:

171 958 324 1055 Verque
341 982 478 1031 novum
496 958 635 1045 stabat,
656 957 822 1031 cinctum
839 955 996 1029 florente
1014 973 1175 1027 corona:

173 1073 307 1148 Stabat
325 1072 426 1147 nuda
443 1072 581 1160 AEstas,
597 1081 636 1148 et
654 1073 782 1170 spicea
799 1080 899 1146 serta
916 1068 1096 1166 gerebat:

174 1190 310 1265 Stabat
322 1199 362 1265 et
379 1188 608 1276 Autumnus,
627 1187 782 1263 calcatis
801 1187 974 1262 sordidus
993 1184 1096 1270 uvis;

173 1305 224 1378 Et
240 1303 409 1402 glacialis
429 1303 575 1392 Hiems
595 1327 709 1378 canos
728 1302 873 1376 hirsuta
889 1301 1059 1402 capillos
1168 1301 1217 1370 30

172 1420 267 1496 Inde
283 1421 366 1497 loco
384 1421 544 1519 medius
563 1445 687 1496 rerum
704 1420 869 1495 novitate
887 1425 1087 1517 paventem

172 1537 238 1610 Sol
255 1537 373 1611 oculis
387 1539 576 1634 juvenem,
593 1536 729 1635 quibus
748 1534 884 1634 aspicit
901 1531 1040 1616 omnia,
1054 1527 1162 1602 vidit.

175 1660 199 1690 “
212 1651 463 1749 Quaequeviae
474 1652 543 1728 tibi
554 1653 689 1727 causa?
705 1652 796 1749 quid
806 1647 964 1736 hac,ait,
976 1670 1062 1721 arce
1072 1642 1217 1742 petisti,

174 1766 392 1863 Progenies,
413 1766 624 1855 Phaethon,
644 1767 746 1841 haud
763 1765 964 1839 inficianda
976 1759 1123 1862 parenti
1136 1758 1174 1832 t”

174 1880 245 1960 Ille
261 1881 395 1956 refert:
418 1890 443 1920 “
460 1883 493 1954 Ο
514 1885 581 1958 lux
597 1881 771 1959 immensi
788 1882 942 1979 publica
958 1877 1101 1963 mundi,
1168 1878 1217 1948 35

175 1996 320 2071 Phoebe
338 2008 455 2095 pater,
476 1997 506 2070 si
525 1997 593 2072 das
611 1999 722 2096 hujus
741 1997 832 2071 mihi
849 1994 1010 2071 nominis
1028 2017 1152 2078 usum,

171 2311 323 2362 inducuntur.
342 2314 460 2365 Praeterea
467 2333 610 2379 purpureum
620 2334 670 2368 om·
721 2320 823 2386 γυμνὸς,
833 2317 919 2366 dicitur
937 2314 1009 2364 ctiam
1022 2312 1051 2370 1⁸2
1063 2310 1104 2377 qni
1115 2325 1163 2360 ¹¹⁰⁰
1173 2308 1219 2361 ”5⁸3

174 2386 229 2434 nino
245 2385 352 2436 lucidum
366 2396 391 2437 et
404 2389 554 2454 splendidum
570 2392 671 2442 colorem
721 2394 804 2445 tunica
817 2393 915 2441 indutus
929 2398 972 2438 est.
998 2387 1038 2437 Sic
1048 2389 1107 2436 nudi
1120 2386 1220 2435 trabant

174 2459 305 2525 significat:
322 2462 385 2512 uude
398 2481 540 2527 purpuram
556 2467 617 2517 Sulis
634 2469 670 2518 lu·
721 2469 787 2527 Itali,
806 2467 915 2518 serebant
934 2462 1083 2525 nudi,Vi1·g.
1101 2461 1188 2523 Georg.
1202 2457 1221 2508 i·

174 2551 225 2583 man
236 2534 304 2599 Virg.
314 2537 373 2585 AEn.
384 2537 416 2585 vi.
426 2539 483 2587 641.
493 2539 594 2591 etalibi.
721 2546 777 2594 299.
807 2543 907 2592 Calcatis
922 2541 981 2588 sord.
997 2539 1049 2585 uvis
1064 2535 1138 2584 etiam
1151 2536 1218 2584 Fffit·

206 2609 247 2658 23.
258 2609 380 2673 luminu]
396 2610 497 2661 Lumina
506 2613 613 2678 propiora
624 2629 672 2663 nun
721 2617 821 2667 iv.892.
849 2609 1140 2664 calcabunturenimuvae
1151 2607 1218 2672 pcdi-

175 2682 272 2732 t'erebat.
293 2683 437 2750 ct.40sqq.
459 2686 671 2753 anrugdir.Scri·
720 2693 774 2742 buu.
803 2692 909 2755 Propert.
919 2687 968 2735 IH.
976 2703 1016 2736 xv.
1029 2683 1152 2733 lssrNouu
1160 2698 1219 2744 W·

175 2755 280 2805 bendum
294 2774 346 2806 esse
361 2764 504 2826 zmaragdus,
515 2777 562 2811 non
572 2779 672 2828 smarag-
721 2775 791 2816 sentes
812 2767 916 2826 inquinet
934 2779 979 2810 uua
994 2761 1070 2822 pedes.
1100 2755 1181 2807 Tibul·
1197 2755 1219 2805 l·

176 2832 227 2886 dur,
244 2831 315 2879 docet
331 2833 450 2881 Brouckh.
468 2833 499 2883 ad
512 2836 619 2900 Propert„
637 2835 672 2886 II.
723 2840 762 2888 vii.
777 2842 826 2889 ³5:
844 2853 930 2900 sapores
942 2835 1051 2897 romena
1064 2833 1161 2880 incultis
1173 2847 1220 2879 twa

176 2902 226 2951 xm.
242 2904 285 2952 ra.
319 2905 351 2952 at
370 2905 395 2955 h.
410 2906 428 2954 r.
446 2908 479 2956 sic
500 2923 581 2958 omnes
602 2911 672 2960 mss.
719 2917 820 2979 panau.
853 2910 908 2960 Scio
924 2907 1029 2974 quidem,
1040 2907 1156 2954 sordidum
1172 2919 1221 2953 που

176 2975 304 3042 zmaragdo
321 2979 416 3038 tertium
435 2983 495 3030 inter
514 2999 620 3047 gemmas
636 2984 672 3034 lo·
721 2987 874 3053 contemptim
884 2984 932 3034 dici
947 2981 1015 3048 (vide
1034 2981 1064 3029 ad
1075 2980 1093 3028 i.
1103 2978 1180 3042 5123)
1196 2978 1223 3026 iu

177 3065 232 3099 cnm
246 3051 328 3100 tribuit
337 3052 402 3103 Plin.
413 3055 477 3104 Hist.
488 3058 574 3106 Natur.
583 3058 673 3107 xxxvii.
721 3064 786 3128 regia
798 3070 877 3111 tamen
888 3067 937 3109 tam
945 3055 1071 3124 splendida
1077 3053 1154 3118 magis
1162 3051 1221 3103 mihi

176 3125 200 3173 5.
211 3124 299 3190 quippe
308 3128 376 3192 cujus
386 3127 485 3193 insignis
496 3129 603 3181 viriditas
613 3147 674 3182 nuu-
722 3138 828 3203 placeret
842 3151 896 3184 cum
910 3135 993 3183 Horat.
1003 3129 1079 3195 Epod.
1089 3128 1114 3178 ii.
1127 3129 1167 3176 17.
1180 3144 1220 3188 1³⁰·

177 3213 250 3261 quam
260 3199 330 3248 satiet
343 3202 430 3260 oculos,
441 3219 481 3254 cos
496 3204 575 3269 potius
589 3206 674 3270 gratis·
722 3215 763 3259 mis
781 3212 886 3258 &cuum
906 3216 976 3268 caput
995 3205 1096 3254 offerens
1117 3200 1221 3250 Autom-

176 3270 235 3320 sime
247 3282 346 3324 recreet.
722 3299 785 3343 nus„
799 3283 907 3337 Hirsuta,
917 3280 1052 3345 incompta:
1070 3279 1124 3325 cuni
1141 3276 1222 3338 capilli

209 3348 384 3406 25.Adeatra,
396 3351 456 3415 eto]
469 3352 620 3418 Ingeniosum
630 3355 674 3422 fig·
722 3358 856 3407 tribuuntur
881 3354 954 3403 hiemi
977 3359 1091 3416 tanquam
1116 3350 1176 3408 seui,
1197 3359 1222 3400 et
1249 3410 1251 3414 Ι

175 3429 290 3480 mentum,
307 3439 354 3488 quo
368 3425 540 3476 ncisdtudines
556 3430 674 3494 temporis,
722 3439 816 3496 propter
826 3428 900 3478 nives.
932 3429 972 3477 De
986 3427 1023 3474 his
1036 3423 1223 3475 annivicistitu·

176 3494 376 3578 quaelefficiuntur
386 3497 486 3551 decursu
497 3501 565 3558 Solis,
580 3511 674 3567 sumpta
722 3506 818 3556 dinibus
835 3504 867 3553 ci.
880 3505 928 3554 loc.
943 3502 1013 3567 longe
1029 3499 1224 3565 elegantissimus

176 3585 255 3633 specio
282 3585 434 3635 personarum
460 3573 621 3632 circumstant,
644 3591 673 3625 er
723 3599 763 3632 xv.
774 3581 912 3629 201-213.

176 3651 243 3706 parte
253 3659 307 3692 cum
319 3644 438 3696 attributis
449 3647 506 3705 suis,
518 3647 568 3713 cjus
577 3650 672 3699 solium.
756 3655 861 3703 31-52.
868 3651 927 3701 Iade
936 3653 981 3700 tono
991 3655 1086 3707 madius,
1095 3649 1156 3712 ctu]
1169 3648 1221 3698 Pri·

194 3718 249 3799 .².⁶·
261 3719 350 3782 Hora]
367 3720 429 3770 Solis
438 3721 560 3780 ministro,
571 3723 627 3773 coeli
635 3725 674 3789 ja·
724 3746 775 3778 mus
786 3728 859 3794 patris
868 3735 893 3777 et
900 3726 944 3775 filii
953 3741 1099 3792 congressus.
1133 3726 1223 3773 Rerum

176 3797 281 3847 nrtnces,
295 3795 407 3858 πυλωροὶ
422 3798 466 3845 τοῦ
481 3797 595 3863 οὐρανοῦ.
623 3799 674 3848 Ho:
722 3806 821 3852 nouitate
829 3810 956 3864 pauentem,
966 3809 992 3850 ut
998 3799 1115 3849 Aristaeus
1121 3797 1224 3847 humida

176 3877 235 3911 mer.
245 3864 277 3914 Il.
289 3871 318 3916 E.
330 3867 410 3918 πύλαι
421 3869 500 3936 μύκον
517 3872 632 3936 οὐρανοῦ,
643 3873 674 3931 ἃς
723 3876 804 3925 matris
822 3890 895 3939 regna
914 3874 1033 3940 ingressus
1051 3873 1115 3939 apud
1132 3872 1222 3937 Virgil-

176 3934 236 4000 ἔχον
246 3935 312 4011 dpur,
323 3948 368 3990 etc.
723 3952 810 4014 Georg.
816 3948 848 3997 iv.
855 3951 903 3999 363
911 3966 964 4014 sqq.
981 3950 1063 3999 Verba
1070 3950 1150 4011 paribus
1160 3949 1221 4008 uspi-

177 4082 181 4090 Ι
202 4010 250 4092 ,2,7.
269 4011 435 4073 Ver-nouum,
452 4017 545 4076 dicitur,
564 4018 621 4083 quia
638 4028 675 4068 est
723 4027 755 4072 cit
772 4027 847 4072 omnia
865 4022 884 4071 si
902 4025 1019 4079 abessent,
1037 4038 1085 4071 nou
1100 4020 1220 4070 desidera-

175 4090 269 4132 tmtrum
286 4089 342 4136 anni
357 4091 420 4140 novi.
454 4092 568 4152 Florentc,
583 4110 597 4144 e
612 4093 674 4143 flori·
724 4105 810 4146 rentur.
832 4097 871 4144 Sol
883 4095 1020 4161 πανδέρκης
1027 4097 1079 4160 jam
1090 4095 1161 4144 i.769
1169 4109 1220 4143 me-

176 4157 229 4215 bus,
240 4170 354 4223 proventu
366 4180 444 4222 verno,
455 4183 525 4216 nexa
551 4169 636 4218 Nudus
649 4177 674 4216 et
725 4180 834 4220 moratus.
