2812 5010
243 333 715 400 METAMORPHOSEON
739 334 830 400 LIB.
853 335 897 401 V.
1039 338 1105 404 347

53 511 213 609 Templa
230 511 454 610 petebamus
473 507 678 584 Parnasia:
707 509 802 583 vidit
820 520 974 600 euntes3

53 629 269 724 Nostraque
287 626 412 700 fallaci
425 635 623 699 veneratus
642 626 797 699 numina
811 627 937 701 cultu:
971 626 1100 723 [dixit3

54 751 78 781 “
110 740 416 828 Mnemonidas,”
451 751 631 838 cognorat
665 741 778 828 enim,
817 751 840 780 “
869 741 1103 829 consistite‚”

55 868 78 896 “
99 857 183 932 Nec
202 858 386 944 dubitate,
407 880 551 955 precor,
571 866 674 930 tecto
703 881 814 952 grave
842 857 946 931 sidus
975 869 1014 931 et
1036 858 1105 930 im-

54 973 182 1048 lmber
197 984 289 1060 erat,
306 981 328 1011 “
345 974 462 1046 vitare
476 997 581 1046 meo:
603 973 751 1046 subiere
762 974 924 1047 minores
944 968 1105 1068 [brem,'’

56 1090 167 1189 Saepe
186 1114 295 1163 casas
316 1088 489 1187 Superi.'’
543 1089 667 1162 Dictis
686 1100 725 1164 et
742 1101 911 1188 ternpore
930 1101 1044 1164 motae

55 1205 347 1301 Annuimusque
364 1206 455 1291 viro,
475 1206 692 1304 primasque
710 1208 928 1280 intravimus
946 1208 1060 1281 aedes.

56 1323 259 1396 Desierant
278 1323 436 1410 imbres3
465 1323 642 1420 victoque
661 1323 912 1421 Aquilonibus
931 1322 1072 1396 Austro

56 1438 180 1512 Fusca
199 1449 398 1537 repurgato
415 1439 614 1534 fugiebant
632 1441 761 1512 nubila
779 1441 886 1513 coelo.
1032 1445 1105 1514 286

56 1554 228 1653 Impetus
247 1555 299 1627 ire
317 1554 412 1628 fuit:
441 1555 583 1627 claudit
602 1581 670 1628 sna
687 1565 788 1629 tecta
806 1556 1024 1653 Pyreneus;

54 1669 221 1768 Vimque
238 1682 357 1769 parat,
378 1694 491 1767 quam
511 1696 577 1743 nos
597 1671 758 1770 sumptis
778 1671 977 1766 effugimus
995 1673 1077 1747 alis.

58 1786 148 1886 Ipse
168 1798 373 1884 sequuturo
394 1787 525 1859 similis
544 1788 650 1861 stetit
668 1789 805 1861 arduus
824 1812 930 1862 arce:

59 1913 84 1941 “
103 1901 267 1999 Quaque
285 1902 345 1975 via
364 1913 422 1975 est
438 1903 557 1988 vobis,
578 1905 648 1977 erit
666 1915 704 1978 et
727 1903 854 1990 mihi‚”
873 1904 981 1990 dixit,
1001 1914 1027 1945 “
1046 1929 1108 1978 ea·

59 2019 429 2116 Sequejacitvecors
441 2045 462 2093 e
475 2046 631 2094 summae
643 2021 805 2095 culmine
817 2020 946 2123 turris3
962 2021 1065 2116 [dem
1075 2021 1110 2109 ;”

60 2135 111 2209 Et
128 2135 232 2208 cadit
248 2136 286 2206 in
304 2137 440 2222 vultus,
453 2136 691 2234 discussique
709 2137 856 2210 ossibus
875 2136 949 2207 oris
1002 2147 1108 2234 [tam.

60 2250 206 2323 Tundit
232 2252 388 2323 humum
415 2254 577 2326 moriens
597 2253 781 2326 scelerato
809 2252 990 2346 sanguine
1015 2252 1110 2325 tinc-

110 2365 225 2439 Musa
240 2368 487 2464 loquebatur:
517 2393 652 2467 pennae
671 2391 828 2441 sonuere
846 2390 913 2465 per
932 2391 1061 2455 auras;

91 2552 150 2600 280.
179 2548 303 2600 Consistere
331 2552 423 2618 proprie
444 2551 563 2609 dicuntur,
614 2553 657 2601 alis
675 2553 700 2602 h.
713 2569 735 2602 e.
756 2552 850 2617 ingenio
871 2551 965 2617 poetico
982 2549 1111 2600 destitutus

59 2625 102 2689 qui
123 2641 139 2673 a
159 2641 229 2674 cursu
255 2636 296 2674 aut
320 2626 403 2674 itinere
429 2627 563 2691 quiescunt.
613 2627 691 2685 fuerit,
710 2636 790 2676 tamen
806 2627 1005 2682 volarevolnerit‚
1023 2634 1055 2683 et,
1068 2642 1110 2692 pa·

62 2700 153 2748 anrr.
186 2701 262 2757 Sidus,
274 2707 413 2765 tempestas,
429 2700 485 2765 quia
500 2709 564 2749 ortus
613 2719 665 2751 rum
683 2703 824 2768 procedente
836 2717 914 2767 opera,
932 2699 1000 2765 quasi
1012 2699 1060 2748 vim
1076 2701 1112 2748 in·
1129 2737 1131 2741 «

60 2772 167 2821 siderum
185 2781 209 2821 et
224 2790 322 2823 occasus
339 2783 493 2840 tempestates
508 2790 564 2824 con·
613 2777 673 2825 serre
692 2776 777 2833 Musis,
792 2775 833 2825 sed
851 2774 892 2840 qui
909 2775 992 2824 frustra
1010 2775 1112 2824 desuda·

61 2847 128 2896 citat.
150 2848 213 2896 Flor.
225 2848 259 2898 ΙΙ.
272 2848 320 2898 viii.
332 2851 358 2897 8.
371 2851 410 2897 boc
421 2851 484 2898 velut
494 2852 566 2900 sidere
616 2850 683 2899 verit.

61 2924 160 2970 Asiatici
191 2925 243 2970 belli
268 2933 328 2971 mota
356 2933 480 2986 tempestas.
519 2924 566 2973 Sed
648 2926 787 2974 att-678.
797 2926 916 2973 Certamen
926 2924 1046 2972 Murciam
1063 2941 1115 2971 cum

61 2997 215 3044 Burmannus
229 2998 311 3045 mallet
325 3014 396 3062 grave
405 2997 498 3063 frigus,
509 2997 567 3062 quia
618 2999 771 3061 Pici-idibus]
795 2999 899 3047 Pausan.
917 2999 998 3046 Boeot.
1015 3015 1038 3062 p.
1058 2998 1115 3046 765.

61 3078 139 3134 poetae
150 3087 220 3135 gram
230 3075 292 3120 sidus
302 3087 386 3121 vocare
397 3073 474 3121 solent
488 3089 566 3122 acrem
617 3083 698 3123 auctor
713 3083 749 3122 est
761 3073 856 3122 Piernm
871 3072 1030 3121 Macedonem
1047 3071 1114 3121 Thes·

63 3145 139 3193 solem
157 3153 181 3193 et
198 3145 254 3195 inde
269 3146 434 3196 vehementem
450 3148 565 3205 calorem
615 3151 665 3210 piae
675 3148 775 3205 venisse,
792 3147 873 3210 ibique
887 3145 1025 3202 instituisse,
1042 3154 1069 3195 ut
1084 3161 1114 3195 ex

63 3217 106 3267 sed
124 3219 189 3268 bunc
206 3235 252 3268 non
272 3220 396 3270 convenire
412 3221 489 3279 imbri,
500 3222 565 3287 qnia,
616 3221 735 3269 Thracum
750 3221 875 3286 disciplina
889 3237 974 3270 novem
989 3221 1068 3268 Musae
1085 3219 1114 3267 iis

63 3307 138 3356 quum
157 3293 199 3359 ille
216 3293 297 3352 cadat,
314 3295 464 3344 vehementia
484 3296 567 3345 sideris
617 3295 759 3353 nominibus,
781 3295 868 3360 quibus
891 3294 970 3343 adhuc
992 3294 1115 3359 appellan-

63 3366 202 3430 frengetur3
219 3383 273 3431 quae
292 3368 472 3418 omniafrustra
490 3371 520 3418 ab
538 3386 566 3419 eo
618 3378 663 3424 tur,
684 3369 824 3418 colerentur.
860 3369 897 3416 Ex
916 3367 1015 3416 aliorum
1035 3375 1116 3416 autem

64 3439 157 3488 monita
168 3448 234 3490 sunt.
617 3441 726 3507 opinione
738 3442 816 3507 ipsum
828 3441 938 3490 babuisse
949 3456 1032 3489 novem
1047 3440 1116 3496 filias,

97 3515 154 3561 284.
173 3515 339 3573 Primarcdes,
353 3514 447 3565 atrium.
480 3516 510 3564 In
525 3532 566 3581 pe·
618 3531 677 3580 quas
688 3517 812 3564 Musarum
830 3514 963 3563 nominibus
976 3513 1117 3578 insignierit.

64 3588 168 3636 netralia
189 3598 350 3655 corruptorum
368 3597 393 3637 et
411 3598 568 3638 veteratorum
618 3590 671 3637 Hoc
688 3604 769 3637 earum
780 3599 894 3637 certamen
912 3605 925 3636 e
940 3587 1063 3636 Nicandro
1079 3603 1115 3636 re·

65 3661 143 3710 Musis
155 3660 190 3710 las
201 3670 244 3711 aut
258 3662 332 3728 pudor
343 3663 437 3711 introire
452 3680 498 3711 non
513 3680 569 3728 per·
619 3663 664 3710 fert
672 3661 745 3710 etiam
756 3663 847 3710 Anton.
858 3661 910 3709 Lib.
921 3660 955 3708 ix.
976 3661 1012 3708 Eo
1023 3668 1118 3710 auctore

65 3735 148 3784 mittit.
619 3738 744 3784 Musarum
771 3744 843 3784 cantu
864 3743 914 3783 tota
934 3750 1011 3783 rerum
1032 3742 1118 3784 natura

97 3811 156 3858 291.
188 3811 275 3867 Verere,
304 3811 391 3875 injecta
417 3810 439 3859 ei
466 3810 568 3860 insania.
619 3808 719 3858 delinita
736 3817 780 3866 est,
792 3809 913 3857 Pieridum
924 3815 1007 3856 eontra
1016 3807 1117 3873 strepitu

68 3882 160 3941 Turris,
171 3885 244 3948 regia.
619 3884 722 3933 tenebris
737 3883 851 3933 involuta.
886 3883 964 3933 Vietae
975 3883 1083 3932 Pierides
1092 3884 1117 3933 in

99 3958 158 4006 293.
173 3957 261 4006 Tendit
275 3960 375 4016 tremum,
392 3960 451 4022 eta]
471 3957 568 4007 Fabutae
621 3975 703 4007 novem
714 3959 820 4008 diversas
830 3973 886 4007 aves
895 3965 1027 4007 mutantur.
1056 3959 1118 4007 Pen-

65 4044 162 4080 semum
188 4031 371 4096 deprehendisse
404 4033 449 4081 sibi
476 4032 570 4082 videtur
619 4051 653 4082 ac
668 4051 769 4091 sonuere,
784 4034 881 4083 auditus
899 4041 936 4082 est
953 4034 1050 4097 clangor
1067 4034 1118 4083 ala-

67 4102 172 4155 Satrius.
206 4107 281 4155 Putat
302 4107 374 4164 enim,
394 4108 483 4171 Pyren.
506 4107 569 4155 bunc
619 4125 679 4158 rum.
713 4110 872 4157 Salutantum.
889 4108 984 4173 Nempe
998 4123 1053 4157 aves
1070 4108 1118 4158 illae

67 4178 141 4229 luisse
164 4181 254 4229 malum
282 4190 386 4248 poetam,
407 4180 456 4247 qui,
477 4181 570 4230 etiamsi
620 4183 737 4234 aGraecis
747 4193 771 4234 et
782 4183 899 4234 Romanis
910 4184 1056 4234 docebantur
1065 4185 1119 4235 red·

1132 4570 1332 4704 'fl
