<?xml version="1.0" encoding="UTF-8"?>
<!DOCTYPE html PUBLIC "-//W3C//DTD XHTML 1.0 Transitional//EN"
    "http://www.w3.org/TR/xhtml1/DTD/xhtml1-transitional.dtd">
<html xmlns="http://www.w3.org/1999/xhtml" xml:lang="en" lang="en">
 <head>
  <title>
</title>
<meta http-equiv="Content-Type" content="text/html;charset=utf-8" />
  <meta name='ocr-system' content='tesseract 3.04.00' />
  <meta name='ocr-capabilities' content='ocr_page ocr_carea ocr_par ocr_line ocrx_word'/>
</head>
<body>
  <div class='ocr_page' id='page_1' title='image "./povidiinasoniso04burmgoog_0420.png"; bbox 0 0 2812 5010; ppageno 0'>
   <div class='ocr_carea' id='block_1_1' title="bbox 260 325 1109 395">
    <p class='ocr_par' dir='ltr' id='par_1_1' title="bbox 260 325 1109 395">
     <span class='ocr_line' id='line_1_1' title="bbox 260 325 1109 395; baseline 0.004 -3"><span class='ocrx_word' id='word_1_1' title='bbox 260 325 728 392; x_wconf 84' lang='lat' dir='ltr'>METAMORPHOSEON</span> <span class='ocrx_word' id='word_1_2' title='bbox 752 325 842 392; x_wconf 92' lang='lat' dir='ltr'>LIB.</span> <span class='ocrx_word' id='word_1_3' title='bbox 867 326 930 393; x_wconf 84' lang='lat' dir='ltr'>VI.</span> <span class='ocrx_word' id='word_1_4' title='bbox 1042 332 1109 395; x_wconf 86' lang='grc'>409</span> 
     </span>
    </p>
   </div>
   <div class='ocr_carea' id='block_1_2' title="bbox 61 499 1102 1642">
    <p class='ocr_par' dir='ltr' id='par_1_2' title="bbox 61 499 1102 1642">
     <span class='ocr_line' id='line_1_2' title="bbox 62 499 1055 600; baseline 0.005 -26"><span class='ocrx_word' id='word_1_5' title='bbox 62 500 114 575; x_wconf 91' lang='lat' dir='ltr'>Et</span> <span class='ocrx_word' id='word_1_6' title='bbox 133 500 254 578; x_wconf 88' lang='lat' dir='ltr'>Nelea</span> <span class='ocrx_word' id='word_1_7' title='bbox 270 500 401 600; x_wconf 72' lang='lat' dir='ltr'>Pylon,</span> <span class='ocrx_word' id='word_1_8' title='bbox 420 524 545 598; x_wconf 88' lang='lat' dir='ltr'>neque</span> <span class='ocrx_word' id='word_1_9' title='bbox 562 501 683 574; x_wconf 90' lang='lat' dir='ltr'>adhuc</span> <span class='ocrx_word' id='word_1_10' title='bbox 702 499 871 575; x_wconf 90' lang='lat' dir='ltr'>Pittheia</span> <span class='ocrx_word' id='word_1_11' title='bbox 885 501 1055 594; x_wconf 87' lang='lat' dir='ltr'>Troezen,</span> 
     </span>
     <span class='ocr_line' id='line_1_3' title="bbox 64 615 1091 715; baseline 0.007 -26"><span class='ocrx_word' id='word_1_12' title='bbox 64 615 237 715; x_wconf 88' lang='lat' dir='ltr'>Quaeque</span> <span class='ocrx_word' id='word_1_13' title='bbox 254 618 366 691; x_wconf 87' lang='lat' dir='ltr'>urbes</span> <span class='ocrx_word' id='word_1_14' title='bbox 385 617 466 690; x_wconf 89' lang='lat' dir='ltr'>aliae</span> <span class='ocrx_word' id='word_1_15' title='bbox 483 617 614 691; x_wconf 83' lang='lat' dir='ltr'><strong>bimari</strong></span> <span class='ocrx_word' id='word_1_16' title='bbox 632 618 858 692; x_wconf 91' lang='lat' dir='ltr'>clauduntur</span> <span class='ocrx_word' id='word_1_17' title='bbox 876 621 923 693; x_wconf 91' lang='lat' dir='ltr'>ab</span> <span class='ocrx_word' id='word_1_18' title='bbox 942 620 1091 708; x_wconf 91' lang='lat' dir='ltr'>isthm0‚</span> 
     </span>
     <span class='ocr_line' id='line_1_4' title="bbox 63 730 1096 832; baseline 0.01 -29"><span class='ocrx_word' id='word_1_19' title='bbox 63 730 318 830; x_wconf 89' lang='lat' dir='ltr'>Exteriusque</span> <span class='ocrx_word' id='word_1_20' title='bbox 337 733 418 806; x_wconf 89' lang='lat' dir='ltr'>sitae</span> <span class='ocrx_word' id='word_1_21' title='bbox 436 733 568 807; x_wconf 85' lang='lat' dir='ltr'>bimari</span> <span class='ocrx_word' id='word_1_22' title='bbox 586 745 805 832; x_wconf 81' lang='lat' dir='ltr'>spectantur</span> <span class='ocrx_word' id='word_1_23' title='bbox 823 737 870 810; x_wconf 89' lang='lat' dir='ltr'>ab</span> <span class='ocrx_word' id='word_1_24' title='bbox 889 737 1038 812; x_wconf 92' lang='lat' dir='ltr'>isthmo.</span> <span class='ocrx_word' id='word_1_25' title='bbox 1094 738 1096 742; x_wconf 45' lang='lat'><em>⁴</em></span> 
     </span>
     <span class='ocr_line' id='line_1_5' title="bbox 63 845 1100 947; baseline 0.009 -29"><span class='ocrx_word' id='word_1_26' title='bbox 63 845 228 924; x_wconf 81' lang='lat' dir='ltr'>Credere</span> <span class='ocrx_word' id='word_1_27' title='bbox 247 849 332 946; x_wconf 92' lang='lat' dir='ltr'>quis</span> <span class='ocrx_word' id='word_1_28' title='bbox 350 849 494 947; x_wconf 78' lang='lat' dir='ltr'><strong>possit?</strong></span> <span class='ocrx_word' id='word_1_29' title='bbox 521 850 609 924; x_wconf 90' lang='lat' dir='ltr'>solae</span> <span class='ocrx_word' id='word_1_30' title='bbox 627 851 807 926; x_wconf 71' lang='lat' dir='ltr'>cessastis</span> <span class='ocrx_word' id='word_1_31' title='bbox 824 850 997 927; x_wconf 84' lang='lat' dir='ltr'>Athenae.</span> <span class='ocrx_word' id='word_1_32' title='bbox 1030 858 1100 927; x_wconf 84' lang='lat'>421</span> 
     </span>
     <span class='ocr_line' id='line_1_6' title="bbox 63 961 938 1065; baseline 0.008 -31"><span class='ocrx_word' id='word_1_33' title='bbox 63 961 223 1037; x_wconf 88' lang='lat' dir='ltr'>Obstitit</span> <span class='ocrx_word' id='word_1_34' title='bbox 239 964 360 1037; x_wconf 90' lang='lat' dir='ltr'>officio</span> <span class='ocrx_word' id='word_1_35' title='bbox 377 965 530 1053; x_wconf 90' lang='lat' dir='ltr'>bellum,</span> <span class='ocrx_word' id='word_1_36' title='bbox 550 967 805 1064; x_wconf 86' lang='lat' dir='ltr'>subvectaque</span> <span class='ocrx_word' id='word_1_37' title='bbox 822 978 938 1065; x_wconf 92' lang='lat' dir='ltr'>ponto</span> 
     </span>
     <span class='ocr_line' id='line_1_7' title="bbox 63 1076 1001 1180; baseline 0.009 -30"><span class='ocrx_word' id='word_1_38' title='bbox 63 1076 232 1153; x_wconf 81' lang='lat' dir='ltr'>Barbara</span> <span class='ocrx_word' id='word_1_39' title='bbox 250 1079 471 1180; x_wconf 89' lang='lat' dir='ltr'>Mopsopios</span> <span class='ocrx_word' id='word_1_40' title='bbox 488 1084 679 1157; x_wconf 88' lang='lat' dir='ltr'>terrebant</span> <span class='ocrx_word' id='word_1_41' title='bbox 696 1083 846 1180; x_wconf 86' lang='lat' dir='ltr'>agmina</span> <span class='ocrx_word' id='word_1_42' title='bbox 863 1108 1001 1158; x_wconf 91' lang='lat' dir='ltr'>muros.</span> 
     </span>
     <span class='ocr_line' id='line_1_8' title="bbox 61 1192 907 1300; baseline 0.007 -34"><span class='ocrx_word' id='word_1_43' title='bbox 61 1192 255 1300; x_wconf 86' lang='lat' dir='ltr'>Threicius</span> <span class='ocrx_word' id='word_1_44' title='bbox 273 1196 415 1272; x_wconf 87' lang='lat' dir='ltr'>Tereus</span> <span class='ocrx_word' id='word_1_45' title='bbox 433 1200 514 1273; x_wconf 88' lang='lat' dir='ltr'>haee</span> <span class='ocrx_word' id='word_1_46' title='bbox 531 1199 776 1274; x_wconf 90' lang='lat' dir='ltr'>auxiliaribus</span> <span class='ocrx_word' id='word_1_47' title='bbox 795 1199 907 1272; x_wconf 90' lang='lat' dir='ltr'>armis</span> 
     </span>
     <span class='ocr_line' id='line_1_9' title="bbox 63 1308 1102 1402; baseline 0.009 -21"><span class='ocrx_word' id='word_1_48' title='bbox 63 1308 247 1402; x_wconf 80' lang='lat' dir='ltr'>Fuderat3</span> <span class='ocrx_word' id='word_1_49' title='bbox 269 1323 307 1387; x_wconf 92' lang='lat' dir='ltr'>et</span> <span class='ocrx_word' id='word_1_50' title='bbox 324 1314 466 1387; x_wconf 87' lang='lat' dir='ltr'>clarum</span> <span class='ocrx_word' id='word_1_51' title='bbox 479 1314 663 1390; x_wconf 90' lang='lat' dir='ltr'>vincendo</span> <span class='ocrx_word' id='word_1_52' title='bbox 676 1339 814 1389; x_wconf 91' lang='lat' dir='ltr'>nomen</span> <span class='ocrx_word' id='word_1_53' title='bbox 827 1315 1012 1390; x_wconf 88' lang='lat' dir='ltr'>habebat:</span> <span class='ocrx_word' id='word_1_54' title='bbox 1027 1320 1102 1390; x_wconf 80' lang='lat'>425</span> 
     </span>
     <span class='ocr_line' id='line_1_10' title="bbox 62 1421 1101 1530; baseline 0.006 -31"><span class='ocrx_word' id='word_1_55' title='bbox 62 1424 186 1509; x_wconf 87' lang='lat' dir='ltr'>Quem</span> <span class='ocrx_word' id='word_1_56' title='bbox 202 1428 273 1502; x_wconf 90' lang='lat' dir='ltr'>sibi</span> <span class='ocrx_word' id='word_1_57' title='bbox 292 1421 465 1504; x_wconf 89' lang='lat' dir='ltr'>Pandion</span> <span class='ocrx_word' id='word_1_58' title='bbox 483 1430 696 1530; x_wconf 91' lang='lat' dir='ltr'>opibusque</span> <span class='ocrx_word' id='word_1_59' title='bbox 712 1432 877 1528; x_wconf 88' lang='lat' dir='ltr'>virisque</span> <span class='ocrx_word' id='word_1_60' title='bbox 895 1443 1101 1530; x_wconf 88' lang='lat' dir='ltr'>potentem,</span> 
     </span>
     <span class='ocr_line' id='line_1_11' title="bbox 63 1540 968 1642; baseline 0.007 -28"><span class='ocrx_word' id='word_1_61' title='bbox 63 1540 113 1615; x_wconf 89' lang='lat' dir='ltr'>Et</span> <span class='ocrx_word' id='word_1_62' title='bbox 130 1568 249 1640; x_wconf 87' lang='lat' dir='ltr'>genus</span> <span class='ocrx_word' id='word_1_63' title='bbox 268 1568 290 1618; x_wconf 96' lang='lat' dir='ltr'>a</span> <span class='ocrx_word' id='word_1_64' title='bbox 307 1569 442 1642; x_wconf 90' lang='lat' dir='ltr'>magno</span> <span class='ocrx_word' id='word_1_65' title='bbox 460 1546 662 1622; x_wconf 89' lang='lat' dir='ltr'>ducentem</span> <span class='ocrx_word' id='word_1_66' title='bbox 679 1544 772 1621; x_wconf 87' lang='lat' dir='ltr'>forte</span> <span class='ocrx_word' id='word_1_67' title='bbox 792 1547 968 1633; x_wconf 84' lang='lat' dir='ltr'>Gradive,</span> 
     </span>
    </p>
   </div>
   <div class='ocr_carea' id='block_1_3' title="bbox 45 1800 1111 4237">
    <p class='ocr_par' dir='ltr' id='par_1_3' title="bbox 45 1800 1111 4237">
     <span class='ocr_line' id='line_1_12' title="bbox 59 1800 1103 1872; baseline 0.007 -23"><span class='ocrx_word' id='word_1_68' title='bbox 59 1800 161 1850; x_wconf 85' lang='lat' dir='ltr'>munita.</span> <span class='ocrx_word' id='word_1_69' title='bbox 203 1801 275 1852; x_wconf 76' lang='lat' dir='ltr'>Nelea</span> <span class='ocrx_word' id='word_1_70' title='bbox 295 1806 364 1868; x_wconf 77' lang='lat' dir='ltr'>Pylos</span> <span class='ocrx_word' id='word_1_71' title='bbox 370 1823 379 1865; x_wconf 92' lang='lat'>,·</span> <span class='ocrx_word' id='word_1_72' title='bbox 407 1805 462 1854; x_wconf 87' lang='lat' dir='ltr'>vide</span> <span class='ocrx_word' id='word_1_73' title='bbox 482 1807 514 1855; x_wconf 87' lang='lat' dir='ltr'>ad</span> <span class='ocrx_word' id='word_1_74' title='bbox 531 1807 556 1856; x_wconf 91' lang='lat' dir='ltr'>ii.</span> <span class='ocrx_word' id='word_1_75' title='bbox 606 1808 694 1857; x_wconf 85' lang='lat' dir='ltr'>Tereus</span> <span class='ocrx_word' id='word_1_76' title='bbox 704 1806 812 1872; x_wconf 85' lang='lat' dir='ltr'>subigere</span> <span class='ocrx_word' id='word_1_77' title='bbox 827 1823 874 1855; x_wconf 93' lang='lat' dir='ltr'>non</span> <span class='ocrx_word' id='word_1_78' title='bbox 888 1805 1000 1872; x_wconf 88' lang='lat' dir='ltr'>potuerit.</span> <span class='ocrx_word' id='word_1_79' title='bbox 1035 1806 1103 1856; x_wconf 89' lang='lat' dir='ltr'>Hisi</span> 
     </span>
     <span class='ocr_line' id='line_1_13' title="bbox 59 1875 1103 1944; baseline 0.005 -19"><span class='ocrx_word' id='word_1_80' title='bbox 59 1875 115 1925; x_wconf 86' lang='grc'>609.</span> <span class='ocrx_word' id='word_1_81' title='bbox 150 1876 250 1934; x_wconf 78' lang='lat' dir='ltr'>Trnzen,</span> <span class='ocrx_word' id='word_1_82' title='bbox 263 1879 331 1944; x_wconf 89' lang='lat' dir='ltr'>eujus</span> <span class='ocrx_word' id='word_1_83' title='bbox 341 1895 381 1928; x_wconf 87' lang='lat' dir='ltr'>rex</span> <span class='ocrx_word' id='word_1_84' title='bbox 392 1888 442 1929; x_wconf 91' lang='lat' dir='ltr'>tum</span> <span class='ocrx_word' id='word_1_85' title='bbox 453 1881 556 1929; x_wconf 87' lang='lat' dir='ltr'>nondum</span> <span class='ocrx_word' id='word_1_86' title='bbox 606 1881 637 1930; x_wconf 89' lang='lat' dir='ltr'>ad</span> <span class='ocrx_word' id='word_1_87' title='bbox 645 1881 722 1931; x_wconf 87' lang='lat' dir='ltr'>sinum</span> <span class='ocrx_word' id='word_1_88' title='bbox 729 1881 866 1930; x_wconf 85' lang='lat' dir='ltr'>Saronicum</span> <span class='ocrx_word' id='word_1_89' title='bbox 878 1890 919 1930; x_wconf 86' lang='lat' dir='ltr'>aut</span> <span class='ocrx_word' id='word_1_90' title='bbox 925 1879 1103 1930; x_wconf 84' lang='lat' dir='ltr'>Corinthiacum</span> 
     </span>
     <span class='ocr_line' id='line_1_14' title="bbox 59 1950 1105 2021; baseline 0.008 -24"><span class='ocrx_word' id='word_1_91' title='bbox 59 1957 110 1999; x_wconf 83' lang='lat' dir='ltr'>erat</span> <span class='ocrx_word' id='word_1_92' title='bbox 121 1950 237 2009; x_wconf 70' lang='lat' dir='ltr'>Pittheia,</span> <span class='ocrx_word' id='word_1_93' title='bbox 249 1951 346 2016; x_wconf 87' lang='lat' dir='ltr'>Pelopis</span> <span class='ocrx_word' id='word_1_94' title='bbox 355 1952 427 2003; x_wconf 85' lang='lat' dir='ltr'>filius.</span> <span class='ocrx_word' id='word_1_95' title='bbox 605 1955 751 2014; x_wconf 67' lang='lat' dir='ltr'>habitarunt,</span> <span class='ocrx_word' id='word_1_96' title='bbox 765 1964 834 2017; x_wconf 83' lang='lat' dir='ltr'>ponto</span> <span class='ocrx_word' id='word_1_97' title='bbox 850 1956 944 2018; x_wconf 78' lang='lat' dir='ltr'>subjecti</span> <span class='ocrx_word' id='word_1_98' title='bbox 958 1954 1005 2003; x_wconf 88' lang='lat' dir='ltr'>dici</span> <span class='ocrx_word' id='word_1_99' title='bbox 1021 1964 1105 2021; x_wconf 89' lang='lat' dir='ltr'>potue·</span> 
     </span>
     <span class='ocr_line' id='line_1_15' title="bbox 91 2024 1102 2093; baseline 0.01 -23"><span class='ocrx_word' id='word_1_100' title='bbox 91 2024 148 2073; x_wconf 82' lang='lat'>419.</span> <span class='ocrx_word' id='word_1_101' title='bbox 168 2025 265 2089; x_wconf 70' lang='lat' dir='ltr'>Quaem</span> <span class='ocrx_word' id='word_1_102' title='bbox 273 2028 416 2091; x_wconf 66' lang='lat' dir='ltr'>arbonem]</span> <span class='ocrx_word' id='word_1_103' title='bbox 450 2028 555 2079; x_wconf 83' lang='lat' dir='ltr'>Exorna-</span> <span class='ocrx_word' id='word_1_104' title='bbox 604 2038 667 2078; x_wconf 91' lang='lat' dir='ltr'>runt.</span> <span class='ocrx_word' id='word_1_105' title='bbox 678 2029 952 2085; x_wconf 88' lang='lat' dir='ltr'>ConsentitLactantius,</span> <span class='ocrx_word' id='word_1_106' title='bbox 959 2027 1102 2093; x_wconf 85' lang='lat' dir='ltr'>Argument.</span> 
     </span>
     <span class='ocr_line' id='line_1_16' title="bbox 58 2098 1102 2169; baseline 0.006 -23"><span class='ocrx_word' id='word_1_107' title='bbox 58 2098 93 2147; x_wconf 85' lang='lat' dir='ltr'>vit</span> <span class='ocrx_word' id='word_1_108' title='bbox 113 2098 188 2148; x_wconf 89' lang='lat' dir='ltr'>illud:</span> <span class='ocrx_word' id='word_1_109' title='bbox 216 2101 286 2150; x_wconf 88' lang='lat' dir='ltr'>urbes</span> <span class='ocrx_word' id='word_1_110' title='bbox 306 2102 336 2151; x_wconf 85' lang='lat' dir='ltr'>ab</span> <span class='ocrx_word' id='word_1_111' title='bbox 357 2109 456 2169; x_wconf 83' lang='lat' dir='ltr'>utraque</span> <span class='ocrx_word' id='word_1_112' title='bbox 475 2102 556 2152; x_wconf 85' lang='lat' dir='ltr'>isthmi</span> <span class='ocrx_word' id='word_1_113' title='bbox 609 2103 684 2156; x_wconf 80' lang='lat' dir='ltr'>Quum</span> <span class='ocrx_word' id='word_1_114' title='bbox 691 2105 825 2164; x_wconf 78' lang='lat' dir='ltr'>aproximir,</span> <span class='ocrx_word' id='word_1_115' title='bbox 832 2101 918 2166; x_wconf 90' lang='lat' dir='ltr'>inquit,</span> <span class='ocrx_word' id='word_1_116' title='bbox 926 2105 1057 2152; x_wconf 78' lang='lat' dir='ltr'>civitatibus</span> <span class='ocrx_word' id='word_1_117' title='bbox 1064 2122 1102 2166; x_wconf 81' lang='lat' dir='ltr'>op-</span> 
     </span>
     <span class='ocr_line' id='line_1_17' title="bbox 58 2174 1102 2241; baseline 0.004 -20"><span class='ocrx_word' id='word_1_118' title='bbox 58 2180 134 2238; x_wconf 88' lang='lat' dir='ltr'>parte,</span> <span class='ocrx_word' id='word_1_119' title='bbox 153 2174 223 2223; x_wconf 86' lang='lat' dir='ltr'>urbes</span> <span class='ocrx_word' id='word_1_120' title='bbox 243 2175 399 2241; x_wconf 80' lang='lat' dir='ltr'>Peloponnesi</span> <span class='ocrx_word' id='word_1_121' title='bbox 416 2185 441 2226; x_wconf 90' lang='lat' dir='ltr'>et</span> <span class='ocrx_word' id='word_1_122' title='bbox 455 2178 555 2228; x_wconf 80' lang='lat' dir='ltr'>Gueciae</span> <span class='ocrx_word' id='word_1_123' title='bbox 602 2186 749 2241; x_wconf 65' lang='lat' dir='ltr'>pignoretur</span> <span class='ocrx_word' id='word_1_124' title='bbox 759 2175 875 2225; x_wconf 82' lang='lat' dir='ltr'>Pandion.</span> <span class='ocrx_word' id='word_1_125' title='bbox 897 2176 1015 2238; x_wconf 74' lang='lat' dir='ltr'>Mopsopii,</span> <span class='ocrx_word' id='word_1_126' title='bbox 1026 2175 1102 2226; x_wconf 86' lang='lat' dir='ltr'>Athe·</span> 
     </span>
     <span class='ocr_line' id='line_1_18' title="bbox 56 2247 1102 2313; baseline 0.005 -18"><span class='ocrx_word' id='word_1_127' title='bbox 56 2247 150 2313; x_wconf 90' lang='lat' dir='ltr'>proprie</span> <span class='ocrx_word' id='word_1_128' title='bbox 158 2247 192 2296; x_wconf 88' lang='lat' dir='ltr'>sic</span> <span class='ocrx_word' id='word_1_129' title='bbox 204 2247 283 2297; x_wconf 78' lang='lat' dir='ltr'>dicte.</span> <span class='ocrx_word' id='word_1_130' title='bbox 301 2248 487 2300; x_wconf 86' lang='lat' dir='ltr'>Aecommodate</span> <span class='ocrx_word' id='word_1_131' title='bbox 496 2252 556 2301; x_wconf 87' lang='lat' dir='ltr'>ieth·</span> <span class='ocrx_word' id='word_1_132' title='bbox 605 2249 706 2307; x_wconf 87' lang='lat' dir='ltr'>nienses,</span> <span class='ocrx_word' id='word_1_133' title='bbox 717 2258 744 2299; x_wconf 92' lang='lat' dir='ltr'>ut</span> <span class='ocrx_word' id='word_1_134' title='bbox 753 2249 813 2298; x_wconf 90' lang='lat' dir='ltr'>libro</span> <span class='ocrx_word' id='word_1_135' title='bbox 823 2247 847 2298; x_wconf 79' lang='lat' dir='ltr'>v.</span> <span class='ocrx_word' id='word_1_136' title='bbox 857 2250 913 2298; x_wconf 85' lang='lat'>661.</span> <span class='ocrx_word' id='word_1_137' title='bbox 946 2251 1037 2299; x_wconf 87' lang='lat' dir='ltr'>Verum</span> <span class='ocrx_word' id='word_1_138' title='bbox 1047 2260 1102 2300; x_wconf 81' lang='lat' dir='ltr'>ante</span> 
     </span>
     <span class='ocr_line' id='line_1_19' title="bbox 58 2321 1102 2387; baseline 0.007 -18"><span class='ocrx_word' id='word_1_139' title='bbox 58 2321 90 2369; x_wconf 91' lang='lat' dir='ltr'>mi</span> <span class='ocrx_word' id='word_1_140' title='bbox 102 2330 127 2371; x_wconf 87' lang='lat' dir='ltr'>et</span> <span class='ocrx_word' id='word_1_141' title='bbox 137 2322 267 2387; x_wconf 71' lang='lat' dir='ltr'>peninsula</span> <span class='ocrx_word' id='word_1_142' title='bbox 275 2331 364 2372; x_wconf 75' lang='lat' dir='ltr'>nature</span> <span class='ocrx_word' id='word_1_143' title='bbox 373 2326 459 2374; x_wconf 81' lang='lat' dir='ltr'>claudi.</span> <span class='ocrx_word' id='word_1_144' title='bbox 475 2326 554 2376; x_wconf 84' lang='lat' dir='ltr'>Etiam</span> <span class='ocrx_word' id='word_1_145' title='bbox 604 2322 721 2372; x_wconf 83' lang='lat' dir='ltr'>Theseum</span> <span class='ocrx_word' id='word_1_146' title='bbox 736 2322 838 2372; x_wconf 74' lang='lat' dir='ltr'>Athenae</span> <span class='ocrx_word' id='word_1_147' title='bbox 854 2340 930 2371; x_wconf 73' lang='lat' dir='ltr'>muros</span> <span class='ocrx_word' id='word_1_148' title='bbox 946 2339 994 2371; x_wconf 80' lang='lat' dir='ltr'>non</span> <span class='ocrx_word' id='word_1_149' title='bbox 1011 2323 1102 2373; x_wconf 80' lang='lat' dir='ltr'>babue-</span> 
     </span>
     <span class='ocr_line' id='line_1_20' title="bbox 58 2394 1101 2461; baseline 0.004 -19"><span class='ocrx_word' id='word_1_150' title='bbox 58 2409 74 2442; x_wconf 89' lang='lat' dir='ltr'>a</span> <span class='ocrx_word' id='word_1_151' title='bbox 88 2394 214 2452; x_wconf 83' lang='lat' dir='ltr'>Cicerone,</span> <span class='ocrx_word' id='word_1_152' title='bbox 227 2396 283 2446; x_wconf 89' lang='lat' dir='ltr'>Bul.</span> <span class='ocrx_word' id='word_1_153' title='bbox 295 2398 317 2444; x_wconf 93' lang='lat' dir='ltr'>l.</span> <span class='ocrx_word' id='word_1_154' title='bbox 334 2403 359 2445; x_wconf 93' lang='lat' dir='ltr'>et</span> <span class='ocrx_word' id='word_1_155' title='bbox 375 2397 478 2455; x_wconf 86' lang='lat' dir='ltr'>Velleio,</span> <span class='ocrx_word' id='word_1_156' title='bbox 488 2399 509 2448; x_wconf 87' lang='lat'>1.</span> <span class='ocrx_word' id='word_1_157' title='bbox 521 2399 554 2448; x_wconf 89' lang='lat' dir='ltr'>iii.</span> <span class='ocrx_word' id='word_1_158' title='bbox 604 2406 668 2445; x_wconf 88' lang='lat' dir='ltr'>runt.</span> <span class='ocrx_word' id='word_1_159' title='bbox 708 2397 807 2447; x_wconf 74' lang='lat' dir='ltr'>Praefert</span> <span class='ocrx_word' id='word_1_160' title='bbox 827 2413 882 2461; x_wconf 85' lang='lat' dir='ltr'>ergo</span> <span class='ocrx_word' id='word_1_161' title='bbox 901 2398 1051 2446; x_wconf 85' lang='lat' dir='ltr'>Burmannus</span> <span class='ocrx_word' id='word_1_162' title='bbox 1072 2414 1101 2446; x_wconf 80' lang='lat' dir='ltr'>ex</span> 
     </span>
     <span class='ocr_line' id='line_1_21' title="bbox 57 2468 1102 2531; baseline 0.004 -13"><span class='ocrx_word' id='word_1_163' title='bbox 57 2471 83 2518; x_wconf 87' lang='grc'>3.</span> <span class='ocrx_word' id='word_1_164' title='bbox 95 2468 197 2519; x_wconf 80' lang='lat' dir='ltr'>isthmus</span> <span class='ocrx_word' id='word_1_165' title='bbox 206 2478 231 2519; x_wconf 87' lang='lat' dir='ltr'>et</span> <span class='ocrx_word' id='word_1_166' title='bbox 242 2469 369 2519; x_wconf 86' lang='lat' dir='ltr'>Corinthus</span> <span class='ocrx_word' id='word_1_167' title='bbox 379 2470 413 2519; x_wconf 91' lang='lat' dir='ltr'>ibi</span> <span class='ocrx_word' id='word_1_168' title='bbox 423 2473 469 2520; x_wconf 89' lang='lat' dir='ltr'>sita</span> <span class='ocrx_word' id='word_1_169' title='bbox 479 2474 554 2523; x_wconf 76' lang='lat' dir='ltr'>cluas-</span> <span class='ocrx_word' id='word_1_170' title='bbox 604 2487 651 2523; x_wconf 90' lang='lat' dir='ltr'>uno</span> <span class='ocrx_word' id='word_1_171' title='bbox 667 2475 782 2529; x_wconf 80' lang='lat' dir='ltr'>mandras,</span> <span class='ocrx_word' id='word_1_172' title='bbox 798 2471 823 2521; x_wconf 90' lang='lat' dir='ltr'>id</span> <span class='ocrx_word' id='word_1_173' title='bbox 837 2481 882 2531; x_wconf 85' lang='lat' dir='ltr'>est,</span> <span class='ocrx_word' id='word_1_174' title='bbox 899 2472 936 2520; x_wconf 87' lang='lat' dir='ltr'>vel</span> <span class='ocrx_word' id='word_1_175' title='bbox 948 2471 1050 2528; x_wconf 87' lang='lat' dir='ltr'>stabula,</span> <span class='ocrx_word' id='word_1_176' title='bbox 1063 2472 1102 2522; x_wconf 87' lang='lat' dir='ltr'>vel</span> 
     </span>
     <span class='ocr_line' id='line_1_22' title="bbox 58 2544 1111 2613; baseline 0.005 -23"><span class='ocrx_word' id='word_1_177' title='bbox 58 2553 96 2591; x_wconf 82' lang='lat' dir='ltr'>tra</span> <span class='ocrx_word' id='word_1_178' title='bbox 107 2544 254 2606; x_wconf 79' lang='lat' dir='ltr'>Peloponnesi</span> <span class='ocrx_word' id='word_1_179' title='bbox 264 2553 386 2593; x_wconf 88' lang='lat' dir='ltr'>vocantur.</span> <span class='ocrx_word' id='word_1_180' title='bbox 412 2547 444 2594; x_wconf 91' lang='lat' dir='ltr'>Et</span> <span class='ocrx_word' id='word_1_181' title='bbox 452 2557 553 2608; x_wconf 71' lang='lat' dir='ltr'>mentan-</span> <span class='ocrx_word' id='word_1_182' title='bbox 604 2555 680 2604; x_wconf 81' lang='lat' dir='ltr'>antra,</span> <span class='ocrx_word' id='word_1_183' title='bbox 698 2563 795 2612; x_wconf 87' lang='lat' dir='ltr'>specus;</span> <span class='ocrx_word' id='word_1_184' title='bbox 812 2547 900 2613; x_wconf 87' lang='lat' dir='ltr'>priscos</span> <span class='ocrx_word' id='word_1_185' title='bbox 918 2546 981 2595; x_wconf 90' lang='lat' dir='ltr'>enim</span> <span class='ocrx_word' id='word_1_186' title='bbox 998 2545 1111 2596; x_wconf 80' lang='lat' dir='ltr'>Atheni-⁹</span> 
     </span>
     <span class='ocr_line' id='line_1_23' title="bbox 57 2617 1101 2687; baseline 0.006 -23"><span class='ocrx_word' id='word_1_187' title='bbox 57 2626 97 2665; x_wconf 85' lang='lat' dir='ltr'>tur</span> <span class='ocrx_word' id='word_1_188' title='bbox 107 2621 163 2675; x_wconf 78' lang='lat' dir='ltr'>site,</span> <span class='ocrx_word' id='word_1_189' title='bbox 174 2617 323 2683; x_wconf 85' lang='lat' dir='ltr'>exquisitius,</span> <span class='ocrx_word' id='word_1_190' title='bbox 335 2634 417 2684; x_wconf 86' lang='lat' dir='ltr'>quam,</span> <span class='ocrx_word' id='word_1_191' title='bbox 429 2620 480 2668; x_wconf 78' lang='lat' dir='ltr'>sitae</span> <span class='ocrx_word' id='word_1_192' title='bbox 491 2631 554 2671; x_wconf 90' lang='lat' dir='ltr'>sunt.</span> <span class='ocrx_word' id='word_1_193' title='bbox 567 2641 568 2645; x_wconf 47' lang='lat'>¹</span> <span class='ocrx_word' id='word_1_194' title='bbox 603 2635 671 2669; x_wconf 84' lang='lat' dir='ltr'>enses</span> <span class='ocrx_word' id='word_1_195' title='bbox 681 2620 802 2670; x_wconf 81' lang='lat' dir='ltr'>habitbsse</span> <span class='ocrx_word' id='word_1_196' title='bbox 812 2622 837 2669; x_wconf 92' lang='lat' dir='ltr'>in</span> <span class='ocrx_word' id='word_1_197' title='bbox 850 2621 975 2687; x_wconf 86' lang='lat' dir='ltr'>specubus,</span> <span class='ocrx_word' id='word_1_198' title='bbox 987 2628 1014 2669; x_wconf 91' lang='lat' dir='ltr'>ut</span> <span class='ocrx_word' id='word_1_199' title='bbox 1027 2620 1101 2670; x_wconf 90' lang='lat' dir='ltr'>docu-</span> 
     </span>
     <span class='ocr_line' id='line_1_24' title="bbox 57 2691 1100 2759; baseline 0.006 -20"><span class='ocrx_word' id='word_1_200' title='bbox 57 2692 157 2740; x_wconf 81' lang='lat' dir='ltr'>Bimnrt&#39;.</span> <span class='ocrx_word' id='word_1_201' title='bbox 174 2691 237 2741; x_wconf 89' lang='lat' dir='ltr'>Vide</span> <span class='ocrx_word' id='word_1_202' title='bbox 248 2691 278 2740; x_wconf 86' lang='lat' dir='ltr'>ad</span> <span class='ocrx_word' id='word_1_203' title='bbox 289 2709 312 2741; x_wconf 86' lang='lat' dir='ltr'>v.</span> <span class='ocrx_word' id='word_1_204' title='bbox 321 2693 378 2740; x_wconf 83' lang='lat'>407.</span> <span class='ocrx_word' id='word_1_205' title='bbox 411 2693 490 2742; x_wconf 85' lang='lat' dir='ltr'>Etiam</span> <span class='ocrx_word' id='word_1_206' title='bbox 500 2694 554 2743; x_wconf 83' lang='lat' dir='ltr'>tali·</span> <span class='ocrx_word' id='word_1_207' title='bbox 603 2693 1022 2759; x_wconf 81' lang='lat' dir='ltr'>eritMeursius,Fort.Att.cap.3.</span> <span class='ocrx_word' id='word_1_208' title='bbox 1049 2695 1100 2745; x_wconf 90' lang='lat' dir='ltr'>Ve-</span> 
     </span>
     <span class='ocr_line' id='line_1_25' title="bbox 56 2765 1100 2833; baseline 0.002 -19"><span class='ocrx_word' id='word_1_209' title='bbox 56 2766 101 2814; x_wconf 85' lang='lat' dir='ltr'>bus</span> <span class='ocrx_word' id='word_1_210' title='bbox 111 2765 299 2831; x_wconf 89' lang='lat' dir='ltr'>repetitionibus,</span> <span class='ocrx_word' id='word_1_211' title='bbox 307 2767 385 2830; x_wconf 84' lang='lat' dir='ltr'>qualis</span> <span class='ocrx_word' id='word_1_212' title='bbox 394 2775 431 2816; x_wconf 90' lang='lat' dir='ltr'>est</span> <span class='ocrx_word' id='word_1_213' title='bbox 439 2768 465 2816; x_wconf 92' lang='lat' dir='ltr'>in</span> <span class='ocrx_word' id='word_1_214' title='bbox 473 2771 554 2831; x_wconf 68' lang='lat' dir='ltr'>iterari</span> <span class='ocrx_word' id='word_1_215' title='bbox 603 2783 656 2815; x_wconf 88' lang='lat' dir='ltr'>rum</span> <span class='ocrx_word' id='word_1_216' title='bbox 679 2767 737 2815; x_wconf 89' lang='lat' dir='ltr'>mibi</span> <span class='ocrx_word' id='word_1_217' title='bbox 758 2783 840 2833; x_wconf 87' lang='lat' dir='ltr'>parum</span> <span class='ocrx_word' id='word_1_218' title='bbox 865 2766 978 2816; x_wconf 80' lang='lat' dir='ltr'>credibile</span> <span class='ocrx_word' id='word_1_219' title='bbox 999 2768 1100 2827; x_wconf 87' lang='lat' dir='ltr'>videtur,</span> 
     </span>
     <span class='ocr_line' id='line_1_26' title="bbox 55 2839 1102 2906; baseline 0.004 -18"><span class='ocrx_word' id='word_1_220' title='bbox 55 2843 84 2888; x_wconf 84' lang='lat' dir='ltr'>ab</span> <span class='ocrx_word' id='word_1_221' title='bbox 93 2839 325 2896; x_wconf 76' lang='lat' dir='ltr'>isthm0‚·deleetatur</span> <span class='ocrx_word' id='word_1_222' title='bbox 334 2840 442 2891; x_wconf 80' lang='lat' dir='ltr'>Ovidius.</span> <span class='ocrx_word' id='word_1_223' title='bbox 603 2840 717 2889; x_wconf 91' lang='lat' dir='ltr'>Ovidium</span> <span class='ocrx_word' id='word_1_224' title='bbox 728 2849 777 2889; x_wconf 88' lang='lat' dir='ltr'>tarn</span> <span class='ocrx_word' id='word_1_225' title='bbox 791 2840 943 2906; x_wconf 87' lang='lat' dir='ltr'>contemptim</span> <span class='ocrx_word' id='word_1_226' title='bbox 958 2841 988 2890; x_wconf 89' lang='lat' dir='ltr'>de</span> <span class='ocrx_word' id='word_1_227' title='bbox 998 2841 1102 2892; x_wconf 82' lang='lat' dir='ltr'>Athenis</span> 
     </span>
     <span class='ocr_line' id='line_1_27' title="bbox 88 2913 1101 2982; baseline 0.004 -21"><span class='ocrx_word' id='word_1_228' title='bbox 88 2914 146 2962; x_wconf 76' lang='lat'>421.</span> <span class='ocrx_word' id='word_1_229' title='bbox 164 2914 223 2968; x_wconf 80' lang='lat' dir='ltr'>Quis</span> <span class='ocrx_word' id='word_1_230' title='bbox 230 2913 327 2977; x_wconf 70' lang='lat' dir='ltr'>possiti]</span> <span class='ocrx_word' id='word_1_231' title='bbox 363 2914 490 2973; x_wconf 80' lang='lat' dir='ltr'>Quaeritur,</span> <span class='ocrx_word' id='word_1_232' title='bbox 500 2914 554 2980; x_wconf 88' lang='lat' dir='ltr'>quis</span> <span class='ocrx_word' id='word_1_233' title='bbox 602 2914 726 2978; x_wconf 91' lang='lat' dir='ltr'>loquutum</span> <span class='ocrx_word' id='word_1_234' title='bbox 746 2930 806 2964; x_wconf 90' lang='lat' dir='ltr'>esse.</span> <span class='ocrx_word' id='word_1_235' title='bbox 841 2913 954 2977; x_wconf 86' lang='lat' dir='ltr'>Neglexit</span> <span class='ocrx_word' id='word_1_236' title='bbox 969 2914 1101 2982; x_wconf 87' lang='lat' dir='ltr'>potiuspo-</span> 
     </span>
     <span class='ocr_line' id='line_1_28' title="bbox 56 2985 1100 3054; baseline 0.005 -19"><span class='ocrx_word' id='word_1_237' title='bbox 56 2986 174 3036; x_wconf 82' lang='lat' dir='ltr'>Pandioni</span> <span class='ocrx_word' id='word_1_238' title='bbox 184 2987 273 3035; x_wconf 92' lang='lat' dir='ltr'>bellum</span> <span class='ocrx_word' id='word_1_239' title='bbox 281 2986 402 3036; x_wconf 69' lang='lat' dir='ltr'>intulerit?</span> <span class='ocrx_word' id='word_1_240' title='bbox 425 2989 553 3047; x_wconf 89' lang='lat' dir='ltr'>Meursius,</span> <span class='ocrx_word' id='word_1_241' title='bbox 572 2985 579 2996; x_wconf 84' lang='lat'><em>&#39;</em></span> <span class='ocrx_word' id='word_1_242' title='bbox 602 2996 649 3046; x_wconf 87' lang='lat' dir='ltr'>eta,</span> <span class='ocrx_word' id='word_1_243' title='bbox 660 2987 723 3054; x_wconf 88' lang='lat' dir='ltr'>quod</span> <span class='ocrx_word' id='word_1_244' title='bbox 735 2989 824 3037; x_wconf 88' lang='lat' dir='ltr'>centies</span> <span class='ocrx_word' id='word_1_245' title='bbox 834 2987 900 3045; x_wconf 85' lang='lat' dir='ltr'>fecit,</span> <span class='ocrx_word' id='word_1_246' title='bbox 908 2989 1020 3053; x_wconf 87' lang='lat' dir='ltr'>temporis</span> <span class='ocrx_word' id='word_1_247' title='bbox 1030 2991 1100 3040; x_wconf 82' lang='lat' dir='ltr'>ratio·</span> 
     </span>
     <span class='ocr_line' id='line_1_29' title="bbox 55 3061 1097 3128; baseline -0.002 -17"><span class='ocrx_word' id='word_1_248' title='bbox 55 3063 137 3127; x_wconf 81' lang='lat' dir='ltr'>Regu.</span> <span class='ocrx_word' id='word_1_249' title='bbox 152 3061 207 3110; x_wconf 91' lang='lat' dir='ltr'>Att.</span> <span class='ocrx_word' id='word_1_250' title='bbox 221 3061 265 3111; x_wconf 88' lang='lat' dir='ltr'>lib.</span> <span class='ocrx_word' id='word_1_251' title='bbox 276 3062 293 3111; x_wconf 94' lang='lat' dir='ltr'>i.</span> <span class='ocrx_word' id='word_1_252' title='bbox 312 3078 364 3128; x_wconf 83' lang='lat' dir='ltr'>cap.</span> <span class='ocrx_word' id='word_1_253' title='bbox 375 3065 400 3110; x_wconf 88' lang='lat'>4.</span> <span class='ocrx_word' id='word_1_254' title='bbox 415 3063 553 3113; x_wconf 83' lang='lat' dir='ltr'>Labdacum</span> <span class='ocrx_word' id='word_1_255' title='bbox 602 3079 665 3111; x_wconf 88' lang='lat' dir='ltr'>nem.</span> <span class='ocrx_word' id='word_1_256' title='bbox 1044 3064 1049 3078; x_wconf 78' lang='lat'><em>⁶</em></span> <span class='ocrx_word' id='word_1_257' title='bbox 1096 3105 1097 3109; x_wconf 74' lang='grc'>,</span> 
     </span>
     <span class='ocr_line' id='line_1_30' title="bbox 55 3134 1101 3200; baseline 0.004 -16"><span class='ocrx_word' id='word_1_258' title='bbox 55 3135 128 3185; x_wconf 83' lang='lat' dir='ltr'>fuisse</span> <span class='ocrx_word' id='word_1_259' title='bbox 145 3134 224 3191; x_wconf 89' lang='lat' dir='ltr'>docet,</span> <span class='ocrx_word' id='word_1_260' title='bbox 241 3143 266 3184; x_wconf 90' lang='lat' dir='ltr'>et</span> <span class='ocrx_word' id='word_1_261' title='bbox 283 3134 318 3185; x_wconf 89' lang='lat' dir='ltr'>sic</span> <span class='ocrx_word' id='word_1_262' title='bbox 336 3135 450 3200; x_wconf 85' lang='lat' dir='ltr'>Apollod.</span> <span class='ocrx_word' id='word_1_263' title='bbox 468 3137 553 3186; x_wconf 86' lang='lat' dir='ltr'>diserte</span> <span class='ocrx_word' id='word_1_264' title='bbox 634 3135 1101 3195; x_wconf 67' lang='lat' dir='ltr'>424.ThreiciaeThraciaerenThraces</span> 
     </span>
     <span class='ocr_line' id='line_1_31' title="bbox 54 3208 1101 3278; baseline 0.003 -20"><span class='ocrx_word' id='word_1_265' title='bbox 54 3209 136 3259; x_wconf 82' lang='lat' dir='ltr'>tradit.</span> <span class='ocrx_word' id='word_1_266' title='bbox 168 3208 216 3257; x_wconf 91' lang='lat' dir='ltr'>Sed</span> <span class='ocrx_word' id='word_1_267' title='bbox 225 3216 289 3258; x_wconf 87' lang='lat' dir='ltr'>recte</span> <span class='ocrx_word' id='word_1_268' title='bbox 300 3211 451 3258; x_wconf 85' lang='lat' dir='ltr'>Burmannus</span> <span class='ocrx_word' id='word_1_269' title='bbox 463 3221 552 3269; x_wconf 89' lang='lat' dir='ltr'>monet,</span> <span class='ocrx_word' id='word_1_270' title='bbox 602 3216 652 3259; x_wconf 88' lang='lat' dir='ltr'>tum</span> <span class='ocrx_word' id='word_1_271' title='bbox 663 3221 818 3278; x_wconf 82' lang='lat' dir='ltr'>campartem</span> <span class='ocrx_word' id='word_1_272' title='bbox 829 3212 1002 3276; x_wconf 77' lang='lat' dir='ltr'>tenebantquae</span> <span class='ocrx_word' id='word_1_273' title='bbox 1013 3212 1101 3261; x_wconf 87' lang='lat' dir='ltr'>Daulis</span> 
     </span>
     <span class='ocr_line' id='line_1_32' title="bbox 52 3282 1099 3350; baseline 0.002 -18"><span class='ocrx_word' id='word_1_274' title='bbox 52 3284 124 3349; x_wconf 84' lang='lat' dir='ltr'>hujus</span> <span class='ocrx_word' id='word_1_275' title='bbox 134 3282 230 3347; x_wconf 80' lang='lat' dir='ltr'>agmina</span> <span class='ocrx_word' id='word_1_276' title='bbox 238 3299 283 3333; x_wconf 88' lang='lat' dir='ltr'>nec</span> <span class='ocrx_word' id='word_1_277' title='bbox 295 3287 400 3340; x_wconf 83' lang='lat' dir='ltr'>barbara,</span> <span class='ocrx_word' id='word_1_278' title='bbox 409 3300 452 3333; x_wconf 88' lang='lat' dir='ltr'>neo</span> <span class='ocrx_word' id='word_1_279' title='bbox 463 3288 552 3334; x_wconf 81' lang='lat' dir='ltr'>subvec-</span> <span class='ocrx_word' id='word_1_280' title='bbox 602 3284 627 3333; x_wconf 91' lang='lat' dir='ltr'>in</span> <span class='ocrx_word' id='word_1_281' title='bbox 638 3285 742 3335; x_wconf 89' lang='lat' dir='ltr'>Phocide</span> <span class='ocrx_word' id='word_1_282' title='bbox 751 3286 883 3337; x_wconf 85' lang='lat' dir='ltr'>dicebatur.</span> <span class='ocrx_word' id='word_1_283' title='bbox 906 3285 993 3334; x_wconf 85' lang='lat' dir='ltr'>Confer</span> <span class='ocrx_word' id='word_1_284' title='bbox 1005 3286 1099 3350; x_wconf 80' lang='lat' dir='ltr'>Thucy-</span> 
     </span>
     <span class='ocr_line' id='line_1_33' title="bbox 53 3356 1100 3425; baseline 0.001 -20"><span class='ocrx_word' id='word_1_285' title='bbox 53 3367 86 3415; x_wconf 82' lang='lat' dir='ltr'>tn,</span> <span class='ocrx_word' id='word_1_286' title='bbox 97 3365 148 3415; x_wconf 89' lang='lat' dir='ltr'>aut,</span> <span class='ocrx_word' id='word_1_287' title='bbox 159 3356 243 3407; x_wconf 87' lang='lat' dir='ltr'>sicum</span> <span class='ocrx_word' id='word_1_288' title='bbox 260 3357 313 3407; x_wconf 84' lang='lat' dir='ltr'>aliis</span> <span class='ocrx_word' id='word_1_289' title='bbox 322 3359 401 3406; x_wconf 84' lang='lat' dir='ltr'>MSS.</span> <span class='ocrx_word' id='word_1_290' title='bbox 413 3358 489 3417; x_wconf 88' lang='lat' dir='ltr'>malis,</span> <span class='ocrx_word' id='word_1_291' title='bbox 500 3363 550 3408; x_wconf 82' lang='lat' dir='ltr'>rub·</span> <span class='ocrx_word' id='word_1_292' title='bbox 602 3356 678 3416; x_wconf 90' lang='lat' dir='ltr'>dides,</span> <span class='ocrx_word' id='word_1_293' title='bbox 689 3359 715 3407; x_wconf 92' lang='lat' dir='ltr'>ii.</span> <span class='ocrx_word' id='word_1_294' title='bbox 725 3362 773 3421; x_wconf 76' lang='lat'>293</span> <span class='ocrx_word' id='word_1_295' title='bbox 790 3359 931 3416; x_wconf 82' lang='lat' dir='ltr'>Pausanias,</span> <span class='ocrx_word' id='word_1_296' title='bbox 942 3376 966 3425; x_wconf 84' lang='lat' dir='ltr'>p.</span> <span class='ocrx_word' id='word_1_297' title='bbox 977 3360 1032 3406; x_wconf 90' lang='grc'>100.</span> <span class='ocrx_word' id='word_1_298' title='bbox 1051 3360 1100 3406; x_wconf 82' lang='lat' dir='ltr'>Fu-</span> 
     </span>
     <span class='ocr_line' id='line_1_34' title="bbox 45 3430 1099 3498; baseline -0.002 -17"><span class='ocrx_word' id='word_1_299' title='bbox 45 3435 188 3494; x_wconf 76' lang='lat' dir='ltr'>jectnponto</span> <span class='ocrx_word' id='word_1_300' title='bbox 194 3430 241 3480; x_wconf 92' lang='lat' dir='ltr'>dici</span> <span class='ocrx_word' id='word_1_301' title='bbox 251 3431 364 3496; x_wconf 90' lang='lat' dir='ltr'>potuisse.</span> <span class='ocrx_word' id='word_1_302' title='bbox 373 3431 488 3498; x_wconf 89' lang='lat' dir='ltr'>Micyllus</span> <span class='ocrx_word' id='word_1_303' title='bbox 496 3450 551 3482; x_wconf 87' lang='lat' dir='ltr'>con·</span> <span class='ocrx_word' id='word_1_304' title='bbox 601 3434 674 3480; x_wconf 81' lang='lat' dir='ltr'>derat.</span> <span class='ocrx_word' id='word_1_305' title='bbox 691 3433 951 3498; x_wconf 84' lang='lat' dir='ltr'>Plusquamperfectum</span> <span class='ocrx_word' id='word_1_306' title='bbox 959 3431 993 3480; x_wconf 88' lang='lat' dir='ltr'>sic</span> <span class='ocrx_word' id='word_1_307' title='bbox 1001 3439 1025 3480; x_wconf 90' lang='lat' dir='ltr'>et</span> <span class='ocrx_word' id='word_1_308' title='bbox 1033 3432 1099 3489; x_wconf 91' lang='lat' dir='ltr'>alibi,</span> 
     </span>
     <span class='ocr_line' id='line_1_35' title="bbox 54 3503 1099 3572; baseline -0.001 -18"><span class='ocrx_word' id='word_1_309' title='bbox 54 3503 551 3572; x_wconf 82' lang='lat' dir='ltr'>tendit,Amazonasintelligendas,quaein</span> <span class='ocrx_word' id='word_1_310' title='bbox 601 3507 733 3555; x_wconf 70' lang='lat' dir='ltr'>utinloa.</span> <span class='ocrx_word' id='word_1_311' title='bbox 760 3508 824 3568; x_wconf 71' lang='lat' dir='ltr'>Opes,</span> <span class='ocrx_word' id='word_1_312' title='bbox 835 3505 924 3555; x_wconf 70' lang='lat' dir='ltr'>divitiae</span> <span class='ocrx_word' id='word_1_313' title='bbox 935 3516 960 3553; x_wconf 93' lang='lat' dir='ltr'>et</span> <span class='ocrx_word' id='word_1_314' title='bbox 968 3505 1099 3569; x_wconf 88' lang='lat' dir='ltr'>amplitudo</span> 
     </span>
     <span class='ocr_line' id='line_1_36' title="bbox 53 3577 1099 3646; baseline -0.003 -17"><span class='ocrx_word' id='word_1_315' title='bbox 53 3579 144 3645; x_wconf 88' lang='lat' dir='ltr'>campis</span> <span class='ocrx_word' id='word_1_316' title='bbox 159 3579 332 3645; x_wconf 87' lang='lat' dir='ltr'>Themiscyniis</span> <span class='ocrx_word' id='word_1_317' title='bbox 353 3581 453 3644; x_wconf 90' lang='lat' dir='ltr'>(Justin.</span> <span class='ocrx_word' id='word_1_318' title='bbox 468 3581 496 3632; x_wconf 89' lang='lat' dir='ltr'>ii.</span> <span class='ocrx_word' id='word_1_319' title='bbox 513 3582 550 3646; x_wconf 80' lang='lat'>4.)</span> <span class='ocrx_word' id='word_1_320' title='bbox 600 3578 675 3643; x_wconf 86' lang='lat' dir='ltr'>regni.</span> <span class='ocrx_word' id='word_1_321' title='bbox 711 3580 769 3636; x_wconf 77' lang='lat' dir='ltr'>Viri,</span> <span class='ocrx_word' id='word_1_322' title='bbox 788 3578 884 3634; x_wconf 84' lang='lat' dir='ltr'>milites,</span> <span class='ocrx_word' id='word_1_323' title='bbox 905 3586 932 3626; x_wconf 89' lang='lat' dir='ltr'>ut</span> <span class='ocrx_word' id='word_1_324' title='bbox 952 3577 978 3625; x_wconf 93' lang='lat' dir='ltr'>in</span> <span class='ocrx_word' id='word_1_325' title='bbox 1000 3577 1099 3626; x_wconf 83' lang='lat' dir='ltr'>formula</span> 
     </span>
     <span class='ocr_line' id='line_1_37' title="bbox 52 3651 1099 3718; baseline -0.004 -16"><span class='ocrx_word' id='word_1_326' title='bbox 52 3670 100 3703; x_wconf 91' lang='lat' dir='ltr'>non</span> <span class='ocrx_word' id='word_1_327' title='bbox 114 3653 197 3718; x_wconf 88' lang='lat' dir='ltr'>pmeul</span> <span class='ocrx_word' id='word_1_328' title='bbox 207 3669 222 3701; x_wconf 88' lang='lat' dir='ltr'>a</span> <span class='ocrx_word' id='word_1_329' title='bbox 233 3654 306 3700; x_wconf 84' lang='lat' dir='ltr'>Ponto</span> <span class='ocrx_word' id='word_1_330' title='bbox 324 3655 415 3704; x_wconf 75' lang='lat' dir='ltr'>Eunias</span> <span class='ocrx_word' id='word_1_331' title='bbox 428 3655 551 3705; x_wconf 86' lang='lat' dir='ltr'>habitave-</span> <span class='ocrx_word' id='word_1_332' title='bbox 600 3651 1099 3716; x_wconf 49' lang='lat' dir='ltr'>armaveratque-Amanooratiotota-</span> 
     </span>
     <span class='ocr_line' id='line_1_38' title="bbox 51 3723 1097 3791; baseline 0.006 -16"><span class='ocrx_word' id='word_1_333' title='bbox 51 3726 108 3776; x_wconf 90' lang='lat' dir='ltr'>rint.</span> <span class='ocrx_word' id='word_1_334' title='bbox 140 3725 175 3774; x_wconf 80' lang='lat' dir='ltr'>At</span> <span class='ocrx_word' id='word_1_335' title='bbox 190 3727 244 3791; x_wconf 91' lang='lat' dir='ltr'>quis</span> <span class='ocrx_word' id='word_1_336' title='bbox 253 3726 283 3775; x_wconf 90' lang='lat' dir='ltr'>de</span> <span class='ocrx_word' id='word_1_337' title='bbox 294 3727 339 3775; x_wconf 90' lang='lat' dir='ltr'>hac</span> <span class='ocrx_word' id='word_1_338' title='bbox 350 3727 498 3776; x_wconf 85' lang='lat' dir='ltr'>Amazonum</span> <span class='ocrx_word' id='word_1_339' title='bbox 509 3746 550 3778; x_wconf 86' lang='lat' dir='ltr'>ex·</span> <span class='ocrx_word' id='word_1_340' title='bbox 600 3723 677 3782; x_wconf 70' lang='lat' dir='ltr'>divus,</span> <span class='ocrx_word' id='word_1_341' title='bbox 695 3724 720 3772; x_wconf 77' lang='lat' dir='ltr'>ld</span> <span class='ocrx_word' id='word_1_342' title='bbox 739 3734 783 3780; x_wconf 65' lang='grc' dir='ltr'>θδῑ,</span> <span class='ocrx_word' id='word_1_343' title='bbox 799 3725 874 3782; x_wconf 68' lang='lat' dir='ltr'>Mars,</span> <span class='ocrx_word' id='word_1_344' title='bbox 888 3725 954 3772; x_wconf 66' lang='lat' dir='ltr'>Deus</span> <span class='ocrx_word' id='word_1_345' title='bbox 970 3723 1097 3781; x_wconf 64' lang='lat' dir='ltr'>Thracum,</span> 
     </span>
     <span class='ocr_line' id='line_1_39' title="bbox 50 3796 1097 3866; baseline -0.003 -18"><span class='ocrx_word' id='word_1_346' title='bbox 50 3800 172 3866; x_wconf 89' lang='lat' dir='ltr'>peditione</span> <span class='ocrx_word' id='word_1_347' title='bbox 182 3800 207 3848; x_wconf 92' lang='lat' dir='ltr'>in</span> <span class='ocrx_word' id='word_1_348' title='bbox 218 3799 551 3866; x_wconf 86' lang='lat' dir='ltr'>Pandionisterramunquam</span> <span class='ocrx_word' id='word_1_349' title='bbox 601 3799 669 3864; x_wconf 87' lang='lat' dir='ltr'>cnjus</span> <span class='ocrx_word' id='word_1_350' title='bbox 689 3798 751 3847; x_wconf 86' lang='lat' dir='ltr'>lilius</span> <span class='ocrx_word' id='word_1_351' title='bbox 773 3797 863 3846; x_wconf 82' lang='lat' dir='ltr'>Tereus.</span> <span class='ocrx_word' id='word_1_352' title='bbox 895 3797 964 3845; x_wconf 87' lang='lat' dir='ltr'>illius</span> <span class='ocrx_word' id='word_1_353' title='bbox 983 3796 1097 3845; x_wconf 85' lang='lat' dir='ltr'>auxilinm</span> 
     </span>
     <span class='ocr_line' id='line_1_40' title="bbox 51 3872 1097 3940; baseline -0.001 -17"><span class='ocrx_word' id='word_1_354' title='bbox 51 3874 160 3924; x_wconf 63' lang='lat' dir='ltr'>audivit?</span> <span class='ocrx_word' id='word_1_355' title='bbox 177 3875 287 3924; x_wconf 87' lang='lat' dir='ltr'>Fortasse</span> <span class='ocrx_word' id='word_1_356' title='bbox 294 3890 331 3924; x_wconf 85' lang='lat' dir='ltr'>res</span> <span class='ocrx_word' id='word_1_357' title='bbox 338 3875 443 3940; x_wconf 84' lang='lat' dir='ltr'>expediri</span> <span class='ocrx_word' id='word_1_358' title='bbox 453 3876 550 3940; x_wconf 85' lang='lat' dir='ltr'>nequit;</span> <span class='ocrx_word' id='word_1_359' title='bbox 599 3872 766 3940; x_wconf 82' lang='lat' dir='ltr'>imploraverat</span> <span class='ocrx_word' id='word_1_360' title='bbox 778 3873 896 3930; x_wconf 88' lang='lat' dir='ltr'>Pandion,</span> <span class='ocrx_word' id='word_1_361' title='bbox 907 3888 977 3938; x_wconf 90' lang='lat' dir='ltr'>quem</span> <span class='ocrx_word' id='word_1_362' title='bbox 989 3888 1037 3921; x_wconf 88' lang='lat' dir='ltr'>una</span> <span class='ocrx_word' id='word_1_363' title='bbox 1048 3874 1097 3922; x_wconf 82' lang='lat' dir='ltr'>vic&#39;-</span> 
     </span>
     <span class='ocr_line' id='line_1_41' title="bbox 51 3946 1098 4014; baseline 0 -18"><span class='ocrx_word' id='word_1_364' title='bbox 51 3947 131 3997; x_wconf 88' lang='lat' dir='ltr'>dieam</span> <span class='ocrx_word' id='word_1_365' title='bbox 147 3956 236 4006; x_wconf 88' lang='lat' dir='ltr'>tamen,</span> <span class='ocrx_word' id='word_1_366' title='bbox 246 3948 304 4013; x_wconf 90' lang='lat' dir='ltr'>quid</span> <span class='ocrx_word' id='word_1_367' title='bbox 320 3949 454 4014; x_wconf 88' lang='lat' dir='ltr'>repererim.</span> <span class='ocrx_word' id='word_1_368' title='bbox 486 3953 550 3998; x_wconf 90' lang='lat' dir='ltr'>Pan·</span> <span class='ocrx_word' id='word_1_369' title='bbox 601 3948 667 4006; x_wconf 90' lang='lat' dir='ltr'>toria,</span> <span class='ocrx_word' id='word_1_370' title='bbox 679 3956 773 3997; x_wconf 87' lang='lat' dir='ltr'>auctore</span> <span class='ocrx_word' id='word_1_371' title='bbox 789 3946 941 4014; x_wconf 86' lang='lat' dir='ltr'>Apollodoro,</span> <span class='ocrx_word' id='word_1_372' title='bbox 957 3947 1060 4012; x_wconf 90' lang='lat' dir='ltr'>impulit,</span> <span class='ocrx_word' id='word_1_373' title='bbox 1073 3958 1098 3996; x_wconf 91' lang='lat' dir='ltr'>ut</span> 
     </span>
     <span class='ocr_line' id='line_1_42' title="bbox 51 4021 1098 4088; baseline -0.001 -17"><span class='ocrx_word' id='word_1_374' title='bbox 51 4023 138 4079; x_wconf 85' lang='lat' dir='ltr'>sanias,</span> <span class='ocrx_word' id='word_1_375' title='bbox 156 4039 180 4086; x_wconf 93' lang='lat' dir='ltr'>p.</span> <span class='ocrx_word' id='word_1_376' title='bbox 198 4024 254 4071; x_wconf 90' lang='grc'>100.</span> <span class='ocrx_word' id='word_1_377' title='bbox 272 4022 352 4080; x_wconf 88' lang='lat' dir='ltr'>tradit,</span> <span class='ocrx_word' id='word_1_378' title='bbox 371 4023 422 4088; x_wconf 82' lang='lat' dir='ltr'>ejus</span> <span class='ocrx_word' id='word_1_379' title='bbox 441 4023 550 4081; x_wconf 81' lang='lat' dir='ltr'>Graecie,</span> <span class='ocrx_word' id='word_1_380' title='bbox 600 4021 725 4071; x_wconf 85' lang='lat' dir='ltr'>Tereasibi</span> <span class='ocrx_word' id='word_1_381' title='bbox 732 4037 844 4086; x_wconf 86' lang='lat' dir='ltr'>generum</span> <span class='ocrx_word' id='word_1_382' title='bbox 854 4021 994 4072; x_wconf 88' lang='lat' dir='ltr'>adsumeret.</span> <span class='ocrx_word' id='word_1_383' title='bbox 1011 4022 1098 4070; x_wconf 88' lang='lat' dir='ltr'>Noster</span> 
     </span>
     <span class='ocr_line' id='line_1_43' title="bbox 50 4089 910 4162; baseline 0.002 -18"><span class='ocrx_word' id='word_1_384' title='bbox 50 4113 105 4160; x_wconf 78' lang='lat' dir='ltr'>que</span> <span class='ocrx_word' id='word_1_385' title='bbox 126 4105 210 4162; x_wconf 88' lang='lat' dir='ltr'>postea</span> <span class='ocrx_word' id='word_1_386' title='bbox 231 4097 316 4146; x_wconf 84' lang='lat' dir='ltr'>Hellas</span> <span class='ocrx_word' id='word_1_387' title='bbox 343 4089 417 4154; x_wconf 83' lang='lat' dir='ltr'>dicta,</span> <span class='ocrx_word' id='word_1_388' title='bbox 439 4114 549 4161; x_wconf 86' lang='lat' dir='ltr'>magnam</span> <span class='ocrx_word' id='word_1_389' title='bbox 600 4097 716 4162; x_wconf 88' lang='lat' dir='ltr'>triplicem</span> <span class='ocrx_word' id='word_1_390' title='bbox 728 4097 910 4146; x_wconf 85' lang='lat' dir='ltr'>eausamallert.</span> 
     </span>
     <span class='ocr_line' id='line_1_44' title="bbox 50 4171 550 4237; baseline 0.004 -18"><span class='ocrx_word' id='word_1_391' title='bbox 50 4180 141 4234; x_wconf 85' lang='lat' dir='ltr'>partem</span> <span class='ocrx_word' id='word_1_392' title='bbox 159 4171 214 4220; x_wconf 92' lang='lat' dir='ltr'>olim</span> <span class='ocrx_word' id='word_1_393' title='bbox 233 4171 335 4221; x_wconf 89' lang='lat' dir='ltr'>tenuisse</span> <span class='ocrx_word' id='word_1_394' title='bbox 353 4173 474 4230; x_wconf 80' lang='lat' dir='ltr'>Barbaros,</span> <span class='ocrx_word' id='word_1_395' title='bbox 491 4182 550 4237; x_wconf 88' lang='lat' dir='ltr'>quos</span> 
     </span>
    </p>
   </div>
   <div class='ocr_carea' id='block_1_4' title="bbox 0 0 1410 5010">
    <p class='ocr_par' dir='ltr' id='par_1_4' title="bbox 0 0 1410 5010">
     <span class='ocr_line' id='line_1_45' title="bbox 0 0 1410 5010; baseline 0 4"><span class='ocrx_word' id='word_1_396' title='bbox 0 0 1410 5010; x_wconf 95' lang='lat' dir='ltr'> </span> 
     </span>
    </p>
   </div>
  </div>
 </body>
</html>
