2812 5010
178 332 245 407 862
474 339 516 405 P.
539 336 702 406 OVIDII
725 336 939 407 NASONIS

180 512 371 589 Fertilitas
388 523 509 601 terrae,
527 514 645 588 latum
662 515 815 612 vulgata
831 537 899 614 per
916 515 1059 604 orbem,

178 631 303 704 Cassa
315 631 439 727 jacet:
468 629 600 727 primis
618 639 767 727 segetes
785 631 992 705 moriuntur
1008 631 1047 703 in
1064 630 1215 706 herbis:

179 747 232 821 Et
248 746 361 820 modo
379 747 434 819 sol
453 745 603 835 nimius,
623 745 760 821 nimius
778 748 891 821 modo
909 745 1064 847 corripit
1084 746 1225 822 imber:

179 862 402 960 Sideraque,
421 861 601 959 ventique
619 873 777 953 nocent;
806 862 1002 961 avidaeque
1019 863 1191 937 volucres

180 977 333 1052 Semina
344 979 452 1076 jacta
468 979 620 1075 legunt:
649 977 792 1066 lolium,
811 978 1016 1077 tribulique
1032 977 1194 1077 fatigant

176 1095 360 1168 Triticeas
378 1118 534 1180 messes,
554 1104 593 1166 et
610 1093 904 1193 inexpugnabile
921 1117 1087 1192 gramen.
1152 1097 1226 1168 486

226 1202 325 1285 Turn
342 1222 457 1311 caput
475 1210 577 1285 Eleis
595 1210 776 1311 Alpheias
794 1210 931 1286 extulit
948 1210 1082 1297 undis;

177 1328 442 1426 Rorantesque
459 1351 587 1401 comas
605 1351 628 1401 a
644 1326 766 1401 fronte
783 1326 941 1401 removit
957 1326 1005 1401 ad
1023 1349 1155 1415 aures3

174 1445 305 1543 Atque
322 1443 392 1519 ait:
414 1453 438 1482 “
460 1444 493 1517 Ο
512 1454 595 1520 toto
613 1444 782 1543 quaesitae
796 1441 950 1540 virginis
968 1442 1071 1527 orbe,

101 1635 106 1644 ,
176 1559 228 1635 Et
244 1561 393 1657 frugum
411 1563 597 1657 genetrix,
616 1563 818 1635 immensos
837 1560 929 1634 siste
947 1559 1118 1648 labores;
1151 1561 1225 1631 490

176 1824 262 1874 dicitur
271 1824 390 1891 quidquid
402 1824 467 1891 apud
483 1823 588 1889 aliquem
599 1834 676 1874 custo·
726 1838 779 1874 eam
796 1832 915 1874 coercent.
948 1823 1014 1872 Plln.
1029 1821 1065 1871 iii.
1076 1824 1123 1888 Ep.
1134 1821 1184 1872 xix.
1195 1823 1226 1871 6:

175 1900 221 1948 dias
232 1899 310 1964 gratia
323 1899 464 1950 collocatur.
497 1900 541 1948 Est
550 1914 606 1947 vero
616 1899 676 1964 ligu-
717 1897 1226 1964 felicitastmaefntigntarisnhecillisoulto·

175 1981 228 2022 rata
245 1982 270 2021 et
284 1974 379 2037 poetica
394 1972 532 2030 locutio,eo
546 1973 677 2038 quodager
725 1975 796 2022 ribo.
830 1971 919 2037 Virgil.
934 1972 1023 2035 Georg.
1041 1969 1135 2020 tlte:
1151 1974 1227 2020 inter·

168 2045 676 2112 fallit,nonraddendoasminacreditaat-
725 2063 768 2110 quc
785 2048 885 2095 nitentia
903 2045 976 2102 culta,
993 2043 1083 2109 Infelix
1106 2045 1185 2094 artam
1204 2054 1227 2092 et

175 2135 223 2184 que
240 2120 266 2168 in
282 2119 335 2169 sinu
353 2120 405 2186 ejus
422 2123 522 2183 deposita
527 2138 537 2180 ,·
554 2120 675 2179 Horatius,
724 2122 812 2170 steriles
822 2122 970 2169 dornissantor
980 2132 1065 2168 avene.

175 2193 303 2244 111.0d.i.
314 2196 356 2242 30.
360 2194 498 2259 fundusque
508 2198 612 2244 mendas.
759 2195 815 2244 487.
842 2196 951 2256 Alpheas,
970 2192 1041 2242 hodia
1064 2192 1164 2249 corbon,
1183 2191 1225 2241 ubi

207 2270 267 2317 481.
285 2268 404 2317 Fertilitas
414 2279 480 2318 terre
491 2268 587 2326 Sicula,
598 2262 676 2318 Leon·
728 2266 818 2317 Elidem
829 2266 944 2332 irrigavit,
954 2268 1013 2316 mari
1023 2264 1226 2332 Peloponnesiaco

174 2342 277 2393 tinorum
295 2341 410 2408 imprimis
428 2359 602 2409 camporum,a
616 2343 675 2392 Dio·
725 2341 866 2399 infunditur,
883 2341 926 2390 sed
942 2342 987 2391 suh
1004 2339 1065 2388 mari
1081 2347 1226 2406 procurrere,

175 2416 242 2475 doro,
259 2416 339 2466 Plinio
356 2416 458 2482 aliisque
476 2425 598 2483 tantopere
612 2416 675 2466 cele·
725 2425 798 2481 atque
815 2415 841 2464 in
858 2414 949 2473 Sicilia,
962 2429 1035 2480 prope
1051 2415 1190 2479 Syracusas,
1200 2411 1225 2461 in

173 2492 356 2556 brata,cnlgata
364 2507 421 2541 sane
430 2499 474 2540 est.
499 2491 676 2556 Atquenostris
725 2490 827 2555 Ortygia
840 2489 928 2547 insula,
946 2505 1001 2538 curn
1018 2488 1141 2536 Arethusa
1158 2487 1225 2551 (qua

174 2565 247 2615 etiarn
258 2565 401 2630 temporibus
412 2573 473 2614 terra
480 2565 523 2614 illa
533 2566 615 2614 multis
624 2565 673 2615 exi-
724 2563 908 2627 inderllplseios)
920 2579 994 2629 aquas
1010 2578 1066 2611 suas
1082 2560 1226 2610 confundere

176 2639 230 2687 miae
247 2639 373 2688 fertilitatis
387 2654 436 2688 sna
451 2637 620 2705 speciminibus
634 2655 675 2688 ac·
724 2639 872 2689 credebatur.
904 2639 988 2689 Senec.
1005 2636 1065 2686 Nat.
1085 2637 1172 2705 Queat.
1190 2633 1225 2684 iii.

175 2721 244 2762 cusat
259 2711 369 2761 inertiam
385 2711 528 2773 incolarum,
544 2719 571 2761 ut
588 2714 675 2778 passim
725 2712 771 2774 263
786 2713 879 2770 Strabo,
886 2730 910 2761 v.
920 2729 946 2778 p.
956 2708 1019 2772 2703
1035 2711 1140 2759 Pausan.
1149 2708 1226 2758 miae.

175 2786 395 2852 queriturBrydon.
427 2786 628 2852 Itaqueethodie
639 2787 674 2836 di·
725 2784 1225 2852 p.390.quiremcomprobatauctoritate

175 2876 229 2911 cere
239 2861 304 2918 licet,
315 2860 424 2910 fertilitas
441 2861 485 2910 illa
496 2879 558 2910 cassa
564 2865 639 2924 jacet,
650 2861 675 2911 id
725 2859 838 2925 Delphici
846 2859 944 2909 oraculi.
961 2858 1078 2923 Idemque
1084 2874 1148 2906 error
1153 2857 1224 2906 etiam

178 2942 223 2992 est,
235 2942 313 2984 vacat.
339 2935 417 2983 Cassa
451 2935 675 2986 Devocabulosas-
725 2948 788 2983 nunc
799 2941 864 2983 tenet
873 2936 1002 2983 multorum
1016 2932 1149 2981 Siculorum
1159 2945 1224 2980 men·

175 3008 277 3058 sasvide
288 3007 422 3065 Heinsium,
433 3009 465 3057 ad
476 3011 566 3059 Festos.
577 3010 608 3060 vi.
620 3011 675 3060 406.
725 3016 771 3058 tes.
804 3006 928 3058 Arethusa
945 3017 1025 3056 auteur
1035 3007 1123 3055 Noster
1136 3005 1186 3072 ipse
1201 3011 1227 3054 et

177 3083 264 3131 Primis
274 3085 299 3129 in
313 3083 394 3138 berbin
406 3097 480 3147 quum
493 3091 580 3132 teneras
597 3083 675 3132 adbuc
725 3081 821 3131 oratoris
831 3080 1046 3148 deprecatorisque,
1058 3089 1085 3129 nt
1094 3078 1185 3129 Telluri
1197 3075 1224 3128 ir.

175 3153 256 3205 herbre
276 3164 339 3205 sunt.
374 3156 462 3204 Tenere
480 3159 507 3204 in
528 3157 595 3205 berta
617 3157 678 3206 dixit
725 3156 773 3204 272
784 3172 839 3221 sqq.
851 3163 875 3205 et
885 3154 972 3204 indicis
981 3161 1063 3219 partes
1072 3152 1150 3202 dedit.
1174 3152 1224 3218 Op-

175 3227 244 3294 virg.
254 3247 261 3288 ;
277 3229 339 3278 conl.
346 3228 408 3277 inira
419 3245 443 3277 x.
454 3230 510 3278 209.
724 3231 782 3278 time
797 3238 885 3282 autern.
897 3236 924 3276 ut
939 3244 953 3277 e
964 3243 1013 3278 ver.
1023 3228 1073 3276 504
1089 3242 1144 3292 sqq.
1154 3241 1223 3292 appa·

207 3304 265 3352 484.
289 3301 422 3366 Sideraque,
442 3303 567 3365 ventique]
592 3301 675 3352 Codex
724 3311 770 3359 ret,
780 3303 803 3352 ei
813 3302 929 3351 indicium
944 3301 1061 3350 tribuitur.
1094 3301 1126 3349 In
1141 3299 1223 3349 h.llo·

175 3373 510 3441 Regius-A,siderosni,etc.
543 3375 606 3425 Vide
621 3392 674 3441 qua
724 3395 783 3427 mer.
793 3378 832 3427 74.
843 3393 914 3443 quem
932 3377 1026 3432 Noster,
1037 3376 1102 3424 Fast.
1116 3375 1152 3424 iv.
1168 3375 1223 3422 588.

175 3450 279 3500 diximus
295 3449 326 3499 ad
342 3449 377 3498 iii.
396 3450 453 3499 ⁵³0.
467 3457 493 3498 et
509 3449 542 3498 iv.
557 3449 595 3498 10.
627 3450 675 3498 Hic
724 3453 840 3519 sequitur,
852 3468 901 3502 rem
911 3452 952 3501 Sol
962 3451 1057 3517 pradit3
1075 3448 1142 3514 apud
1152 3446 1224 3515 Apol-

175 3525 243 3574 locus
253 3525 376 3573 confirmat
386 3523 414 3574 rb
422 3542 464 3588 qua
472 3523 570 3589 produci
577 3538 675 3574 caesura.
724 3526 840 3585 lodorum,
851 3526 1041 3578 Hermionenses,
1052 3521 1110 3588 quia
1121 3522 1154 3571 ad
1164 3520 1223 3570 Her·

176 3600 254 3648 Avida
265 3601 376 3656 volueres,
387 3598 507 3663 improbus
521 3613 598 3654 anser,
609 3598 675 3662 Stry·
724 3601 828 3650 mionem
837 3598 957 3664 Argolidis
970 3598 1113 3646 descensum
1124 3595 1156 3644 ad
1165 3595 1223 3644 inie-

174 3670 676 3739 rnoniaequegrues,Virgil.Georg.i.ll9.
725 3690 764 3724 ros
785 3690 837 3723 esse
857 3675 980 3740 putabant.
1015 3671 1096 3720 Comus
1115 3688 1131 3718 a
1145 3671 1225 3735 fronte

175 3748 267 3797 Semina
287 3752 370 3813 legere,
390 3745 519 3813 σπέρματα
537 3744 674 3811 συλλέγειν,
725 3749 827 3804 remouit,
838 3754 884 3796 etc.
905 3746 992 3794 Eorum
1003 3744 1044 3810 qui
1055 3744 1087 3792 ad
1097 3742 1222 3793 dicendum

175 3821 269 3888 proprie
281 3821 311 3871 de
322 3822 358 3871 his
369 3823 460 3878 avibus,
470 3838 524 3887 quae
535 3820 591 3870 inde
601 3837 675 3887 σπερ-
725 3823 849 3887 prodeunt,
859 3829 940 3886 gestus
956 3818 1044 3885 aliquis
1057 3818 1137 3868 notari
1152 3817 1223 3876 solet}

175 3896 278 3962 μολόγοι
291 3896 371 3946 dictae.
404 3894 481 3945 Foesii
499 3896 583 3944 OEcon.
598 3895 674 3961 Hipp.
725 3895 751 3945 ii.
768 3897 831 3945 272:
849 3904 874 3946 et
892 3909 971 3962 supra,
987 3908 1055 3943 versu
1075 3895 1134 3941 388.
1165 3892 1221 3940 Hec

175 3986 200 4034 p.
217 3971 276 4018 848.
310 3971 411 4027 Latium,
425 3970 567 4019 Germanice
588 3970 676 4031 Tresps.
726 3979 822 4018 removet
839 3986 918 4025 comas
935 3976 962 4017 ut
980 3967 1012 4016 iv.
1026 3966 1083 4014 474.
1097 3965 1221 4031 'I'isiphona

178 4042 295 4099 Tribulus,
314 4043 456 4093 Germanice
480 4043 632 4100 Buraeldorn,
651 4042 676 4092 in
726 4044 845 4093 colubras.
880 4043 1000 4092 Rauenna
1010 4041 1029 4089 i.
1041 4042 1100 4090 339.

176 4109 247 4164 Italia
265 4117 386 4181 frequens.
421 4118 533 4183 Fatignnt
551 4117 676 4183 exquisite,
760 4119 816 4168 490.
844 4117 962 4173 Genetrix,
983 4115 1047 4164 Dea.
1081 4107 1124 4162 Dii
1143 4125 1220 4162 earum

175 4190 307 4256 impediunt
316 4204 421 4257 segetem
436 4208 531 4256 surgere
544 4200 675 4249 conantem,
726 4207 803 4240 rerum
822 4194 944 4257 genitores,
961 4203 1061 4254 quarum
1080 4202 1162 4237 curam
1181 4199 1219 4250 gt·
