2812 5010
312 351 378 418 418
610 351 649 415 Ρ.
674 348 834 415 OVIDII
858 348 1069 415 NASONIS

316 526 408 623 Ipsa
419 527 533 623 jacet,
549 534 733 622 terraeqne
750 533 914 597 tremens
933 523 1191 598 immurmurat
1208 533 1299 599 atrae
1314 550 1322 599 :

317 639 448 738 thue
466 638 576 712 salire
594 639 690 712 solet
708 639 889 712 mutilatae
905 640 1027 713 cauda
1043 641 1218 726 colubrae,

315 756 496 855 Palpitat‚
516 765 556 829 et
572 754 733 828 moriens
752 753 912 846 dominae
929 754 1090 852 vestigia
1107 755 1253 852 quaerit.
1287 758 1356 829 560

316 871 400 946 Hoc
412 894 564 969 quoque
583 881 668 968 post
685 869 842 956 facinus,
853 870 917 942 vix
932 871 1052 944 ausim
1065 872 1232 962 credere,
1244 869 1356 946 fertur

317 988 430 1086 Saepe
448 1013 517 1061 sua
533 989 697 1060 lacerum
715 987 897 1084 repetisse
911 986 1067 1060 libidine
1084 1011 1233 1086 corpus.

318 1105 488 1178 Sustinet
506 1106 553 1177 ad
572 1104 745 1178 Procnen
764 1112 851 1200 post
868 1103 959 1176 talia
975 1102 1077 1177 facta
1092 1103 1247 1192 reverti3

317 1220 491 1316 Conjuge
509 1243 594 1317 quae
611 1219 691 1292 viso
710 1242 924 1315 germanam
943 1218 1098 1315 quaerit:
1128 1219 1249 1292 atille

317 1335 395 1409 Dat
412 1335 573 1432 gemitus
591 1334 711 1422 fictos
731 1345 1018 1433 commentaque
1035 1335 1166 1409 funera
1182 1343 1320 1409 narrat.

316 1452 368 1526 Et
385 1453 547 1525 lacrimae
563 1451 688 1526 secere
705 1453 842 1527 fidem:
870 1451 1056 1526 velamina
1072 1451 1220 1524 Procne
1285 1453 1354 1524 566

316 1568 467 1667 Deripit
483 1593 532 1642 ex
549 1569 727 1656 humeris,
747 1592 836 1642 auro
853 1567 1034 1662 fulgentia
1050 1569 1151 1656 lato;

243 1688 246 1695 '
316 1685 566 1780 Induiturque
584 1695 682 1758 atras
699 1694 844 1775 vestes3
874 1695 913 1758 et
931 1685 1041 1757 inane
1060 1683 1276 1781 sepulcrum

317 1801 539 1887 Constituit,
557 1800 738 1898 falsisque
756 1802 905 1900 piacula
920 1800 1094 1874 manibus
1111 1798 1247 1886 infert3

316 1914 368 1991 Et
385 1918 489 2012 luget
505 1940 581 1988 non
599 1917 652 1990 sic
670 1918 843 2013 lugendae
857 1916 934 1990 fata
951 1915 1099 1990 sororis.
1287 1917 1358 1991 570

317 2031 436 2128 Signa
454 2032 558 2106 Deus
576 2034 635 2106 bis
653 2058 721 2108 sex
739 2044 823 2107 acto
840 2034 1061 2106 lustraverat
1078 2055 1187 2104 anno.

316 2147 418 2232 Quid
435 2148 549 2222 faciat
567 2149 802 2225 Philomela?
829 2151 955 2248 fugam
973 2149 1146 2222 custodia
1161 2145 1329 2220 claudit:

315 2417 411 2480 vestigia
435 2419 533 2477 φωνῆς
561 2414 620 2463 illud
643 2424 763 2480 sumptum
784 2433 813 2465 ex
895 2419 953 2467 571.
970 2417 1042 2480 Signa
1054 2415 1125 2472 Deus,
1136 2414 1195 2476 etm]
1205 2413 1300 2480 Apollo,
1311 2413 1358 2470 Sol,

315 2491 375 2537 AEn.
385 2507 409 2537 x.
421 2491 468 2538 395
479 2507 484 2535 :
506 2489 536 2537 Te
546 2492 619 2538 decisa
633 2507 707 2546 suum,
719 2490 813 2548 Laride,
862 2499 886 2541 et
897 2503 933 2540 est
944 2491 1000 2540 anni
1010 2489 1101 2538 rotatio.

315 2567 406 2612 deutera
423 2567 511 2625 querit,
527 2564 713 2626 Semianimesque
727 2568 814 2613 micant
894 2566 952 2614 572.
964 2565 1059 2612 Claudat
1070 2559 1217 2626 exquisitius,
1225 2577 1307 2625 quam,
1315 2561 1359 2609 im·

314 2640 392 2703 digiti,
396 2638 535 2702 ferrumque
546 2646 682 2685 retractant.
861 2638 936 2702 pedit,
955 2635 1065 2701 quoniam
1087 2634 1139 2700 ipsa
1157 2633 1241 2682 clausa
1262 2635 1358 2687 teneba-

349 2714 405 2761 561.
417 2712 467 2759 Hoc
477 2729 561 2775 quoque
569 2721 619 2773 past
625 2711 742 2776 farinus;
759 2723 813 2778 post
861 2722 907 2762 tur.
940 2713 996 2760 Non
1012 2710 1068 2759 satis
1079 2717 1122 2766 est,
1134 2708 1198 2773 quod
1209 2709 1359 2758 Burmannus

314 2785 575 2848 extractamlinguam,
604 2785 717 2834 Lucerum
725 2804 812 2849 carpus,
862 2783 954 2840 laudat,
967 2783 1060 2848 auferre
1078 2791 1102 2831 et
1118 2784 1217 2830 adimere
1224 2782 1322 2848 fugam,
1335 2783 1367 2830 in'

316 2860 452 2908 mutilatum
463 2860 552 2924 lingua.
864 2858 949 2922 quibus
959 2859 1033 2924 fuga,
1045 2857 1151 2922 fugiendi
1163 2857 1275 2911 incultas.
1298 2857 1359 2906 Rec-

349 2935 405 2983 565.
418 2935 547 2981 Commenta
556 2933 657 2998 funera,
668 2933 748 2982 fictam
755 2934 812 2983 Phi·
863 2932 909 2980 tius
918 2932 1064 2998 comparabis
1071 2931 1111 2979 vii.
1120 2931 1177 2979 604.
1187 2933 1287 2980 animam
1297 2933 1358 2980 elau·

316 3008 408 3056 lomelae
420 3017 526 3056 mortem.
863 3009 916 3055 dere
928 3009 1014 3070 laqueo,
1025 3012 1050 3055 et
1060 3004 1109 3054 viii.
1120 3006 1177 3054 548.
1187 3007 1296 3054 claudere
1308 3008 1359 3054 iter.

355 3082 411 3130 566.
430 3083 541 3129 Lacrima
554 3082 635 3147 fecere
647 3082 737 3144 fldem';
757 3083 814 3131 effe·
864 3081 951 3146 Rigent
962 3079 1111 3144 exquisitius,
1124 3094 1205 3143 quam,
1216 3088 1282 3129 sunt.
1300 3079 1358 3128 Ma·

316 3164 399 3203 cerunt
419 3155 521 3203 lacrimae
549 3163 576 3204 ut
598 3157 689 3203 Procne
716 3165 814 3206 mortem
864 3158 912 3210 nia,
931 3153 1039 3218 parietes.
1069 3154 1098 3200 Os
1115 3161 1203 3199 mutum
1216 3153 1358 3216 jactitaret

316 3229 453 3277 Philomelae
466 3245 544 3277 veram
555 3245 606 3276 esse
618 3229 733 3277 crederet.
862 3231 953 3287 indice;
967 3243 993 3275 os
1004 3235 1095 3275 mutum
1105 3226 1183 3275 scelus
1192 3226 1300 3277 indicare
1313 3242 1358 3276 non

349 3305 406 3352 569.
426 3303 549 3350 Constituit
567 3301 708 3350 servandum
720 3318 813 3360 censeo,
862 3309 948 3366 potest.
972 3301 1066 3364 Lingua
1074 3308 1110 3348 cst
1119 3303 1192 3349 animi
1202 3303 1323 3363 interpres,
1333 3307 1358 3348 nt

316 3376 381 3441 quod
391 3377 477 3424 molem
485 3375 632 3423 monumenti
643 3375 812 3443 adificatime·
863 3375 897 3422 ait
914 3373 1044 3432 Lucretius,
1059 3374 1090 3422 vi.
1108 3375 1186 3434 1147;
1203 3383 1228 3422 et
1246 3375 1357 3424 laetorum

315 3450 362 3500 lius
382 3450 508 3515 significat.
542 3449 642 3498 Veteres
659 3465 732 3513 quum
750 3449 812 3497 inse·
861 3450 937 3498 index.
956 3449 1050 3497 Grande
1062 3449 1134 3496 dolari
1145 3448 1279 3513 Ingenium.
1295 3449 1358 3496 Mar-

315 3523 486 3590 pulticorporis
497 3522 599 3571 animam
608 3523 705 3587 Stygem
714 3523 812 3571 transire
862 3522 934 3580 tialis,
955 3522 986 3570 de
1007 3523 1116 3586 Spectac.
1138 3522 1183 3569 14:
1212 3523 1359 3586 quaantum

315 3596 380 3645 haud
407 3613 475 3663 posse
505 3595 683 3652 arbitrarentur,
707 3596 813 3654 mortuis,
862 3607 893 3644 est
914 3598 993 3645 subitis
1012 3598 1100 3643 casibus
1120 3599 1248 3660 ingenium.
1292 3595 1359 3660 lnge·

315 3687 415 3735 quorum
429 3686 526 3735 corpora
540 3670 640 3735 reperire
652 3685 699 3717 non
711 3678 813 3735 possent,
861 3673 927 3718 nium
945 3667 1055 3718 tribuitur
1070 3678 1094 3717 et
1113 3668 1163 3726 iroe,
1182 3669 1363 3725 munificentie,

315 3749 396 3795 inania
416 3747 529 3808 sepulcra,
546 3743 683 3809 κενοτάφια,
694 3754 813 3794 exstruere
862 3745 949 3808 poenis,
968 3753 1015 3793 ete.
1050 3743 1114 3793 Vide
1136 3744 1260 3792 Drakenb.
1277 3743 1360 3792 adst·

314 3820 432 3868 solebant.
466 3818 540 3874 Infra,
558 3818 600 3866 xii.
613 3820 638 3866 3.
659 3821 738 3867 inanes
754 3819 813 3882 infe·
863 3817 930 3875 lium,
948 3818 996 3867 xvi.
1012 3817 1058 3866 46:
1078 3817 1123 3866 boc
1142 3818 1195 3866 loco
1215 3817 1361 3882 intelligatur

313 3896 364 3950 ria,
379 3908 432 3958 quae
443 3893 529 3941 dantur
539 3893 646 3957 sepulcro
657 3892 731 3941 inani.
764 3893 810 3942 Pro
862 3893 957 3942 solertia
977 3892 1002 3941 in
1023 3891 1171 3942 inveniendis
1190 3892 1271 3955 rebus,
1290 3908 1361 3957 qnam

313 3967 405 4029 irfferiis
416 3983 479 4016 nuuc
490 3967 552 4015 dixit
560 3968 738 4030 piaeuiafaln's,
752 3965 811 4015 salso
861 3967 950 4014 excitat
967 3966 1041 4015 dolor.
1077 3967 1153 4025 Venit,
1169 3966 1305 4016 excitatur:
1323 3982 1362 4015 sn·

315 4040 421 4089 creditis.
465 4041 557 4106 Infme
573 4041 671 4089 verbum
692 4041 811 4106 proprium
860 4055 912 4103 pra,
931 4056 1001 4089 versu
1020 4041 1061 4088 29.
1081 4056 1135 4088 risus
1155 4042 1217 4088 uenit
1237 4042 1267 4089 ab
1287 4044 1364 4098 annu,

314 4110 341 4160 in
350 4112 395 4163 hac
406 4131 440 4164 re.
470 4117 586 4180 Legenda
597 4115 702 4179 quidem,
713 4115 755 4164 sed
766 4133 811 4163 nan
862 4122 1020 4179 comparatur.

314 4189 355 4244 ria,
364 4186 429 4257 inani
440 4188 548 4254 sepulcro
558 4197 582 4238 ct
593 4187 690 4238 inferiis.
