2812 5010
206 311 274 382 DE
299 313 463 379 OPERE
478 313 979 389 ,METAMORPHOSEON
1028 340 1116 382 xxxv

73 493 194 560 natura,
222 495 270 563 ut,
297 487 355 552 ubi
383 487 554 554 scribendo
581 486 795 565 incaluerunt,
821 487 906 554 illico
934 510 1044 554 ornnes
1069 492 1116 554 rei

71 603 246 668 tractandae
271 616 392 690 partes,
414 630 525 675 aarum
546 631 666 677 nexum
691 609 929 694 verborumque
951 609 1116 679 involucra

68 721 204 788 maxime
223 724 341 791 idonea
354 725 527 797 clarissime
538 727 745 813 perspiciant.
791 726 879 799 Hinc
891 726 946 792 illa
948 727 1113 813 facilitas,

64 863 136 924 quae
151 843 286 910 mirifice
300 847 420 932 scripta
436 847 650 924 commendat,
664 846 784 931 quibus
798 845 970 916 oblectatio
985 845 1113 932 potissi-

65 956 152 1025 mum
175 963 348 1046 quaeritur:
374 966 520 1035 eamdem
540 977 575 1032 et
599 988 659 1053 per
681 975 784 1041 totum
810 964 1007 1029 Ouidianum
1032 986 1114 1049 opus

65 1077 203 1145 effirsam
223 1082 383 1162 videmus3
411 1085 446 1151 in
474 1085 596 1151 nullum
621 1085 706 1151 enim
727 1085 897 1151 incidimus
918 1084 1035 1163 locum,
1058 1085 1115 1169 qui

65 1197 200 1276 vultum,
215 1211 253 1267 ut
270 1200 316 1266 ita
336 1203 452 1280 dicam,
467 1204 598 1269 nitentis
612 1203 749 1280 habeat,
773 1203 831 1269 sed
846 1203 952 1269 omnia
965 1213 1114 1287 apparet,

65 1321 255 1397 sententias,
270 1321 379 1398 verba,
395 1321 550 1408 imagines
564 1333 598 1389 et
614 1321 738 1408 reliqua
751 1331 949 1399 ornamenta,
962 1331 1115 1407 tanquam

64 1440 270 1523 apparitores
284 1441 515 1526 paratissimos,
529 1441 683 1507 scribenti
699 1451 820 1536 praesto
834 1439 944 1505 fuisse.
989 1439 1115 1508 verum

64 1555 127 1620 tale
142 1558 266 1643 ingenii
279 1559 399 1625 fiumen
409 1559 604 1626 lutulentum
611 1560 772 1626 interdum
783 1559 936 1635 decurrit,
948 1569 1115 1643 sortesque

63 1676 236 1742 nonnullas
259 1700 367 1745 secum
385 1680 485 1757 vehit,
505 1702 585 1764 quas
604 1701 683 1745 cura
704 1678 847 1743 secunda
866 1676 979 1743 tollere
1003 1678 1112 1742 debet.

63 1795 189 1861 Nostro
209 1808 317 1866 autem
333 1821 392 1883 per
414 1797 482 1869 fata
497 1821 563 1863 non
584 1797 676 1865 licuit
692 1806 880 1873 retractare,
895 1818 969 1881 quae
991 1796 1112 1881 primus

62 1915 186 2000 ingenii
203 1916 343 2002 impetus
358 1918 504 1995 fuderat;
528 1918 611 1982 forte
625 1926 660 1982 et
675 1915 709 1980 in
723 1915 916 2000 quibusdam
931 1915 1114 2000 corrigendi

64 2008 213 2098 voluntas
236 2034 408 2100 defuisset:
434 2036 543 2119 itaque
565 2034 619 2098 hic
642 2032 707 2098 illic
732 2043 917 2110 occurrunt,
942 2055 1016 2118 quae
1041 2034 1113 2119 quis

64 2153 193 2219 sublata
207 2165 263 2218 aut
277 2154 447 2220 emendata
462 2153 548 2218 velit.
586 2153 687 2218 Insita
700 2154 731 2217 ei
750 2174 848 2237 porro
867 2163 938 2217 erat
951 2153 1052 2217 virtus
1066 2153 1114 2217 in·

64 2275 150 2359 genii
174 2297 225 2351 ea,
245 2297 319 2360 quae
340 2285 490 2339 externas
515 2273 716 2359 potissimum
741 2294 848 2336 rerum
873 2271 991 2335 formas
1011 2273 1114 2336 consi·

65 2393 170 2470 derat,
185 2394 366 2478 acriterque
382 2394 490 2469 sentit,
499 2393 533 2457 in
547 2393 586 2456 iis
599 2391 714 2466 haeret,
727 2412 800 2474 quae
814 2400 907 2475 grata
920 2399 994 2453 sunt
1008 2389 1113 2454 animo

65 2523 121 2577 aut
134 2515 274 2598 ingrata,
289 2512 469 2596 phantasiae
485 2533 547 2596 ope
561 2510 687 2585 nititur,
702 2509 838 2592 ejusque
854 2531 872 2573 e
887 2530 975 2592 penu
989 2507 1112 2573 colores
1190 2592 1194 2606 ι

64 2633 159 2716 petit,
188 2633 307 2717 quibus
335 2655 403 2697 rem
429 2632 628 2716 propositam
653 2628 818 2693 illuminet.
868 2626 951 2711 Ejus
974 2626 1113 2703 virtutis,

64 2774 163 2835 quam
176 2751 293 2816 Nostri
310 2754 371 2816 den
391 2752 475 2816 Wits
489 2764 617 2828 vocant,
634 2746 790 2833 exemplis
807 2748 952 2814 abundat
965 2747 1029 2813 hoc
1044 2771 1113 2815 car-

64 2892 155 2947 men3
180 2871 223 2936 ab
244 2892 347 2955 eaque
370 2871 441 2955 ejus
470 2882 583 2936 auctor
611 2870 786 2934 eminenter
811 2868 992 2954 ingeniosus
1016 2879 1114 2952 poeta

52 2999 208 3053 uocatur.
253 2988 357 3054 Modo
371 3009 436 3054 non
450 2991 652 3076 argutiarum
666 2989 817 3063 studium,
829 2988 1004 3052 acuminum
1017 3009 1113 3053 vena·
1140 3058 1147 3073 ¹

63 3106 109 3170 tio
128 3117 163 3170 et
179 3108 363 3193 petulantia
385 3109 535 3193 quaedam
558 3109 655 3173 animi
680 3130 754 3173 oum
779 3108 898 3192 passim
924 3109 1113 3173 avertissent

65 3225 106 3289 ab
120 3247 172 3301 ea,
182 3225 272 3309 quod
283 3236 407 3290 rectum
420 3237 470 3290 est
481 3236 513 3290 et
525 3248 645 3290 verum.
680 3223 756 3288 Illas
768 3235 875 3289 autem
885 3225 1006 3310 ingenii
1019 3227 1112 3291 dotes

64 3341 220 3406 doctrinae
240 3341 381 3409 liberalis
401 3344 522 3428 pabulo
542 3343 677 3420 aluerat,
691 3342 829 3412 lectione
844 3355 1011 3409 auctorum
1030 3368 1113 3430 prae-

64 3460 343 3538 stantissimorum,
365 3474 533 3546 poetarum
558 3465 592 3527 in
616 3464 740 3549 primis,
767 3462 1054 3544 declamationibus
1079 3466 1112 3529 in

64 3578 182 3642 scholis
198 3579 377 3657 rhetorum,
391 3592 489 3665 atque
504 3583 726 3646 observatione
744 3578 868 3646 morum
882 3592 916 3646 et
933 3582 1112 3646 studiorum

64 3694 288 3760 humanorum.
333 3696 448 3784 Itaque
468 3699 602 3767 scientia
615 3701 744 3785 vigebat
761 3700 949 3765 elocutionis
963 3700 1111 3784 poeticae,

64 3813 276 3897 antiquitatis
298 3817 394 3881 animi
417 3817 560 3896 humani,
583 3843 757 3905 earumque
780 3842 899 3895 rerum,
916 3819 1035 3903 quibus
1058 3817 1111 3882 ille

64 3933 291 4015 persuadetur,
306 3935 497 4016 delectatur,
508 3950 664 4004 movetur.
710 3939 765 4004 Sic
779 3960 859 4023 ergo
874 3950 907 4003 et
920 3949 1066 4004 enatura
1080 3949 1113 4002 et

65 4060 180 4136 suopte
196 4052 304 4119 studio
319 4053 475 4120 formatus
493 4056 627 4123 accessit
645 4056 687 4120 ad
705 4079 788 4143 opus
803 4055 1113 4140 Metamorphoseon

64 4170 278 4237 condendum.
