2812 5010
174 318 239 384 310
463 320 503 385 Ρ.
527 317 688 386 OVIDII
711 316 923 384 NASONIS

181 492 306 567 Saxea
323 492 423 569 facta
439 517 571 568 manus
589 494 628 566 iu
645 491 797 568 easdem
815 484 973 590 porrigit
990 490 1132 566 undas:
1159 588 1175 595 ..

178 607 316 706 Hujus,
335 619 377 683 ut
395 609 589 710 adreptum
607 609 773 684 laniabat
789 607 928 682 vertice
946 605 1101 694 crinem,

179 724 342 799 Duratos
358 725 483 799 subito
500 725 637 822 digitos
655 726 694 801 in
711 725 813 799 crine
829 723 988 799 videres,

179 837 263 922 Quo
275 863 435 938 quaeque
449 841 606 937 ingestu
619 840 874 941 deprenditur,
887 836 1133 911 haesitinillo.
1147 839 1214 910 559

178 954 273 1028 Pars
283 957 452 1032 volucres
470 956 602 1048 factae3
624 983 709 1055 quae
727 981 827 1031 nunc
847 978 999 1052 quoque
1017 953 1166 1050 gurgite
1181 953 1216 1027 in

178 1071 344 1168 AEquora
361 1073 598 1169 destringunt
612 1072 766 1147 summis
785 1069 994 1145 Ismenides
1012 1067 1114 1142 alis·
1142 1067 1217 1164 [illo

228 1184 304 1259 ΙΙΙ.
319 1185 452 1262 Nescit
461 1187 695 1285 Agenorides
706 1197 847 1275 natam,
860 1207 1093 1285 parvumque
1103 1207 1216 1282 nepo-

178 1300 353 1397 AEquoris
372 1327 456 1378 esse
471 1303 594 1379 Deos:
615 1307 719 1378 luctu
737 1303 910 1399 serieque
926 1300 1109 1374 malorum
1128 1300 1228 1395 [tem

177 1415 325 1503 Victus,
345 1429 384 1492 et
402 1419 572 1506 ostentis,
591 1444 675 1518 quae
690 1417 851 1518 plurima
867 1415 1022 1503 viderat,
1041 1413 1122 1488 exit
1179 1485 1187 1503 ,

180 1531 364 1606 Conditor
376 1536 468 1608 urbe
483 1559 571 1623 sua3
593 1545 772 1632 tanquam
790 1532 938 1606 fortuna
954 1531 1135 1625 locorum,
1148 1532 1217 1603 565

180 1645 216 1718 N
220 1671 268 1719 on
286 1672 413 1721 suase
431 1661 637 1747 preme'ret3
665 1648 864 1745 longisque
883 1636 1066 1720 erratibus
1083 1656 1202 1733 actus,

181 1761 352 1860 Contigit
363 1762 535 1862 Illyricos
545 1764 704 1863 profuga
717 1788 804 1837 cum
818 1765 978 1860 conjuge
993 1761 1100 1837 fines.
1123 1763 1218 1856 [tant

179 1875 342 1975 Jamque
355 1880 464 1953 malis
479 1879 662 1978 annisque
680 1902 823 1976 graves,
835 1877 926 1950 dum
943 1876 1065 1975 prima
1081 1886 1217 1950 retrac-

180 1992 275 2067 Fata
291 1993 437 2082 domus,
456 1997 702 2093 releguntque
720 2018 807 2068 suos
827 2016 997 2068 sermone
1014 1992 1188 2081 labores;

213 2242 269 2292 561.
292 2242 414 2294 Revocavi
434 2244 589 2311 antiquiorem
610 2244 677 2296 lecti-
728 2247 802 2293 luctu.
831 2243 903 2293 Series
919 2241 962 2291 illa
979 2242 1092 2290 mubnnu
1107 2238 1135 2288 iu
1152 2252 1218 2304 supe·

180 2331 250 2364 onem
261 2321 359 2376 summis,
370 2335 443 2383 quum
457 2319 570 2370 Heinsius
585 2323 678 2384 sumptis
726 2318 825 2368 rioribus
835 2324 938 2375 narratu,
948 2316 1004 2366 inde
1016 2314 1077 2365 aiii.
1090 2315 1148 2364 138.
1170 2312 1219 2362 Vir·

181 2389 328 2440 correxisset.
370 2392 435 2441 Illud
456 2392 520 2442 euim
539 2395 600 2443 bene
622 2409 677 2443 con·
727 2406 773 2449 tus,
793 2391 883 2441 tractu
909 2390 995 2440 animo.
1036 2389 1146 2446 fluentis,
1169 2401 1219 2453 que

180 2462 246 2511 veuit
265 2480 319 2513 voc.
339 2467 495 2532 managam.
536 2467 593 2515 Non
617 2482 677 2516 mer·
727 2467 806 2516 futura
822 2466 895 2516 etiam
907 2465 971 2514 mala
986 2463 1169 2529 portendebant.
1197 2460 1220 2510 A

180 2545 268 2600 guntur
278 2536 326 2586 illae
342 2555 408 2596 aves,
422 2539 465 2589 sed
479 2543 568 2589 summis
584 2535 678 2590 tantum
727 2539 823 2590 Baccho
838 2538 861 2588 ei
875 2537 940 2605 apud
956 2535 1096 2603 Euripidem
1113 2533 1220 2602 predici-

180 2612 224 2659 ulis
241 2614 396 2678 munaus,
411 2615 497 2664 radunt
514 2630 585 2679 super
600 2614 677 2663 ficiem
727 2623 765 2664 tur
774 2613 851 2679 ὄχλος
859 2613 972 2678 μόχθων.
1000 2610 1220 2675 Ειίε,ἰωιιιοε]ἐο-

180 2684 259 2734 maru.
286 2687 370 2752 Supra,
380 2703 429 2736 ver.
439 2689 500 2737 1³6:
510 2706 586 2752 equor
595 2693 679 2754 erigus
728 2696 766 2737 tus
776 2697 821 2745 est,
834 2686 874 2736 vel
891 2685 955 2751 quod
965 2685 1090 2734 Bacchum
1101 2693 1219 2750 wntemp·

181 2776 251 2820 quum
275 2776 385 2809 summum
410 2765 536 2828 stringitur
556 2780 623 2812 rura.
644 2762 678 2812 xi.
726 2754 1220 2826 serat,Euripid.d.l.velabAmphione

182 2833 246 2881 7³³:
265 2835 397 2899 stringebat
414 2853 511 2886 summus
525 2838 571 2886 ulcr
585 2840 677 2885 miserc-
727 2844 752 2883 ct
761 2834 842 2892 Zetho,
853 2833 948 2898 syncel.
958 2850 984 2898 p.
996 2833 1051 2882 157.
1078 2831 1221 2882 Etiamtorit

180 2906 232 2955 bilis
241 2911 324 2957 undas
728 2908 833 2957 Fortuna
849 2906 959 2972 quedam
972 2917 1079 2968 praerat,
1094 2920 1229 2971 eorumque¹

213 2972 351 3021 out-602.
373 2975 451 3023 Nescit
470 2976 609 3040 Agenorides
635 2993 677 3024 uu·

183 3054 237 3102 tam,
257 3046 317 3110 eta]
341 3048 455 3105 Cadmus,
472 3048 560 3097 Thebis
579 3047 677 3107 relictis,

183 3117 214 3164 ad
235 3119 367 3170 Encheleas
387 3122 457 3185 fugit,
478 3138 493 3171 a
514 3121 607 3187 quibus,
626 3138 676 3171 ruo-

182 3198 253 3241 nente
274 3195 375 3252 oraculo,
397 3194 499 3259 primum
523 3195 578 3248 dux,
597 3204 678 3244 contra

181 3264 297 3330 Illyricos,
308 3284 362 3316 mox
378 3284 419 3318 rex
436 3278 537 3319 creatur.
563 3268 677 3334 Apollod.

181 3339 230 3389 Ill.
246 3358 269 3390 v.
287 3343 317 3402 43
341 3344 444 3392 Psusan.
460 3345 541 3393 Boeot.
561 3360 587 3408 p.
607 3344 675 3404 719,

180 3415 272 3472 Strabo,
282 3415 324 3465 vii.
335 3434 360 3481 p.
370 3418 427 3466 503.
453 3417 501 3466 Sed
512 3417 576 3483 apud
585 3417 677 3482 Mythi-

181 3505 222 3538 eos
239 3490 271 3537 ad
286 3498 416 3540 extremum
432 3499 537 3540 mutatur
554 3491 580 3540 iu
593 3491 676 3541 draco·

181 3579 246 3613 nem.
258 3565 365 3630 Euripid.
376 3567 466 3621 Bacch.
476 3567 598 3616 ver.1328
609 3582 677 3631 sqq.;

180 3637 273 3703 Hygia.
293 3638 341 3688 sab.
361 3640 384 3688 vi
395 3657 402 3701 ;
426 3639 537 3705 Apollon.
555 3639 588 3690 iv.
611 3641 676 3702 5175

181 3711 263 3760 Nonni
280 3712 380 3778 Dionys.
395 3714 437 3763 lib.
454 3713 510 3763 xliv.
543 3714 626 3780 Atque
642 3713 677 3763 ita

182 3794 292 3834 eventurn
310 3787 394 3836 habuit
413 3790 534 3837 oraculum
553 3803 624 3854 supra
642 3787 677 3837 iii.

181 3860 224 3908 98.
235 3858 257 3908 ei
268 3859 359 3909 datum.
393 3861 443 3911 Aut
454 3862 605 3927 Etymologia
616 3863 677 3912 banc

181 3931 230 3979 lab.
244 3934 342 3998 peperit,
354 3934 411 3999 quia
427 3936 533 3985 Cadmus
548 3937 579 3985 ad
591 3935 678 4001 Ἐγχε-

180 4005 233 4063 λεῖς
243 4006 356 4072 confugit,
367 4015 408 4058 aut
424 4009 555 4074 symbolica
567 4009 678 4075 quedam

182 4078 268 4143 imago,
274 4080 305 4129 de
315 4097 362 4145 qua
371 4081 505 4135 adversum
515 4084 571 4133 602.
589 4084 676 4144 Nescit,

182 4152 245 4202 uude
271 4155 381 4205 solatium
401 4171 486 4222 capere
511 4157 626 4223 potuisset
651 4157 676 4207 in

727 2981 777 3031 latu
797 2981 903 3046 regebat.
936 2978 1024 3031 Confer
1045 2978 1086 3028 vii.
1104 2981 1171 3040 676;
1195 2995 1220 3028 x.

727 3058 792 3117 335;
809 3055 889 3119 ibique
905 3062 996 3103 notam.
1024 3055 1152 3112 Premeret,
1168 3069 1221 3103 vex·

727 3138 787 3178 aret.
822 3129 953 3186 Erroribus,
961 3127 1086 3185 erroribus,
1098 3143 1162 3178 nove
1175 3126 1222 3177 dic·

726 3212 786 3254 tum.
809 3205 905 3252 Erravit
916 3211 996 3253 autem
1006 3219 1049 3268 per
1056 3201 1221 3252 Macedoniam

724 3286 751 3340 et
761 3276 868 3343 Epirum.
878 3275 1045 3342 Apollodorus.

759 3353 817 3400 568.
835 3350 951 3414 Jamque]
981 3351 1075 3416 Nempe
1096 3359 1220 3417 postquam

726 3424 866 3489 aliquandiu
882 3431 1023 3489 regnaverat
1041 3423 1086 3482 ibi,
1102 3423 1222 3490 filiumque

726 3497 850 3562 Illyricum
868 3505 997 3562 genuerat;
1013 3497 1095 3546 confer
1110 3494 1222 3561 Apollod-

728 3571 964 3635 Graveqdelatigati.
989 3570 1167 3620 Edam-Grec.
1179 3569 1223 3621 tv.-

725 3648 810 3704 αυτοῖς
819 3643 991 3711 βιβαρυμένοι.
1017 3645 1102 3694 Horat.
1112 3643 1135 3693 Ῑ.
1146 3645 1195 3694 Set.
1202 3641 1221 3692 i.

726 3719 750 3768 4.
771 3720 838 3769 miles
860 3723 927 3768 anub
947 3722 1032 3784 gravis.
1075 3719 1221 3776 Retractast.

725 3794 838 3842 memoria
866 3802 890 3842 et
916 3808 1023 3842 sermone
1044 3800 1165 3858 repetunt.
1184 3790 1222 3840 rii·

727 3867 783 3917 714.
810 3868 899 3917 Eodem
910 3867 970 3917 redit
980 3869 1096 3932 rcbgere5
1114 3883 1173 3916 uam
1183 3863 1220 3932 qui

726 3943 808 4007 relegit
824 3944 877 3999 iter,
892 3941 913 3990 is
933 3940 1027 3997 eadem,
1050 3946 1222 4005 querentem,

726 4013 766 4063 via
775 4014 843 4064 redit.

759 4089 816 4137 570.
827 4088 922 4152 Saeua]
940 4087 1014 4138 Marti
1030 4095 1082 4137 erut
1098 4099 1219 4137 consecra

726 4167 773 4218 tus,
784 4160 891 4226 adeoque
901 4160 1056 4212 inviolabilis.
1084 4159 1151 4212 mne
1161 4157 1219 4212 Ced-
