<?xml version="1.0" encoding="UTF-8"?>
<!DOCTYPE html PUBLIC "-//W3C//DTD XHTML 1.0 Transitional//EN"
    "http://www.w3.org/TR/xhtml1/DTD/xhtml1-transitional.dtd">
<html xmlns="http://www.w3.org/1999/xhtml" xml:lang="en" lang="en">
 <head>
  <title>
</title>
<meta http-equiv="Content-Type" content="text/html;charset=utf-8" />
  <meta name='ocr-system' content='tesseract 3.04.00' />
  <meta name='ocr-capabilities' content='ocr_page ocr_carea ocr_par ocr_line ocrx_word'/>
</head>
<body>
  <div class='ocr_page' id='page_1' title='image "./povidiinasoniso04burmgoog_0258.png"; bbox 0 0 2812 5010; ppageno 0'>
   <div class='ocr_carea' id='block_1_1' title="bbox 283 345 1138 413">
    <p class='ocr_par' dir='ltr' id='par_1_1' title="bbox 283 345 1138 413">
     <span class='ocr_line' id='line_1_1' title="bbox 283 345 1138 413; baseline -0.001 -2"><span class='ocrx_word' id='word_1_1' title='bbox 283 345 749 413; x_wconf 83' lang='lat' dir='ltr'><strong>METAMORPHOSEON</strong></span> <span class='ocrx_word' id='word_1_2' title='bbox 773 345 862 412; x_wconf 90' lang='lat' dir='ltr'><strong>LIB.</strong></span> <span class='ocrx_word' id='word_1_3' title='bbox 887 346 955 412; x_wconf 84' lang='lat'><em>111.</em></span> <span class='ocrx_word' id='word_1_4' title='bbox 1067 347 1138 410; x_wconf 60' lang='grc' dir='ltr'>Υ247</span> 
     </span>
    </p>
   </div>
   <div class='ocr_carea' id='block_1_2' title="bbox 93 513 1217 2580">
    <p class='ocr_par' dir='ltr' id='par_1_2' title="bbox 93 513 1217 2580">
     <span class='ocr_line' id='line_1_2' title="bbox 95 513 1088 617; baseline 0.002 -27"><span class='ocrx_word' id='word_1_5' title='bbox 95 513 269 605; x_wconf 80' lang='lat' dir='ltr'>Naevia,</span> <span class='ocrx_word' id='word_1_6' title='bbox 289 543 358 593; x_wconf 92' lang='lat' dir='ltr'>nec</span> <span class='ocrx_word' id='word_1_7' title='bbox 376 532 536 608; x_wconf 85' lang='lat' dir='ltr'>montes,</span> <span class='ocrx_word' id='word_1_8' title='bbox 555 545 624 594; x_wconf 91' lang='lat' dir='ltr'>nec</span> <span class='ocrx_word' id='word_1_9' title='bbox 643 522 779 594; x_wconf 92' lang='lat' dir='ltr'>clausis</span> <span class='ocrx_word' id='word_1_10' title='bbox 798 521 934 593; x_wconf 87' lang='lat' dir='ltr'>moenia</span> <span class='ocrx_word' id='word_1_11' title='bbox 951 520 1088 617; x_wconf 90' lang='lat' dir='ltr'>portis;</span> 
     </span>
     <span class='ocr_line' id='line_1_3' title="bbox 94 631 1134 733; baseline 0.004 -30"><span class='ocrx_word' id='word_1_12' title='bbox 94 631 245 729; x_wconf 85' lang='lat' dir='ltr'>Exigua</span> <span class='ocrx_word' id='word_1_13' title='bbox 263 634 503 731; x_wconf 87' lang='lat' dir='ltr'>prohibemur</span> <span class='ocrx_word' id='word_1_14' title='bbox 520 659 639 732; x_wconf 90' lang='lat' dir='ltr'>aqua:</span> <span class='ocrx_word' id='word_1_15' title='bbox 669 636 775 733; x_wconf 89' lang='lat' dir='ltr'>cupit</span> <span class='ocrx_word' id='word_1_16' title='bbox 792 637 874 733; x_wconf 88' lang='lat' dir='ltr'>ipse</span> <span class='ocrx_word' id='word_1_17' title='bbox 892 633 1030 722; x_wconf 83' lang='lat' dir='ltr'>teneri3</span> <span class='ocrx_word' id='word_1_18' title='bbox 1060 638 1134 707; x_wconf 86' lang='grc'>450</span> 
     </span>
     <span class='ocr_line' id='line_1_4' title="bbox 94 746 1133 848; baseline 0.004 -30"><span class='ocrx_word' id='word_1_19' title='bbox 94 746 207 834; x_wconf 90' lang='lat' dir='ltr'>Nam,</span> <span class='ocrx_word' id='word_1_20' title='bbox 224 749 372 845; x_wconf 90' lang='lat' dir='ltr'>quoties</span> <span class='ocrx_word' id='word_1_21' title='bbox 390 749 543 848; x_wconf 89' lang='lat' dir='ltr'>liquidis</span> <span class='ocrx_word' id='word_1_22' title='bbox 560 751 792 848; x_wconf 85' lang='lat' dir='ltr'>porreximus</span> <span class='ocrx_word' id='word_1_23' title='bbox 811 751 941 823; x_wconf 89' lang='lat' dir='ltr'>oscula</span> <span class='ocrx_word' id='word_1_24' title='bbox 956 749 1133 847; x_wconf 73' lang='lat' dir='ltr'>lymphis</span> 
     </span>
     <span class='ocr_line' id='line_1_5' title="bbox 93 860 1029 962; baseline 0.005 -29"><span class='ocrx_word' id='word_1_25' title='bbox 93 861 168 934; x_wconf 92' lang='lat' dir='ltr'>Hic</span> <span class='ocrx_word' id='word_1_26' title='bbox 187 864 299 936; x_wconf 89' lang='lat' dir='ltr'>toties</span> <span class='ocrx_word' id='word_1_27' title='bbox 318 864 366 936; x_wconf 89' lang='lat' dir='ltr'>ad</span> <span class='ocrx_word' id='word_1_28' title='bbox 384 888 444 938; x_wconf 89' lang='lat' dir='ltr'>me</span> <span class='ocrx_word' id='word_1_29' title='bbox 462 865 637 962; x_wconf 90' lang='lat' dir='ltr'>resupino</span> <span class='ocrx_word' id='word_1_30' title='bbox 655 865 783 937; x_wconf 90' lang='lat' dir='ltr'>nititur</span> <span class='ocrx_word' id='word_1_31' title='bbox 800 890 884 938; x_wconf 88' lang='lat' dir='ltr'>ore:</span> <span class='ocrx_word' id='word_1_32' title='bbox 1026 860 1029 866; x_wconf 73' lang='grc'><strong>’</strong></span> 
     </span>
     <span class='ocr_line' id='line_1_6' title="bbox 93 977 1133 1076; baseline 0.001 -26"><span class='ocrx_word' id='word_1_33' title='bbox 93 977 214 1051; x_wconf 86' lang='lat' dir='ltr'>Posse</span> <span class='ocrx_word' id='word_1_34' title='bbox 231 989 341 1075; x_wconf 89' lang='lat' dir='ltr'>putes</span> <span class='ocrx_word' id='word_1_35' title='bbox 359 978 483 1073; x_wconf 85' lang='lat' dir='ltr'>tangi:</span> <span class='ocrx_word' id='word_1_36' title='bbox 505 978 699 1067; x_wconf 89' lang='lat' dir='ltr'>minimum</span> <span class='ocrx_word' id='word_1_37' title='bbox 717 980 903 1076; x_wconf 72' lang='lat' dir='ltr'>estquod</span> <span class='ocrx_word' id='word_1_38' title='bbox 922 980 1133 1052; x_wconf 88' lang='lat' dir='ltr'>amantibus</span> 
     </span>
     <span class='ocr_line' id='line_1_7' title="bbox 243 1093 1159 1176; baseline 0.001 -11"><span class='ocrx_word' id='word_1_39' title='bbox 243 1093 380 1166; x_wconf 86' lang='lat' dir='ltr'>obstat.</span> <span class='ocrx_word' id='word_1_40' title='bbox 1157 1172 1159 1176; x_wconf 65' lang='grc'>,</span> 
     </span>
     <span class='ocr_line' id='line_1_8' title="bbox 94 1205 1217 1306; baseline 0.001 -28"><span class='ocrx_word' id='word_1_41' title='bbox 94 1205 277 1304; x_wconf 86' lang='lat' dir='ltr'>Quisquis</span> <span class='ocrx_word' id='word_1_42' title='bbox 296 1233 348 1293; x_wconf 88' lang='lat' dir='ltr'>es,</span> <span class='ocrx_word' id='word_1_43' title='bbox 365 1209 437 1280; x_wconf 92' lang='lat' dir='ltr'>huc</span> <span class='ocrx_word' id='word_1_44' title='bbox 457 1209 538 1281; x_wconf 83' lang='lat' dir='ltr'>exi!</span> <span class='ocrx_word' id='word_1_45' title='bbox 567 1209 659 1303; x_wconf 92' lang='lat' dir='ltr'>quid</span> <span class='ocrx_word' id='word_1_46' title='bbox 676 1232 749 1292; x_wconf 89' lang='lat' dir='ltr'>me,</span> <span class='ocrx_word' id='word_1_47' title='bbox 765 1232 857 1306; x_wconf 89' lang='lat' dir='ltr'>puer</span> <span class='ocrx_word' id='word_1_48' title='bbox 875 1209 994 1294; x_wconf 86' lang='lat' dir='ltr'>unice,</span> <span class='ocrx_word' id='word_1_49' title='bbox 1011 1209 1134 1281; x_wconf 73' lang='lat' dir='ltr'>fallis?</span> <span class='ocrx_word' id='word_1_50' title='bbox 1215 1234 1217 1238; x_wconf 51' lang='lat'><em>⁴</em></span> 
     </span>
     <span class='ocr_line' id='line_1_9' title="bbox 93 1320 1066 1420; baseline 0.002 -26"><span class='ocrx_word' id='word_1_51' title='bbox 93 1320 226 1405; x_wconf 83' lang='lat' dir='ltr'>Quove</span> <span class='ocrx_word' id='word_1_52' title='bbox 244 1323 383 1420; x_wconf 88' lang='lat' dir='ltr'>petitus</span> <span class='ocrx_word' id='word_1_53' title='bbox 402 1324 508 1396; x_wconf 79' lang='lat' dir='ltr'>abis?</span> <span class='ocrx_word' id='word_1_54' title='bbox 535 1335 636 1397; x_wconf 87' lang='lat' dir='ltr'>certe</span> <span class='ocrx_word' id='word_1_55' title='bbox 654 1349 723 1400; x_wconf 90' lang='lat' dir='ltr'>nec</span> <span class='ocrx_word' id='word_1_56' title='bbox 739 1324 867 1411; x_wconf 87' lang='lat' dir='ltr'>forma,</span> <span class='ocrx_word' id='word_1_57' title='bbox 888 1348 956 1399; x_wconf 87' lang='lat' dir='ltr'>nec</span> <span class='ocrx_word' id='word_1_58' title='bbox 976 1334 1066 1396; x_wconf 88' lang='lat' dir='ltr'>aetas</span> 
     </span>
     <span class='ocr_line' id='line_1_10' title="bbox 95 1437 1133 1536; baseline 0.002 -26"><span class='ocrx_word' id='word_1_59' title='bbox 95 1437 166 1510; x_wconf 90' lang='lat' dir='ltr'>Est</span> <span class='ocrx_word' id='word_1_60' title='bbox 193 1463 287 1526; x_wconf 88' lang='lat' dir='ltr'>mea,</span> <span class='ocrx_word' id='word_1_61' title='bbox 316 1463 430 1535; x_wconf 91' lang='lat' dir='ltr'>quam</span> <span class='ocrx_word' id='word_1_62' title='bbox 458 1439 603 1535; x_wconf 81' lang='lat' dir='ltr'>fugias3</span> <span class='ocrx_word' id='word_1_63' title='bbox 633 1452 672 1513; x_wconf 89' lang='lat' dir='ltr'>et</span> <span class='ocrx_word' id='word_1_64' title='bbox 699 1442 868 1513; x_wconf 78' lang='lat' dir='ltr'>amairuut</span> <span class='ocrx_word' id='word_1_65' title='bbox 895 1465 954 1512; x_wconf 91' lang='lat' dir='ltr'>me</span> <span class='ocrx_word' id='word_1_66' title='bbox 982 1463 1133 1536; x_wconf 89' lang='lat' dir='ltr'>quoque</span> 
     </span>
     <span class='ocr_line' id='line_1_11' title="bbox 245 1553 1156 1651; baseline 0.002 -25"><span class='ocrx_word' id='word_1_67' title='bbox 245 1553 446 1651; x_wconf 85' lang='lat' dir='ltr'>Nymphae.</span> <span class='ocrx_word' id='word_1_68' title='bbox 1059 1559 1133 1628; x_wconf 77' lang='lat'>456</span> <span class='ocrx_word' id='word_1_69' title='bbox 1153 1610 1156 1615; x_wconf 79' lang='lat'>-</span> 
     </span>
     <span class='ocr_line' id='line_1_12' title="bbox 96 1669 1105 1770; baseline 0.001 -29"><span class='ocrx_word' id='word_1_70' title='bbox 96 1669 214 1766; x_wconf 89' lang='lat' dir='ltr'>Spem</span> <span class='ocrx_word' id='word_1_71' title='bbox 231 1670 333 1755; x_wconf 87' lang='lat' dir='ltr'>mihi,</span> <span class='ocrx_word' id='word_1_72' title='bbox 352 1670 478 1743; x_wconf 89' lang='lat' dir='ltr'>nescio</span> <span class='ocrx_word' id='word_1_73' title='bbox 496 1694 621 1767; x_wconf 86' lang='lat' dir='ltr'>quam,</span> <span class='ocrx_word' id='word_1_74' title='bbox 639 1673 743 1744; x_wconf 93' lang='lat' dir='ltr'>vultu</span> <span class='ocrx_word' id='word_1_75' title='bbox 761 1673 946 1770; x_wconf 84' lang='lat' dir='ltr'>promittis</span> <span class='ocrx_word' id='word_1_76' title='bbox 965 1674 1105 1758; x_wconf 86' lang='lat' dir='ltr'>amic03</span> 
     </span>
     <span class='ocr_line' id='line_1_13' title="bbox 94 1784 1131 1886; baseline 0.003 -30"><span class='ocrx_word' id='word_1_77' title='bbox 94 1784 299 1882; x_wconf 87' lang='lat' dir='ltr'>Quumque</span> <span class='ocrx_word' id='word_1_78' title='bbox 318 1810 387 1881; x_wconf 85' lang='lat' dir='ltr'>ego</span> <span class='ocrx_word' id='word_1_79' title='bbox 405 1787 553 1883; x_wconf 87' lang='lat' dir='ltr'>porrexi</span> <span class='ocrx_word' id='word_1_80' title='bbox 571 1787 640 1860; x_wconf 94' lang='lat' dir='ltr'>tibi</span> <span class='ocrx_word' id='word_1_81' title='bbox 656 1788 822 1875; x_wconf 89' lang='lat' dir='ltr'>brachia,</span> <span class='ocrx_word' id='word_1_82' title='bbox 838 1788 995 1886; x_wconf 81' lang='lat' dir='ltr'>porrigis</span> <span class='ocrx_word' id='word_1_83' title='bbox 1013 1787 1131 1859; x_wconf 87' lang='lat' dir='ltr'>ultro:</span> 
     </span>
     <span class='ocr_line' id='line_1_14' title="bbox 94 1899 1132 1999; baseline 0 -28"><span class='ocrx_word' id='word_1_84' title='bbox 94 1899 223 1984; x_wconf 84' lang='lat' dir='ltr'>Quum</span> <span class='ocrx_word' id='word_1_85' title='bbox 240 1901 315 1986; x_wconf 93' lang='lat' dir='ltr'>risi,</span> <span class='ocrx_word' id='word_1_86' title='bbox 331 1901 492 1974; x_wconf 90' lang='lat' dir='ltr'>arrides:</span> <span class='ocrx_word' id='word_1_87' title='bbox 518 1902 689 1974; x_wconf 82' lang='lat' dir='ltr'>lacrimas</span> <span class='ocrx_word' id='word_1_88' title='bbox 708 1927 860 1999; x_wconf 90' lang='lat' dir='ltr'>quoque</span> <span class='ocrx_word' id='word_1_89' title='bbox 878 1926 978 1999; x_wconf 87' lang='lat' dir='ltr'>saepe</span> <span class='ocrx_word' id='word_1_90' title='bbox 996 1900 1132 1986; x_wconf 86' lang='lat' dir='ltr'>notavi,</span> 
     </span>
     <span class='ocr_line' id='line_1_15' title="bbox 95 2015 1129 2114; baseline 0.002 -27"><span class='ocrx_word' id='word_1_91' title='bbox 95 2015 164 2088; x_wconf 87' lang='lat' dir='ltr'>Me</span> <span class='ocrx_word' id='word_1_92' title='bbox 180 2016 416 2105; x_wconf 74' lang='lat' dir='ltr'>lacrimante,</span> <span class='ocrx_word' id='word_1_93' title='bbox 424 2026 525 2090; x_wconf 88' lang='lat' dir='ltr'>tuas:</span> <span class='ocrx_word' id='word_1_94' title='bbox 548 2017 651 2090; x_wconf 92' lang='lat' dir='ltr'>nictu</span> <span class='ocrx_word' id='word_1_95' title='bbox 665 2042 816 2114; x_wconf 90' lang='lat' dir='ltr'>quoque</span> <span class='ocrx_word' id='word_1_96' title='bbox 835 2020 941 2114; x_wconf 84' lang='lat' dir='ltr'>sigua</span> <span class='ocrx_word' id='word_1_97' title='bbox 956 2016 1129 2090; x_wconf 82' lang='lat' dir='ltr'>remittis:</span> 
     </span>
     <span class='ocr_line' id='line_1_16' title="bbox 96 2130 1128 2232; baseline 0.002 -30"><span class='ocrx_word' id='word_1_98' title='bbox 96 2130 160 2216; x_wconf 85' lang='lat' dir='ltr'>Et,</span> <span class='ocrx_word' id='word_1_99' title='bbox 179 2141 361 2226; x_wconf 90' lang='lat' dir='ltr'>quantum</span> <span class='ocrx_word' id='word_1_100' title='bbox 379 2142 482 2204; x_wconf 91' lang='lat' dir='ltr'>motu</span> <span class='ocrx_word' id='word_1_101' title='bbox 500 2133 837 2232; x_wconf 55' lang='lat' dir='ltr'>formosi&#39;suspicor</span> <span class='ocrx_word' id='word_1_102' title='bbox 855 2134 940 2220; x_wconf 89' lang='lat' dir='ltr'>oris,</span> <span class='ocrx_word' id='word_1_103' title='bbox 1059 2138 1128 2206; x_wconf 84' lang='grc'>461</span> 
     </span>
     <span class='ocr_line' id='line_1_17' title="bbox 94 2246 1120 2348; baseline 0.005 -33"><span class='ocrx_word' id='word_1_104' title='bbox 94 2246 223 2319; x_wconf 87' lang='lat' dir='ltr'>Verba</span> <span class='ocrx_word' id='word_1_105' title='bbox 239 2246 365 2332; x_wconf 86' lang='lat' dir='ltr'>refers,</span> <span class='ocrx_word' id='word_1_106' title='bbox 385 2273 492 2321; x_wconf 89' lang='lat' dir='ltr'>aures</span> <span class='ocrx_word' id='word_1_107' title='bbox 511 2275 585 2323; x_wconf 93' lang='lat' dir='ltr'>non</span> <span class='ocrx_word' id='word_1_108' title='bbox 603 2251 856 2348; x_wconf 89' lang='lat' dir='ltr'>pervenientia</span> <span class='ocrx_word' id='word_1_109' title='bbox 867 2259 1024 2321; x_wconf 90' lang='lat' dir='ltr'>nostras.</span> <span class='ocrx_word' id='word_1_110' title='bbox 1117 2269 1120 2276; x_wconf 89' lang='grc'>’</span> 
     </span>
     <span class='ocr_line' id='line_1_18' title="bbox 96 2359 1116 2458; baseline 0.003 -26"><span class='ocrx_word' id='word_1_111' title='bbox 96 2361 142 2433; x_wconf 89' lang='lat' dir='ltr'>ln</span> <span class='ocrx_word' id='word_1_112' title='bbox 159 2372 196 2455; x_wconf 87' lang='lat' dir='ltr'>te</span> <span class='ocrx_word' id='word_1_113' title='bbox 209 2386 285 2458; x_wconf 84' lang='lat' dir='ltr'>ego</span> <span class='ocrx_word' id='word_1_114' title='bbox 303 2388 398 2450; x_wconf 90' lang='lat' dir='ltr'>sum,</span> <span class='ocrx_word' id='word_1_115' title='bbox 414 2366 516 2437; x_wconf 89' lang='lat' dir='ltr'>sensi</span> <span class='ocrx_word' id='word_1_116' title='bbox 529 2394 538 2453; x_wconf 91' lang='lat'>;</span> <span class='ocrx_word' id='word_1_117' title='bbox 553 2390 638 2438; x_wconf 87' lang='lat' dir='ltr'>nec</span> <span class='ocrx_word' id='word_1_118' title='bbox 656 2391 717 2441; x_wconf 93' lang='lat' dir='ltr'>me</span> <span class='ocrx_word' id='word_1_119' title='bbox 734 2366 926 2438; x_wconf 82' lang='lat' dir='ltr'>mea-fallit</span> <span class='ocrx_word' id='word_1_120' title='bbox 943 2359 1089 2458; x_wconf 84' lang='lat' dir='ltr'>imago:</span> <span class='ocrx_word' id='word_1_121' title='bbox 1114 2418 1116 2422; x_wconf 71' lang='lat'><em>.</em></span> 
     </span>
     <span class='ocr_line' id='line_1_19' title="bbox 96 2477 1055 2580; baseline 0.001 -31"><span class='ocrx_word' id='word_1_122' title='bbox 96 2477 195 2550; x_wconf 90' lang='lat' dir='ltr'>Uror</span> <span class='ocrx_word' id='word_1_123' title='bbox 213 2503 340 2580; x_wconf 85' lang='lat' dir='ltr'>amore</span> <span class='ocrx_word' id='word_1_124' title='bbox 356 2480 450 2568; x_wconf 91' lang='lat' dir='ltr'>mei;</span> <span class='ocrx_word' id='word_1_125' title='bbox 480 2481 648 2558; x_wconf 88' lang='lat' dir='ltr'>flammas</span> <span class='ocrx_word' id='word_1_126' title='bbox 667 2505 872 2578; x_wconf 78' lang='lat' dir='ltr'>moveoque</span> <span class='ocrx_word' id='word_1_127' title='bbox 889 2479 1055 2575; x_wconf 84' lang='lat' dir='ltr'>feroque.</span> 
     </span>
    </p>
   </div>
   <div class='ocr_carea' id='block_1_3' title="bbox 58 2640 1165 4248">
    <p class='ocr_par' dir='ltr' id='par_1_3' title="bbox 58 2640 1165 4248">
     <span class='ocr_line' id='line_1_20' title="bbox 93 2640 1133 2709; baseline 0.002 -20"><span class='ocrx_word' id='word_1_128' title='bbox 93 2640 197 2698; x_wconf 82' lang='lat' dir='ltr'>Plinius,</span> <span class='ocrx_word' id='word_1_129' title='bbox 213 2643 287 2708; x_wconf 86' lang='lat' dir='ltr'>Epist.</span> <span class='ocrx_word' id='word_1_130' title='bbox 303 2644 347 2691; x_wconf 90' lang='lat' dir='ltr'>VI.</span> <span class='ocrx_word' id='word_1_131' title='bbox 363 2643 380 2690; x_wconf 92' lang='lat' dir='ltr'>i.</span> <span class='ocrx_word' id='word_1_132' title='bbox 393 2646 418 2691; x_wconf 92' lang='lat' dir='ltr'>l:</span> <span class='ocrx_word' id='word_1_133' title='bbox 446 2646 590 2693; x_wconf 81' lang='lat' dir='ltr'>Desiderium</span> <span class='ocrx_word' id='word_1_134' title='bbox 639 2648 708 2695; x_wconf 87' lang='lat' dir='ltr'>Forte</span> <span class='ocrx_word' id='word_1_135' title='bbox 718 2654 797 2695; x_wconf 89' lang='lat' dir='ltr'>tamen</span> <span class='ocrx_word' id='word_1_136' title='bbox 807 2651 903 2709; x_wconf 69' lang='lat' dir='ltr'>praestat</span> <span class='ocrx_word' id='word_1_137' title='bbox 913 2661 943 2692; x_wconf 86' lang='lat' dir='ltr'>ex</span> <span class='ocrx_word' id='word_1_138' title='bbox 952 2642 1058 2709; x_wconf 86' lang='lat' dir='ltr'>plurimis</span> <span class='ocrx_word' id='word_1_139' title='bbox 1066 2653 1133 2691; x_wconf 81' lang='lat' dir='ltr'>nutu.</span> 
     </span>
     <span class='ocr_line' id='line_1_21' title="bbox 92 2709 1133 2784; baseline 0.003 -22"><span class='ocrx_word' id='word_1_140' title='bbox 92 2718 220 2782; x_wconf 74' lang='lat' dir='ltr'>absentium</span> <span class='ocrx_word' id='word_1_141' title='bbox 240 2709 300 2764; x_wconf 81' lang='lat' dir='ltr'>nibil</span> <span class='ocrx_word' id='word_1_142' title='bbox 321 2719 415 2778; x_wconf 72' lang='lat' dir='ltr'>perinde</span> <span class='ocrx_word' id='word_1_143' title='bbox 436 2735 463 2765; x_wconf 85' lang='lat' dir='ltr'>ac</span> <span class='ocrx_word' id='word_1_144' title='bbox 486 2722 591 2767; x_wconf 80' lang='lat' dir='ltr'>vicinitus</span> <span class='ocrx_word' id='word_1_145' title='bbox 639 2717 723 2768; x_wconf 67' lang='lat' dir='ltr'>iuss:</span> <span class='ocrx_word' id='word_1_146' title='bbox 741 2728 801 2767; x_wconf 82' lang='lat' dir='ltr'>nutu</span> <span class='ocrx_word' id='word_1_147' title='bbox 812 2721 923 2784; x_wconf 76' lang='lat' dir='ltr'>signisque</span> <span class='ocrx_word' id='word_1_148' title='bbox 933 2719 1065 2779; x_wconf 70' lang='lat' dir='ltr'>loquetatur.</span> <span class='ocrx_word' id='word_1_149' title='bbox 1080 2715 1133 2771; x_wconf 80' lang='lat' dir='ltr'>Art.</span> 
     </span>
     <span class='ocr_line' id='line_1_22' title="bbox 92 2787 1165 2856; baseline 0 -19"><span class='ocrx_word' id='word_1_150' title='bbox 92 2792 168 2838; x_wconf 73' lang='lat' dir='ltr'>acuit</span> <span class='ocrx_word' id='word_1_151' title='bbox 190 2790 247 2838; x_wconf 80' lang='lat' dir='ltr'>&#39;Sed</span> <span class='ocrx_word' id='word_1_152' title='bbox 264 2792 302 2837; x_wconf 80' lang='lat' dir='ltr'>viu</span> <span class='ocrx_word' id='word_1_153' title='bbox 319 2790 343 2852; x_wconf 90' lang='lat' dir='ltr'>in</span> <span class='ocrx_word' id='word_1_154' title='bbox 360 2790 397 2837; x_wconf 92' lang='lat' dir='ltr'>his</span> <span class='ocrx_word' id='word_1_155' title='bbox 418 2791 591 2856; x_wconf 87' lang='lat' dir='ltr'>impedimentis</span> <span class='ocrx_word' id='word_1_156' title='bbox 640 2792 745 2841; x_wconf 70' lang='lat' dir='ltr'>Amasi.</span> <span class='ocrx_word' id='word_1_157' title='bbox 757 2793 817 2840; x_wconf 80' lang='lat'>138:</span> <span class='ocrx_word' id='word_1_158' title='bbox 836 2792 986 2852; x_wconf 83' lang='lat' dir='ltr'>Nectibiper</span> <span class='ocrx_word' id='word_1_159' title='bbox 995 2793 1134 2854; x_wconf 56' lang='lat' dir='ltr'>nutassent}</span> <span class='ocrx_word' id='word_1_160' title='bbox 1159 2787 1165 2796; x_wconf 70' lang='grc'><strong>’</strong></span> 
     </span>
     <span class='ocr_line' id='line_1_23' title="bbox 92 2862 1134 2930; baseline 0 -19"><span class='ocrx_word' id='word_1_161' title='bbox 92 2863 157 2912; x_wconf 85' lang='lat' dir='ltr'>male</span> <span class='ocrx_word' id='word_1_162' title='bbox 174 2871 384 2922; x_wconf 87' lang='lat' dir='ltr'>commemoratur;</span> <span class='ocrx_word' id='word_1_163' title='bbox 401 2879 430 2911; x_wconf 86' lang='lat' dir='ltr'>ea</span> <span class='ocrx_word' id='word_1_164' title='bbox 447 2864 510 2911; x_wconf 90' lang='lat' dir='ltr'>enim</span> <span class='ocrx_word' id='word_1_165' title='bbox 522 2864 591 2914; x_wconf 82' lang='lat' dir='ltr'>facile</span> <span class='ocrx_word' id='word_1_166' title='bbox 638 2869 721 2928; x_wconf 70' lang='lat' dir='ltr'>pianda</span> <span class='ocrx_word' id='word_1_167' title='bbox 732 2876 785 2914; x_wconf 80' lang='lat' dir='ltr'>uota</span> <span class='ocrx_word' id='word_1_168' title='bbox 796 2876 836 2914; x_wconf 79' lang='lat' dir='ltr'>est.</span> <span class='ocrx_word' id='word_1_169' title='bbox 868 2865 905 2912; x_wconf 92' lang='lat' dir='ltr'>Ibi</span> <span class='ocrx_word' id='word_1_170' title='bbox 920 2879 1013 2929; x_wconf 84' lang='lat' dir='ltr'>quoque</span> <span class='ocrx_word' id='word_1_171' title='bbox 1028 2862 1134 2930; x_wconf 85' lang='lat' dir='ltr'>nonnisi</span> 
     </span>
     <span class='ocr_line' id='line_1_24' title="bbox 93 2934 1135 3005; baseline -0.002 -19"><span class='ocrx_word' id='word_1_172' title='bbox 93 2934 296 3002; x_wconf 85' lang='lat' dir='ltr'>potesttransiliri.</span> <span class='ocrx_word' id='word_1_173' title='bbox 310 2937 393 2985; x_wconf 79' lang='lat' dir='ltr'>Tenere</span> <span class='ocrx_word' id='word_1_174' title='bbox 402 2953 445 2984; x_wconf 89' lang='lat' dir='ltr'>vox</span> <span class='ocrx_word' id='word_1_175' title='bbox 454 2938 591 2995; x_wconf 87' lang='lat' dir='ltr'>amantium,</span> <span class='ocrx_word' id='word_1_176' title='bbox 641 2957 702 2988; x_wconf 91' lang='lat' dir='ltr'>unus</span> <span class='ocrx_word' id='word_1_177' title='bbox 727 2944 801 2988; x_wconf 81' lang='lat' dir='ltr'>uictus</span> <span class='ocrx_word' id='word_1_178' title='bbox 825 2939 927 3005; x_wconf 82' lang='lat' dir='ltr'>praelert.</span> <span class='ocrx_word' id='word_1_179' title='bbox 976 2938 1135 2986; x_wconf 76' lang='lat' dir='ltr'>Peruenicutr&#39;u</span> 
     </span>
     <span class='ocr_line' id='line_1_25' title="bbox 94 3008 1134 3077; baseline -0.001 -17"><span class='ocrx_word' id='word_1_180' title='bbox 94 3025 169 3075; x_wconf 90' lang='lat' dir='ltr'>quum</span> <span class='ocrx_word' id='word_1_181' title='bbox 178 3008 247 3074; x_wconf 89' lang='lat' dir='ltr'>potiti</span> <span class='ocrx_word' id='word_1_182' title='bbox 256 3016 311 3057; x_wconf 91' lang='lat' dir='ltr'>sunt</span> <span class='ocrx_word' id='word_1_183' title='bbox 322 3017 408 3065; x_wconf 87' lang='lat' dir='ltr'>amato,</span> <span class='ocrx_word' id='word_1_184' title='bbox 420 3018 444 3058; x_wconf 89' lang='lat' dir='ltr'>et</span> <span class='ocrx_word' id='word_1_185' title='bbox 455 3010 526 3058; x_wconf 85' lang='lat' dir='ltr'>ferme</span> <span class='ocrx_word' id='word_1_186' title='bbox 537 3027 592 3060; x_wconf 91' lang='lat' dir='ltr'>cum</span> <span class='ocrx_word' id='word_1_187' title='bbox 641 3030 715 3070; x_wconf 83' lang='lat' dir='ltr'>aures,</span> <span class='ocrx_word' id='word_1_188' title='bbox 725 3013 830 3077; x_wconf 80' lang='lat' dir='ltr'>intellige</span> <span class='ocrx_word' id='word_1_189' title='bbox 840 3015 886 3061; x_wconf 86' lang='lat' dir='ltr'>nd..</span> <span class='ocrx_word' id='word_1_190' title='bbox 907 3012 974 3076; x_wconf 77' lang='lat' dir='ltr'>Saepe</span> <span class='ocrx_word' id='word_1_191' title='bbox 985 3011 1081 3059; x_wconf 89' lang='lat' dir='ltr'>Homer.</span> <span class='ocrx_word' id='word_1_192' title='bbox 1092 3010 1134 3070; x_wconf 77' lang='grc' dir='ltr'>ἧκε</span> 
     </span>
     <span class='ocr_line' id='line_1_26' title="bbox 58 3073 1134 3149; baseline -0.002 -15"><span class='ocrx_word' id='word_1_193' title='bbox 58 3113 61 3116; x_wconf 88' lang='grc'><em>·</em></span> <span class='ocrx_word' id='word_1_194' title='bbox 94 3082 243 3149; x_wconf 82' lang='lat' dir='ltr'>amplexibus</span> <span class='ocrx_word' id='word_1_195' title='bbox 257 3083 414 3148; x_wconf 85' lang='lat' dir='ltr'>conjungitur.</span> <span class='ocrx_word' id='word_1_196' title='bbox 425 3083 467 3131; x_wconf 88' lang='lat' dir='ltr'>vii.</span> <span class='ocrx_word' id='word_1_197' title='bbox 484 3086 524 3133; x_wconf 88' lang='grc'>56.</span> <span class='ocrx_word' id='word_1_198' title='bbox 538 3086 591 3135; x_wconf 82' lang='grc'><strong>143.</strong></span> <span class='ocrx_word' id='word_1_199' title='bbox 642 3078 726 3134; x_wconf 73' lang='grc' dir='ltr'>πόλιν,</span> <span class='ocrx_word' id='word_1_200' title='bbox 737 3078 821 3127; x_wconf 64' lang='grc'>01114880</span> <span class='ocrx_word' id='word_1_201' title='bbox 834 3075 882 3136; x_wconf 67' lang='grc' dir='ltr'>εἶςὶ</span> <span class='ocrx_word' id='word_1_202' title='bbox 899 3075 963 3140; x_wconf 75' lang='lat' dir='ltr'>‘111⁰d</span> <span class='ocrx_word' id='word_1_203' title='bbox 977 3073 1062 3123; x_wconf 64' lang='lat' dir='ltr'>imitati</span> <span class='ocrx_word' id='word_1_204' title='bbox 1079 3082 1134 3124; x_wconf 66' lang='lat' dir='ltr'>sunt</span> 
     </span>
     <span class='ocr_line' id='line_1_27' title="bbox 95 3151 985 3222; baseline -0.004 -16"><span class='ocrx_word' id='word_1_205' title='bbox 95 3159 209 3221; x_wconf 78' lang='lat' dir='ltr'>Liquidts,</span> <span class='ocrx_word' id='word_1_206' title='bbox 218 3156 331 3222; x_wconf 91' lang='lat' dir='ltr'>limpidis.</span> <span class='ocrx_word' id='word_1_207' title='bbox 350 3159 473 3219; x_wconf 79' lang='lat' dir='ltr'>Resuplno,</span> <span class='ocrx_word' id='word_1_208' title='bbox 483 3166 529 3206; x_wconf 86' lang='lat' dir='ltr'>etc.</span> <span class='ocrx_word' id='word_1_209' title='bbox 541 3175 591 3208; x_wconf 89' lang='lat' dir='ltr'>eor·</span> <span class='ocrx_word' id='word_1_210' title='bbox 641 3151 729 3200; x_wconf 72' lang='lat' dir='ltr'>Latini·</span> <span class='ocrx_word' id='word_1_211' title='bbox 984 3151 985 3154; x_wconf 63' lang='grc'>’</span> 
     </span>
     <span class='ocr_line' id='line_1_28' title="bbox 94 3222 1135 3298; baseline -0.004 -17"><span class='ocrx_word' id='word_1_212' title='bbox 94 3247 152 3297; x_wconf 85' lang='lat' dir='ltr'>pore</span> <span class='ocrx_word' id='word_1_213' title='bbox 162 3230 283 3288; x_wconf 86' lang='lat' dir='ltr'>inclinato,</span> <span class='ocrx_word' id='word_1_214' title='bbox 293 3247 384 3279; x_wconf 89' lang='lat' dir='ltr'>sursum</span> <span class='ocrx_word' id='word_1_215' title='bbox 394 3231 452 3295; x_wconf 86' lang='lat' dir='ltr'>erigi</span> <span class='ocrx_word' id='word_1_216' title='bbox 462 3240 566 3279; x_wconf 88' lang='lat' dir='ltr'>conatur.</span> <span class='ocrx_word' id='word_1_217' title='bbox 674 3226 729 3274; x_wconf 83' lang='lat'>463·</span> <span class='ocrx_word' id='word_1_218' title='bbox 749 3224 777 3272; x_wconf 76' lang='lat' dir='ltr'>ln</span> <span class='ocrx_word' id='word_1_219' title='bbox 788 3235 810 3273; x_wconf 80' lang='lat' dir='ltr'>te</span> <span class='ocrx_word' id='word_1_220' title='bbox 820 3242 858 3289; x_wconf 80' lang='lat' dir='ltr'>ego</span> <span class='ocrx_word' id='word_1_221' title='bbox 869 3241 925 3279; x_wconf 72' lang='lat' dir='ltr'>sum,</span> <span class='ocrx_word' id='word_1_222' title='bbox 936 3222 994 3285; x_wconf 82' lang='lat' dir='ltr'>etc]</span> <span class='ocrx_word' id='word_1_223' title='bbox 1013 3222 1135 3298; x_wconf 55' lang='lat' dir='ltr'>Hactenus</span> 
     </span>
     <span class='ocr_line' id='line_1_29' title="bbox 128 3294 1133 3369; baseline -0.012 -14"><span class='ocrx_word' id='word_1_224' title='bbox 128 3294 185 3363; x_wconf 89' lang='grc'><strong>454.</strong></span> <span class='ocrx_word' id='word_1_225' title='bbox 213 3305 308 3361; x_wconf 76' lang='lat' dir='ltr'>Unicrrs,</span> <span class='ocrx_word' id='word_1_226' title='bbox 331 3321 402 3368; x_wconf 87' lang='lat' dir='ltr'>quem</span> <span class='ocrx_word' id='word_1_227' title='bbox 430 3321 477 3369; x_wconf 84' lang='lat' dir='ltr'>prae</span> <span class='ocrx_word' id='word_1_228' title='bbox 503 3305 593 3354; x_wconf 72' lang='lat' dir='ltr'>caeteris</span> <span class='ocrx_word' id='word_1_229' title='bbox 642 3315 712 3346; x_wconf 84' lang='lat' dir='ltr'>error.</span> <span class='ocrx_word' id='word_1_230' title='bbox 734 3297 902 3363; x_wconf 87' lang='lat' dir='ltr'>Eoexpeditus</span> <span class='ocrx_word' id='word_1_231' title='bbox 912 3296 1036 3344; x_wconf 86' lang='lat' dir='ltr'>Narcissus</span> <span class='ocrx_word' id='word_1_232' title='bbox 1046 3295 1070 3342; x_wconf 92' lang='lat' dir='ltr'>in</span> <span class='ocrx_word' id='word_1_233' title='bbox 1081 3294 1133 3343; x_wconf 88' lang='lat' dir='ltr'>des-</span> 
     </span>
     <span class='ocr_line' id='line_1_30' title="bbox 93 3367 1135 3442; baseline -0.013 -15"><span class='ocrx_word' id='word_1_234' title='bbox 93 3372 210 3434; x_wconf 82' lang='lat' dir='ltr'>amamus,</span> <span class='ocrx_word' id='word_1_235' title='bbox 220 3369 277 3441; x_wconf 86' lang='lat' dir='ltr'>quia</span> <span class='ocrx_word' id='word_1_236' title='bbox 286 3377 376 3426; x_wconf 83' lang='lat' dir='ltr'>caeteris</span> <span class='ocrx_word' id='word_1_237' title='bbox 387 3385 483 3442; x_wconf 75' lang='lat' dir='ltr'>praestat</span> <span class='ocrx_word' id='word_1_238' title='bbox 493 3377 530 3426; x_wconf 89' lang='lat' dir='ltr'>vel</span> <span class='ocrx_word' id='word_1_239' title='bbox 542 3376 592 3425; x_wconf 90' lang='lat' dir='ltr'>ani-</span> <span class='ocrx_word' id='word_1_240' title='bbox 641 3372 786 3435; x_wconf 80' lang='lat' dir='ltr'>perationem</span> <span class='ocrx_word' id='word_1_241' title='bbox 797 3370 902 3426; x_wconf 88' lang='lat' dir='ltr'>vertitur,</span> <span class='ocrx_word' id='word_1_242' title='bbox 915 3369 983 3432; x_wconf 88' lang='lat' dir='ltr'>cujus</span> <span class='ocrx_word' id='word_1_243' title='bbox 997 3375 1074 3415; x_wconf 87' lang='lat' dir='ltr'>autem</span> <span class='ocrx_word' id='word_1_244' title='bbox 1087 3367 1135 3414; x_wconf 89' lang='lat' dir='ltr'>vim</span> 
     </span>
     <span class='ocr_line' id='line_1_31' title="bbox 94 3439 1135 3514; baseline -0.012 -15"><span class='ocrx_word' id='word_1_245' title='bbox 94 3452 127 3501; x_wconf 91' lang='lat' dir='ltr'>mi</span> <span class='ocrx_word' id='word_1_246' title='bbox 143 3449 181 3499; x_wconf 88' lang='lat' dir='ltr'>vel</span> <span class='ocrx_word' id='word_1_247' title='bbox 200 3450 415 3514; x_wconf 86' lang='lat' dir='ltr'>eorporisdotibus.</span> <span class='ocrx_word' id='word_1_248' title='bbox 447 3450 540 3498; x_wconf 89' lang='lat' dir='ltr'>Multus</span> <span class='ocrx_word' id='word_1_249' title='bbox 557 3459 592 3499; x_wconf 88' lang='lat' dir='ltr'>cst</span> <span class='ocrx_word' id='word_1_250' title='bbox 642 3460 688 3492; x_wconf 88' lang='lat' dir='ltr'>non</span> <span class='ocrx_word' id='word_1_251' title='bbox 705 3445 766 3492; x_wconf 87' lang='lat' dir='ltr'>bene</span> <span class='ocrx_word' id='word_1_252' title='bbox 783 3443 896 3509; x_wconf 84' lang='lat' dir='ltr'>expressit</span> <span class='ocrx_word' id='word_1_253' title='bbox 911 3449 989 3505; x_wconf 88' lang='lat' dir='ltr'>poeta.</span> <span class='ocrx_word' id='word_1_254' title='bbox 1021 3439 1135 3487; x_wconf 82' lang='lat' dir='ltr'>Alienum</span> 
     </span>
     <span class='ocr_line' id='line_1_32' title="bbox 94 3515 1136 3588; baseline -0.014 -15"><span class='ocrx_word' id='word_1_255' title='bbox 94 3525 121 3573; x_wconf 91' lang='lat' dir='ltr'>in</span> <span class='ocrx_word' id='word_1_256' title='bbox 140 3524 203 3571; x_wconf 72' lang='lat' dir='ltr'>b.v.‘</span> <span class='ocrx_word' id='word_1_257' title='bbox 218 3523 359 3588; x_wconf 86' lang='lat' dir='ltr'>explicando</span> <span class='ocrx_word' id='word_1_258' title='bbox 380 3522 463 3572; x_wconf 87' lang='lat' dir='ltr'>Heius.</span> <span class='ocrx_word' id='word_1_259' title='bbox 484 3524 514 3571; x_wconf 88' lang='lat' dir='ltr'>ad</span> <span class='ocrx_word' id='word_1_260' title='bbox 536 3524 559 3572; x_wconf 92' lang='lat' dir='ltr'>h.</span> <span class='ocrx_word' id='word_1_261' title='bbox 575 3520 591 3573; x_wconf 84' lang='lat' dir='ltr'>l.</span> <span class='ocrx_word' id='word_1_262' title='bbox 643 3519 672 3566; x_wconf 86' lang='lat' dir='ltr'>ab</span> <span class='ocrx_word' id='word_1_263' title='bbox 690 3533 720 3565; x_wconf 90' lang='lat' dir='ltr'>ea</span> <span class='ocrx_word' id='word_1_264' title='bbox 736 3525 772 3565; x_wconf 92' lang='lat' dir='ltr'>est</span> <span class='ocrx_word' id='word_1_265' title='bbox 785 3531 912 3580; x_wconf 87' lang='lat' dir='ltr'>oxymoron</span> <span class='ocrx_word' id='word_1_266' title='bbox 926 3518 1011 3574; x_wconf 82' lang='lat' dir='ltr'>inopem</span> <span class='ocrx_word' id='word_1_267' title='bbox 1025 3529 1059 3560; x_wconf 83' lang='lat' dir='ltr'>me</span> <span class='ocrx_word' id='word_1_268' title='bbox 1073 3515 1136 3571; x_wconf 78' lang='lat' dir='ltr'>copto</span> 
     </span>
     <span class='ocr_line' id='line_1_33' title="bbox 95 3587 1135 3662; baseline -0.013 -17"><span class='ocrx_word' id='word_1_269' title='bbox 95 3598 163 3646; x_wconf 80' lang='lat' dir='ltr'>Raro</span> <span class='ocrx_word' id='word_1_270' title='bbox 171 3588 265 3662; x_wconf 86' lang='lat' dir='ltr'>ponitur</span> <span class='ocrx_word' id='word_1_271' title='bbox 275 3613 317 3662; x_wconf 91' lang='lat' dir='ltr'>pro</span> <span class='ocrx_word' id='word_1_272' title='bbox 328 3614 396 3646; x_wconf 83' lang='lat' dir='ltr'>uuus.</span> <span class='ocrx_word' id='word_1_273' title='bbox 634 3593 705 3656; x_wconf 81' lang='lat' dir='ltr'>fecit,</span> <span class='ocrx_word' id='word_1_274' title='bbox 718 3590 808 3638; x_wconf 86' lang='lat' dir='ltr'>alienus</span> <span class='ocrx_word' id='word_1_275' title='bbox 822 3589 863 3637; x_wconf 90' lang='lat' dir='ltr'>ille</span> <span class='ocrx_word' id='word_1_276' title='bbox 877 3589 949 3642; x_wconf 90' lang='lat' dir='ltr'>lusus,</span> <span class='ocrx_word' id='word_1_277' title='bbox 962 3587 1135 3633; x_wconf 82' lang='lat' dir='ltr'>Votum-abes·</span> 
     </span>
     <span class='ocr_line' id='line_1_34' title="bbox 127 3659 1135 3739; baseline -0.013 -20"><span class='ocrx_word' id='word_1_278' title='bbox 127 3672 186 3720; x_wconf 82' lang='lat'><strong>457.</strong></span> <span class='ocrx_word' id='word_1_279' title='bbox 213 3671 332 3719; x_wconf 83' lang='lat' dir='ltr'>Promittis</span> <span class='ocrx_word' id='word_1_280' title='bbox 350 3669 490 3735; x_wconf 80' lang='lat' dir='ltr'>exquisitius</span> <span class='ocrx_word' id='word_1_281' title='bbox 511 3685 591 3735; x_wconf 89' lang='lat' dir='ltr'>quam,</span> <span class='ocrx_word' id='word_1_282' title='bbox 642 3675 674 3712; x_wconf 89' lang='lat' dir='ltr'>set</span> <span class='ocrx_word' id='word_1_283' title='bbox 681 3683 690 3722; x_wconf 93' lang='lat'>,·</span> <span class='ocrx_word' id='word_1_284' title='bbox 707 3667 813 3728; x_wconf 88' lang='lat' dir='ltr'>ineptum</span> <span class='ocrx_word' id='word_1_285' title='bbox 824 3677 931 3716; x_wconf 85' lang='lat' dir='ltr'>acumen,</span> <span class='ocrx_word' id='word_1_286' title='bbox 943 3659 997 3714; x_wconf 83' lang='lat' dir='ltr'>Hic,</span> <span class='ocrx_word' id='word_1_287' title='bbox 1008 3661 1047 3720; x_wconf 80' lang='lat' dir='ltr'>qui</span> <span class='ocrx_word' id='word_1_288' title='bbox 1057 3659 1135 3739; x_wconf 63' lang='lat' dir='ltr'>diligi·</span> 
     </span>
     <span class='ocr_line' id='line_1_35' title="bbox 94 3735 1135 3800; baseline -0.014 -8"><span class='ocrx_word' id='word_1_289' title='bbox 94 3743 173 3792; x_wconf 78' lang='lat' dir='ltr'>lacis·</span> <span class='ocrx_word' id='word_1_290' title='bbox 194 3744 297 3800; x_wconf 63' lang='lat' dir='ltr'>‘Amicus</span> <span class='ocrx_word' id='word_1_291' title='bbox 313 3743 401 3791; x_wconf 86' lang='lat' dir='ltr'>hilaris.</span> <span class='ocrx_word' id='word_1_292' title='bbox 412 3743 461 3791; x_wconf 84' lang='lat' dir='ltr'>viii.</span> <span class='ocrx_word' id='word_1_293' title='bbox 471 3744 528 3791; x_wconf 82' lang='lat'><strong>677.</strong></span> <span class='ocrx_word' id='word_1_294' title='bbox 544 3744 594 3790; x_wconf 81' lang='lat' dir='ltr'>boni</span> <span class='ocrx_word' id='word_1_295' title='bbox 644 3747 691 3793; x_wconf 83' lang='lat' dir='ltr'>tur,</span> <span class='ocrx_word' id='word_1_296' title='bbox 702 3743 748 3784; x_wconf 89' lang='lat' dir='ltr'>etc.</span> <span class='ocrx_word' id='word_1_297' title='bbox 783 3735 845 3788; x_wconf 80' lang='lat' dir='ltr'>Quid</span> <span class='ocrx_word' id='word_1_298' title='bbox 862 3735 942 3781; x_wconf 77' lang='lat' dir='ltr'>deinde</span> <span class='ocrx_word' id='word_1_299' title='bbox 958 3747 1007 3796; x_wconf 80' lang='lat' dir='ltr'>rog.</span> <span class='ocrx_word' id='word_1_300' title='bbox 1020 3737 1045 3777; x_wconf 90' lang='lat' dir='ltr'>et</span> <span class='ocrx_word' id='word_1_301' title='bbox 1061 3746 1082 3778; x_wconf 83' lang='lat' dir='ltr'>si</span> <span class='ocrx_word' id='word_1_302' title='bbox 1099 3746 1135 3778; x_wconf 91' lang='lat' dir='ltr'>ro-</span> 
     </span>
     <span class='ocr_line' id='line_1_36' title="bbox 93 3803 1136 3881; baseline -0.016 -15"><span class='ocrx_word' id='word_1_303' title='bbox 93 3818 181 3866; x_wconf 79' lang='lat' dir='ltr'>oultus.</span> <span class='ocrx_word' id='word_1_304' title='bbox 200 3816 284 3864; x_wconf 82' lang='lat' dir='ltr'>Nictus</span> <span class='ocrx_word' id='word_1_305' title='bbox 292 3815 399 3881; x_wconf 87' lang='lat' dir='ltr'>proprius</span> <span class='ocrx_word' id='word_1_306' title='bbox 410 3823 445 3863; x_wconf 88' lang='lat' dir='ltr'>est</span> <span class='ocrx_word' id='word_1_307' title='bbox 455 3813 593 3871; x_wconf 87' lang='lat' dir='ltr'>amantium,</span> <span class='ocrx_word' id='word_1_308' title='bbox 643 3826 697 3875; x_wconf 83' lang='lat' dir='ltr'>gare</span> <span class='ocrx_word' id='word_1_309' title='bbox 708 3809 774 3865; x_wconf 88' lang='lat' dir='ltr'>libet,</span> <span class='ocrx_word' id='word_1_310' title='bbox 784 3807 841 3873; x_wconf 92' lang='lat' dir='ltr'>quid</span> <span class='ocrx_word' id='word_1_311' title='bbox 852 3806 949 3855; x_wconf 88' lang='lat' dir='ltr'>tandem</span> <span class='ocrx_word' id='word_1_312' title='bbox 959 3805 1062 3868; x_wconf 76' lang='lat' dir='ltr'>rogabot</span> <span class='ocrx_word' id='word_1_313' title='bbox 1094 3803 1136 3858; x_wconf 76' lang='lat' dir='ltr'>In-</span> 
     </span>
     <span class='ocr_line' id='line_1_37' title="bbox 94 3875 1136 3957; baseline -0.012 -19"><span class='ocrx_word' id='word_1_314' title='bbox 94 3906 171 3957; x_wconf 84' lang='lat' dir='ltr'>quum</span> <span class='ocrx_word' id='word_1_315' title='bbox 191 3890 279 3938; x_wconf 86' lang='lat' dir='ltr'>blande</span> <span class='ocrx_word' id='word_1_316' title='bbox 299 3906 325 3938; x_wconf 91' lang='lat' dir='ltr'>se</span> <span class='ocrx_word' id='word_1_317' title='bbox 349 3889 451 3938; x_wconf 89' lang='lat' dir='ltr'>invicem</span> <span class='ocrx_word' id='word_1_318' title='bbox 476 3888 594 3937; x_wconf 88' lang='lat' dir='ltr'>intuentes</span> <span class='ocrx_word' id='word_1_319' title='bbox 643 3902 703 3946; x_wconf 82' lang='lat' dir='ltr'>opem</span> <span class='ocrx_word' id='word_1_320' title='bbox 723 3899 756 3929; x_wconf 81' lang='lat' dir='ltr'>me</span> <span class='ocrx_word' id='word_1_321' title='bbox 776 3883 839 3944; x_wconf 77' lang='lat' dir='ltr'>copia</span> <span class='ocrx_word' id='word_1_322' title='bbox 855 3879 926 3945; x_wconf 85' lang='lat' dir='ltr'>fecit.</span> <span class='ocrx_word' id='word_1_323' title='bbox 967 3875 1086 3928; x_wconf 85' lang='lat' dir='ltr'>Ausonius</span> <span class='ocrx_word' id='word_1_324' title='bbox 1106 3876 1136 3926; x_wconf 85' lang='lat' dir='ltr'>dc</span> 
     </span>
     <span class='ocr_line' id='line_1_38' title="bbox 93 3951 1135 4028; baseline -0.019 -15"><span class='ocrx_word' id='word_1_325' title='bbox 93 3963 289 4020; x_wconf 70' lang='lat' dir='ltr'>oculoa&#39;movent,</span> <span class='ocrx_word' id='word_1_326' title='bbox 301 3979 373 4028; x_wconf 92' lang='lat' dir='ltr'>osque</span> <span class='ocrx_word' id='word_1_327' title='bbox 387 3963 503 4011; x_wconf 90' lang='lat' dir='ltr'>diducunt</span> <span class='ocrx_word' id='word_1_328' title='bbox 513 3963 543 4010; x_wconf 89' lang='lat' dir='ltr'>ad</span> <span class='ocrx_word' id='word_1_329' title='bbox 554 3979 593 4011; x_wconf 87' lang='lat' dir='ltr'>su·</span> <span class='ocrx_word' id='word_1_330' title='bbox 643 3955 767 4005; x_wconf 85' lang='lat' dir='ltr'>Narcisso:</span> <span class='ocrx_word' id='word_1_331' title='bbox 800 3955 825 4001; x_wconf 87' lang='lat' dir='ltr'>Si</span> <span class='ocrx_word' id='word_1_332' title='bbox 846 3967 936 4013; x_wconf 76' lang='lat' dir='ltr'>cuperes</span> <span class='ocrx_word' id='word_1_333' title='bbox 955 3951 1035 4006; x_wconf 82' lang='lat' dir='ltr'>altum,</span> <span class='ocrx_word' id='word_1_334' title='bbox 1054 3965 1135 4011; x_wconf 77' lang='lat' dir='ltr'>posses,</span> 
     </span>
     <span class='ocr_line' id='line_1_39' title="bbox 93 4025 1140 4106; baseline -0.016 -19"><span class='ocrx_word' id='word_1_335' title='bbox 93 4037 245 4093; x_wconf 83' lang='lat' dir='ltr'>bridcndum,</span> <span class='ocrx_word' id='word_1_336' title='bbox 253 4038 345 4086; x_wconf 72' lang='lat' dir='ltr'>Graecis</span> <span class='ocrx_word' id='word_1_337' title='bbox 353 4044 389 4085; x_wconf 88' lang='lat' dir='ltr'>est</span> <span class='ocrx_word' id='word_1_338' title='bbox 398 4034 595 4101; x_wconf 76' lang='grc' dir='ltr'><strong><em>σκαρδαμυγμός.</em></strong></span> <span class='ocrx_word' id='word_1_339' title='bbox 646 4031 759 4083; x_wconf 76' lang='lat' dir='ltr'>Narcisso,</span> <span class='ocrx_word' id='word_1_340' title='bbox 778 4029 848 4090; x_wconf 78' lang='lat' dir='ltr'>potiri</span> <span class='ocrx_word' id='word_1_341' title='bbox 855 4043 864 4084; x_wconf 77' lang='lat'>,¹</span> <span class='ocrx_word' id='word_1_342' title='bbox 898 4025 967 4072; x_wconf 82' lang='lat' dir='ltr'>Nuus</span> <span class='ocrx_word' id='word_1_343' title='bbox 992 4025 1034 4071; x_wconf 79' lang='lat' dir='ltr'>titt</span> <span class='ocrx_word' id='word_1_344' title='bbox 1056 4025 1140 4106; x_wconf 64' lang='lat' dir='ltr'>amoris</span> 
     </span>
     <span class='ocr_line' id='line_1_40' title="bbox 95 4098 1136 4167; baseline -0.012 -8"><span class='ocrx_word' id='word_1_345' title='bbox 95 4110 207 4160; x_wconf 68' lang='lat' dir='ltr'>sedul.</span> <span class='ocrx_word' id='word_1_346' title='bbox 218 4127 267 4158; x_wconf 90' lang='lat' dir='ltr'>non</span> <span class='ocrx_word' id='word_1_347' title='bbox 278 4109 323 4158; x_wconf 91' lang='lat' dir='ltr'>nisi</span> <span class='ocrx_word' id='word_1_348' title='bbox 334 4109 365 4158; x_wconf 83' lang='lat' dir='ltr'>ad</span> <span class='ocrx_word' id='word_1_349' title='bbox 375 4110 495 4158; x_wconf 85' lang='lat' dir='ltr'>oculorum</span> <span class='ocrx_word' id='word_1_350' title='bbox 506 4116 594 4157; x_wconf 91' lang='lat' dir='ltr'>motum</span> <span class='ocrx_word' id='word_1_351' title='bbox 643 4107 704 4152; x_wconf 75' lang='lat' dir='ltr'>adest</span> <span class='ocrx_word' id='word_1_352' title='bbox 722 4105 798 4166; x_wconf 82' lang='lat' dir='ltr'>eopia:</span> <span class='ocrx_word' id='word_1_353' title='bbox 812 4101 910 4167; x_wconf 71' lang='lat' dir='ltr'>fruetus</span> <span class='ocrx_word' id='word_1_354' title='bbox 924 4100 993 4146; x_wconf 81' lang='lat' dir='ltr'>obest.</span> <span class='ocrx_word' id='word_1_355' title='bbox 1017 4098 1136 4162; x_wconf 79' lang='lat' dir='ltr'>Epigram.</span> 
     </span>
     <span class='ocr_line' id='line_1_41' title="bbox 94 4176 763 4248; baseline -0.015 -13"><span class='ocrx_word' id='word_1_356' title='bbox 94 4185 225 4242; x_wconf 81' lang='lat' dir='ltr'>retulerim,</span> <span class='ocrx_word' id='word_1_357' title='bbox 245 4184 303 4248; x_wconf 89' lang='lat' dir='ltr'>quia</span> <span class='ocrx_word' id='word_1_358' title='bbox 321 4187 379 4232; x_wconf 81' lang='lat' dir='ltr'>risus</span> <span class='ocrx_word' id='word_1_359' title='bbox 397 4184 448 4248; x_wconf 84' lang='lat' dir='ltr'>jam</span> <span class='ocrx_word' id='word_1_360' title='bbox 470 4180 596 4247; x_wconf 69' lang='lat' dir='ltr'>praecessit.</span> <span class='ocrx_word' id='word_1_361' title='bbox 645 4176 763 4228; x_wconf 76' lang='lat' dir='ltr'>aeetae.</span> 
     </span>
    </p>
   </div>
   <div class='ocr_carea' id='block_1_4' title="bbox 0 0 1411 5010">
    <p class='ocr_par' dir='ltr' id='par_1_4' title="bbox 0 0 1411 5010">
     <span class='ocr_line' id='line_1_42' title="bbox 0 0 1411 5010; baseline 0 0"><span class='ocrx_word' id='word_1_362' title='bbox 0 0 1411 5010; x_wconf 95' lang='lat' dir='ltr'> </span> 
     </span>
    </p>
   </div>
  </div>
 </body>
</html>
