<?xml version="1.0" encoding="UTF-8"?>
<!DOCTYPE html PUBLIC "-//W3C//DTD XHTML 1.0 Transitional//EN"
    "http://www.w3.org/TR/xhtml1/DTD/xhtml1-transitional.dtd">
<html xmlns="http://www.w3.org/1999/xhtml" xml:lang="en" lang="en">
 <head>
  <title>
</title>
<meta http-equiv="Content-Type" content="text/html;charset=utf-8" />
  <meta name='ocr-system' content='tesseract 3.04.00' />
  <meta name='ocr-capabilities' content='ocr_page ocr_carea ocr_par ocr_line ocrx_word'/>
</head>
<body>
  <div class='ocr_page' id='page_1' title='image "./povidiinasoniso04burmgoog_0394.png"; bbox 0 0 2812 5010; ppageno 0'>
   <div class='ocr_carea' id='block_1_1' title="bbox 267 344 1114 419">
    <p class='ocr_par' dir='ltr' id='par_1_1' title="bbox 267 344 1114 419">
     <span class='ocr_line' id='line_1_1' title="bbox 267 344 1114 419; baseline 0.009 -8"><span class='ocrx_word' id='word_1_1' title='bbox 267 344 737 415; x_wconf 80' lang='lat' dir='ltr'>METAM-ORPHOSEON</span> <span class='ocrx_word' id='word_1_2' title='bbox 760 347 852 415; x_wconf 88' lang='lat' dir='ltr'>LIB.</span> <span class='ocrx_word' id='word_1_3' title='bbox 874 349 937 416; x_wconf 94' lang='lat' dir='ltr'>VI.</span> <span class='ocrx_word' id='word_1_4' title='bbox 1048 353 1114 419; x_wconf 78' lang='lat'>888</span> 
     </span>
    </p>
   </div>
   <div class='ocr_carea' id='block_1_2' title="bbox 61 517 1110 1774">
    <p class='ocr_par' dir='ltr' id='par_1_2' title="bbox 65 517 965 617">
     <span class='ocr_line' id='line_1_2' title="bbox 65 517 965 617; baseline 0.008 -27"><span class='ocrx_word' id='word_1_5' title='bbox 65 517 224 592; x_wconf 91' lang='lat' dir='ltr'>Inficere</span> <span class='ocrx_word' id='word_1_6' title='bbox 243 517 385 616; x_wconf 86' lang='lat' dir='ltr'>ingenti</span> <span class='ocrx_word' id='word_1_7' title='bbox 403 519 557 617; x_wconf 86' lang='lat' dir='ltr'>longum</span> <span class='ocrx_word' id='word_1_8' title='bbox 575 522 788 597; x_wconf 87' lang='lat' dir='ltr'>curvamine</span> <span class='ocrx_word' id='word_1_9' title='bbox 806 523 965 614; x_wconf 82' lang='lat' dir='ltr'>coelum3</span> 
     </span>
    </p>

    <p class='ocr_par' dir='ltr' id='par_1_3' title="bbox 63 632 1110 1195">
     <span class='ocr_line' id='line_1_3' title="bbox 64 632 1109 732; baseline 0.011 -27"><span class='ocrx_word' id='word_1_10' title='bbox 64 632 109 706; x_wconf 90' lang='lat' dir='ltr'>In</span> <span class='ocrx_word' id='word_1_11' title='bbox 128 658 204 731; x_wconf 94' lang='lat' dir='ltr'>quo</span> <span class='ocrx_word' id='word_1_12' title='bbox 222 635 359 709; x_wconf 86' lang='lat' dir='ltr'>diversi</span> <span class='ocrx_word' id='word_1_13' title='bbox 376 635 520 709; x_wconf 82' lang='lat' dir='ltr'>niteant</span> <span class='ocrx_word' id='word_1_14' title='bbox 537 660 654 732; x_wconf 92' lang='lat' dir='ltr'>quum</span> <span class='ocrx_word' id='word_1_15' title='bbox 672 637 774 710; x_wconf 93' lang='lat' dir='ltr'>mille</span> <span class='ocrx_word' id='word_1_16' title='bbox 793 638 950 727; x_wconf 91' lang='lat' dir='ltr'>colores,</span> <span class='ocrx_word' id='word_1_17' title='bbox 1060 645 1109 716; x_wconf 88' lang='grc'>65</span> 
     </span>
     <span class='ocr_line' id='line_1_4' title="bbox 63 748 1018 849; baseline 0.008 -27"><span class='ocrx_word' id='word_1_18' title='bbox 63 748 261 824; x_wconf 85' lang='lat' dir='ltr'>Transitus</span> <span class='ocrx_word' id='word_1_19' title='bbox 274 751 505 849; x_wconf 71' lang='lat' dir='ltr'>&#39;ipse&#39;tamen</span> <span class='ocrx_word' id='word_1_20' title='bbox 523 753 734 849; x_wconf 79' lang='lat' dir='ltr'>spectantia</span> <span class='ocrx_word' id='word_1_21' title='bbox 751 753 892 826; x_wconf 91' lang='lat' dir='ltr'>lumina</span> <span class='ocrx_word' id='word_1_22' title='bbox 910 753 1018 830; x_wconf 86' lang='lat' dir='ltr'>fallit.</span> 
     </span>
     <span class='ocr_line' id='line_1_5' title="bbox 64 863 1110 963; baseline 0.011 -28"><span class='ocrx_word' id='word_1_23' title='bbox 64 863 199 962; x_wconf 84' lang='lat' dir='ltr'>Usque</span> <span class='ocrx_word' id='word_1_24' title='bbox 217 866 311 940; x_wconf 89' lang='lat' dir='ltr'>adeo</span> <span class='ocrx_word' id='word_1_25' title='bbox 337 867 439 963; x_wconf 92' lang='lat' dir='ltr'>quod</span> <span class='ocrx_word' id='word_1_26' title='bbox 457 866 577 962; x_wconf 85' lang='lat' dir='ltr'>tangit</span> <span class='ocrx_word' id='word_1_27' title='bbox 601 867 700 939; x_wconf 92' lang='lat' dir='ltr'>idem</span> <span class='ocrx_word' id='word_1_28' title='bbox 718 868 797 942; x_wconf 89' lang='lat' dir='ltr'>estl</span> <span class='ocrx_word' id='word_1_29' title='bbox 826 879 952 943; x_wconf 90' lang='lat' dir='ltr'>tamen</span> <span class='ocrx_word' id='word_1_30' title='bbox 977 871 1110 946; x_wconf 88' lang='lat' dir='ltr'>ultima</span> 
     </span>
     <span class='ocr_line' id='line_1_6' title="bbox 64 968 1107 1080; baseline 0.01 -28"><span class='ocrx_word' id='word_1_31' title='bbox 64 979 147 1055; x_wconf 91' lang='lat' dir='ltr'>Illic</span> <span class='ocrx_word' id='word_1_32' title='bbox 166 993 204 1056; x_wconf 90' lang='lat' dir='ltr'>et</span> <span class='ocrx_word' id='word_1_33' title='bbox 220 968 364 1057; x_wconf 91' lang='lat' dir='ltr'>lentum</span> <span class='ocrx_word' id='word_1_34' title='bbox 383 984 456 1056; x_wconf 89' lang='lat' dir='ltr'>filis</span> <span class='ocrx_word' id='word_1_35' title='bbox 474 983 686 1057; x_wconf 88' lang='lat' dir='ltr'>immittitur</span> <span class='ocrx_word' id='word_1_36' title='bbox 704 984 847 1071; x_wconf 77' lang='lat' dir='ltr'>aurum,</span> <span class='ocrx_word' id='word_1_37' title='bbox 937 986 1107 1080; x_wconf 87' lang='lat' dir='ltr'>[distant.</span> 
     </span>
     <span class='ocr_line' id='line_1_7' title="bbox 63 1095 894 1195; baseline 0.007 -27"><span class='ocrx_word' id='word_1_38' title='bbox 63 1095 114 1169; x_wconf 88' lang='lat' dir='ltr'>Et</span> <span class='ocrx_word' id='word_1_39' title='bbox 130 1107 238 1171; x_wconf 90' lang='lat' dir='ltr'>vetus</span> <span class='ocrx_word' id='word_1_40' title='bbox 255 1099 294 1171; x_wconf 91' lang='lat' dir='ltr'>in</span> <span class='ocrx_word' id='word_1_41' title='bbox 312 1099 388 1172; x_wconf 89' lang='lat' dir='ltr'>tela</span> <span class='ocrx_word' id='word_1_42' title='bbox 405 1098 604 1172; x_wconf 83' lang='lat' dir='ltr'>deducitur</span> <span class='ocrx_word' id='word_1_43' title='bbox 623 1110 894 1195; x_wconf 82' lang='lat' dir='ltr'>argumentum.</span> 
     </span>
    </p>

    <p class='ocr_par' dir='ltr' id='par_1_4' title="bbox 61 1211 1108 1774">
     <span class='ocr_line' id='line_1_8' title="bbox 114 1211 1108 1312; baseline 0.008 -28"><span class='ocrx_word' id='word_1_44' title='bbox 114 1211 300 1311; x_wconf 86' lang='lat' dir='ltr'>Cecropia</span> <span class='ocrx_word' id='word_1_45' title='bbox 317 1213 444 1287; x_wconf 90' lang='lat' dir='ltr'>Pallas</span> <span class='ocrx_word' id='word_1_46' title='bbox 463 1215 658 1312; x_wconf 88' lang='lat' dir='ltr'>scopulum</span> <span class='ocrx_word' id='word_1_47' title='bbox 679 1213 861 1289; x_wconf 89' lang='lat' dir='ltr'>Mavortis</span> <span class='ocrx_word' id='word_1_48' title='bbox 879 1215 918 1288; x_wconf 93' lang='lat' dir='ltr'>in</span> <span class='ocrx_word' id='word_1_49' title='bbox 936 1241 1021 1306; x_wconf 82' lang='lat' dir='ltr'>arce</span> <span class='ocrx_word' id='word_1_50' title='bbox 1060 1224 1108 1292; x_wconf 91' lang='grc'>70</span> 
     </span>
     <span class='ocr_line' id='line_1_9' title="bbox 62 1326 1071 1431; baseline 0.007 -33"><span class='ocrx_word' id='word_1_51' title='bbox 62 1326 204 1424; x_wconf 86' lang='lat' dir='ltr'>Pingit,</span> <span class='ocrx_word' id='word_1_52' title='bbox 224 1339 263 1402; x_wconf 89' lang='lat' dir='ltr'>et</span> <span class='ocrx_word' id='word_1_53' title='bbox 281 1329 475 1426; x_wconf 88' lang='lat' dir='ltr'>antiquam</span> <span class='ocrx_word' id='word_1_54' title='bbox 494 1328 541 1403; x_wconf 89' lang='lat' dir='ltr'>de</span> <span class='ocrx_word' id='word_1_55' title='bbox 559 1335 667 1431; x_wconf 85' lang='lat' dir='ltr'>terrae</span> <span class='ocrx_word' id='word_1_56' title='bbox 686 1327 835 1404; x_wconf 91' lang='lat' dir='ltr'>nomine</span> <span class='ocrx_word' id='word_1_57' title='bbox 853 1330 971 1406; x_wconf 88' lang='lat' dir='ltr'>litem.</span> <span class='ocrx_word' id='word_1_58' title='bbox 1068 1411 1071 1417; x_wconf 63' lang='grc'><strong>,</strong></span> 
     </span>
     <span class='ocr_line' id='line_1_10' title="bbox 63 1443 966 1532; baseline 0.004 -16"><span class='ocrx_word' id='word_1_59' title='bbox 63 1443 131 1516; x_wconf 89' lang='lat' dir='ltr'>Bis</span> <span class='ocrx_word' id='word_1_60' title='bbox 150 1469 219 1519; x_wconf 88' lang='lat' dir='ltr'>sex</span> <span class='ocrx_word' id='word_1_61' title='bbox 237 1445 424 1531; x_wconf 88' lang='lat' dir='ltr'>coelestes,</span> <span class='ocrx_word' id='word_1_62' title='bbox 443 1444 567 1519; x_wconf 90' lang='lat' dir='ltr'>medio</span> <span class='ocrx_word' id='word_1_63' title='bbox 583 1443 691 1532; x_wconf 88' lang='lat' dir='ltr'>Jove,</span> <span class='ocrx_word' id='word_1_64' title='bbox 710 1446 865 1520; x_wconf 89' lang='lat' dir='ltr'>sedibus</span> <span class='ocrx_word' id='word_1_65' title='bbox 881 1448 966 1521; x_wconf 88' lang='lat' dir='ltr'>altis</span> 
     </span>
     <span class='ocr_line' id='line_1_11' title="bbox 61 1558 1097 1659; baseline 0.005 -28"><span class='ocrx_word' id='word_1_66' title='bbox 61 1558 236 1656; x_wconf 85' lang='lat' dir='ltr'>Augusta</span> <span class='ocrx_word' id='word_1_67' title='bbox 253 1561 435 1657; x_wconf 85' lang='lat' dir='ltr'>gravitate</span> <span class='ocrx_word' id='word_1_68' title='bbox 454 1562 608 1635; x_wconf 90' lang='lat' dir='ltr'>sedent:</span> <span class='ocrx_word' id='word_1_69' title='bbox 638 1585 706 1634; x_wconf 89' lang='lat' dir='ltr'>sua</span> <span class='ocrx_word' id='word_1_70' title='bbox 724 1586 914 1659; x_wconf 88' lang='lat' dir='ltr'>quemque</span> <span class='ocrx_word' id='word_1_71' title='bbox 930 1558 1097 1639; x_wconf 87' lang='lat' dir='ltr'>Deorum</span> 
     </span>
     <span class='ocr_line' id='line_1_12' title="bbox 63 1676 913 1774; baseline 0.004 -25"><span class='ocrx_word' id='word_1_72' title='bbox 63 1676 241 1750; x_wconf 87' lang='lat' dir='ltr'>Inscribit</span> <span class='ocrx_word' id='word_1_73' title='bbox 258 1676 395 1753; x_wconf 86' lang='lat' dir='ltr'>facies:</span> <span class='ocrx_word' id='word_1_74' title='bbox 424 1677 448 1752; x_wconf 92' lang='lat' dir='ltr'>J</span> <span class='ocrx_word' id='word_1_75' title='bbox 451 1677 528 1751; x_wconf 89' lang='lat' dir='ltr'>ovis</span> <span class='ocrx_word' id='word_1_76' title='bbox 547 1688 605 1752; x_wconf 87' lang='lat' dir='ltr'>est</span> <span class='ocrx_word' id='word_1_77' title='bbox 623 1677 758 1773; x_wconf 85' lang='lat' dir='ltr'>regalis</span> <span class='ocrx_word' id='word_1_78' title='bbox 777 1678 913 1774; x_wconf 90' lang='lat' dir='ltr'>imago.</span> 
     </span>
    </p>
   </div>
   <div class='ocr_carea' id='block_1_3' title="bbox 50 1893 1110 4173">
    <p class='ocr_par' dir='ltr' id='par_1_5' title="bbox 50 1893 1110 4173">
     <span class='ocr_line' id='line_1_13' title="bbox 60 1893 1110 1963; baseline 0.006 -23"><span class='ocrx_word' id='word_1_79' title='bbox 60 1893 100 1942; x_wconf 87' lang='lat' dir='ltr'>De</span> <span class='ocrx_word' id='word_1_80' title='bbox 111 1894 182 1942; x_wconf 85' lang='lat' dir='ltr'>verbo</span> <span class='ocrx_word' id='word_1_81' title='bbox 192 1897 302 1942; x_wconf 67' lang='lat' dir='ltr'>umnam</span> <span class='ocrx_word' id='word_1_82' title='bbox 313 1893 367 1944; x_wconf 89' lang='lat' dir='ltr'>vide</span> <span class='ocrx_word' id='word_1_83' title='bbox 379 1894 409 1944; x_wconf 89' lang='lat' dir='ltr'>ad</span> <span class='ocrx_word' id='word_1_84' title='bbox 420 1895 436 1944; x_wconf 91' lang='lat' dir='ltr'>i.</span> <span class='ocrx_word' id='word_1_85' title='bbox 445 1895 469 1945; x_wconf 81' lang='lat'>4.</span> <span class='ocrx_word' id='word_1_86' title='bbox 488 1895 560 1944; x_wconf 86' lang='lat' dir='ltr'>Nune</span> <span class='ocrx_word' id='word_1_87' title='bbox 607 1912 650 1957; x_wconf 78' lang='lat' dir='ltr'>per</span> <span class='ocrx_word' id='word_1_88' title='bbox 659 1914 741 1959; x_wconf 83' lang='lat' dir='ltr'>uqunm</span> <span class='ocrx_word' id='word_1_89' title='bbox 749 1895 883 1958; x_wconf 77' lang='lat' dir='ltr'>Neptunum</span> <span class='ocrx_word' id='word_1_90' title='bbox 890 1898 1025 1963; x_wconf 81' lang='lat' dir='ltr'>significari,</span> <span class='ocrx_word' id='word_1_91' title='bbox 1034 1915 1110 1961; x_wconf 79' lang='lat' dir='ltr'>eoaque</span> 
     </span>
     <span class='ocr_line' id='line_1_14' title="bbox 59 1965 1109 2033; baseline 0.006 -19"><span class='ocrx_word' id='word_1_92' title='bbox 59 1965 156 2015; x_wconf 87' lang='lat' dir='ltr'>omnino</span> <span class='ocrx_word' id='word_1_93' title='bbox 166 1975 210 2024; x_wconf 85' lang='lat' dir='ltr'>est,</span> <span class='ocrx_word' id='word_1_94' title='bbox 222 1967 323 2017; x_wconf 86' lang='lat' dir='ltr'>texendo</span> <span class='ocrx_word' id='word_1_95' title='bbox 333 1969 453 2033; x_wconf 83' lang='lat' dir='ltr'>effingere.</span> <span class='ocrx_word' id='word_1_96' title='bbox 611 1970 671 2019; x_wconf 81' lang='lat' dir='ltr'>Deus</span> <span class='ocrx_word' id='word_1_97' title='bbox 684 1973 745 2018; x_wconf 80' lang='lat' dir='ltr'>inter</span> <span class='ocrx_word' id='word_1_98' title='bbox 759 1987 782 2019; x_wconf 80' lang='lat' dir='ltr'>ee</span> <span class='ocrx_word' id='word_1_99' title='bbox 793 1981 889 2028; x_wconf 81' lang='lat' dir='ltr'>certare,</span> <span class='ocrx_word' id='word_1_100' title='bbox 900 1981 952 2020; x_wconf 85' lang='lat' dir='ltr'>uter</span> <span class='ocrx_word' id='word_1_101' title='bbox 966 1974 1019 2020; x_wconf 82' lang='lat' dir='ltr'>urbi</span> <span class='ocrx_word' id='word_1_102' title='bbox 1029 1989 1109 2020; x_wconf 85' lang='lat' dir='ltr'>nomen</span> 
     </span>
     <span class='ocr_line' id='line_1_15' title="bbox 93 2041 1108 2107; baseline 0.005 -19"><span class='ocrx_word' id='word_1_103' title='bbox 93 2041 560 2107; x_wconf 84' lang='lat' dir='ltr'>70.ScopnlumMavortis,Areopagum,</span> <span class='ocrx_word' id='word_1_104' title='bbox 610 2046 740 2105; x_wconf 82' lang='lat' dir='ltr'>imponeret.</span> <span class='ocrx_word' id='word_1_105' title='bbox 776 2043 1045 2107; x_wconf 77' lang='lat' dir='ltr'>threpenetpepulum</span> <span class='ocrx_word' id='word_1_106' title='bbox 1055 2061 1108 2103; x_wconf 79' lang='lat' dir='ltr'>esse,</span> 
     </span>
     <span class='ocr_line' id='line_1_16' title="bbox 60 2116 1110 2182; baseline 0.002 -17"><span class='ocrx_word' id='word_1_107' title='bbox 60 2116 146 2165; x_wconf 87' lang='lat' dir='ltr'>collem</span> <span class='ocrx_word' id='word_1_108' title='bbox 154 2117 224 2182; x_wconf 81' lang='lat' dir='ltr'>juxta</span> <span class='ocrx_word' id='word_1_109' title='bbox 234 2117 382 2181; x_wconf 86' lang='lat' dir='ltr'>Cecropiam.</span> <span class='ocrx_word' id='word_1_110' title='bbox 416 2116 498 2173; x_wconf 83' lang='lat' dir='ltr'>Litem,</span> <span class='ocrx_word' id='word_1_111' title='bbox 510 2131 560 2164; x_wconf 88' lang='lat' dir='ltr'>cer-</span> <span class='ocrx_word' id='word_1_112' title='bbox 610 2120 686 2164; x_wconf 82' lang='lat' dir='ltr'>utrius</span> <span class='ocrx_word' id='word_1_113' title='bbox 698 2117 742 2164; x_wconf 84' lang='lat' dir='ltr'>Dei</span> <span class='ocrx_word' id='word_1_114' title='bbox 757 2120 846 2165; x_wconf 85' lang='lat' dir='ltr'>nomine</span> <span class='ocrx_word' id='word_1_115' title='bbox 858 2119 971 2179; x_wconf 81' lang='lat' dir='ltr'>appellari</span> <span class='ocrx_word' id='word_1_116' title='bbox 983 2120 1048 2166; x_wconf 84' lang='lat' dir='ltr'>illum</span> <span class='ocrx_word' id='word_1_117' title='bbox 1062 2120 1110 2167; x_wconf 84' lang='lat' dir='ltr'>vel·</span> 
     </span>
     <span class='ocr_line' id='line_1_17' title="bbox 59 2189 1109 2254; baseline 0.004 -16"><span class='ocrx_word' id='word_1_118' title='bbox 59 2197 141 2238; x_wconf 88' lang='lat' dir='ltr'>tamen</span> <span class='ocrx_word' id='word_1_119' title='bbox 151 2189 258 2254; x_wconf 85' lang='lat' dir='ltr'>Neptuni</span> <span class='ocrx_word' id='word_1_120' title='bbox 268 2198 293 2238; x_wconf 86' lang='lat' dir='ltr'>et</span> <span class='ocrx_word' id='word_1_121' title='bbox 307 2189 414 2239; x_wconf 85' lang='lat' dir='ltr'>Palladis</span> <span class='ocrx_word' id='word_1_122' title='bbox 424 2190 453 2238; x_wconf 86' lang='lat' dir='ltr'>ds</span> <span class='ocrx_word' id='word_1_123' title='bbox 467 2190 560 2238; x_wconf 86' lang='lat' dir='ltr'>nomine</span> <span class='ocrx_word' id='word_1_124' title='bbox 611 2191 666 2247; x_wconf 69' lang='lat' dir='ltr'>bnt,</span> <span class='ocrx_word' id='word_1_125' title='bbox 676 2193 803 2239; x_wconf 80' lang='lat' dir='ltr'>decernere.</span> <span class='ocrx_word' id='word_1_126' title='bbox 821 2192 993 2241; x_wconf 66' lang='lat' dir='ltr'>Atheniensibus</span> <span class='ocrx_word' id='word_1_127' title='bbox 1000 2194 1109 2254; x_wconf 80' lang='lat' dir='ltr'>itaquein</span> 
     </span>
     <span class='ocr_line' id='line_1_18' title="bbox 58 2263 1109 2330; baseline 0.004 -19"><span class='ocrx_word' id='word_1_128' title='bbox 58 2263 126 2317; x_wconf 89' lang='lat' dir='ltr'>urbis</span> <span class='ocrx_word' id='word_1_129' title='bbox 137 2263 268 2329; x_wconf 79' lang='lat' dir='ltr'>Cecropiae.</span> <span class='ocrx_word' id='word_1_130' title='bbox 299 2265 385 2313; x_wconf 88' lang='lat' dir='ltr'>Noster</span> <span class='ocrx_word' id='word_1_131' title='bbox 393 2264 500 2330; x_wconf 89' lang='lat' dir='ltr'>sequitur</span> <span class='ocrx_word' id='word_1_132' title='bbox 511 2280 558 2321; x_wconf 89' lang='lat' dir='ltr'>eos,</span> <span class='ocrx_word' id='word_1_133' title='bbox 610 2263 724 2330; x_wconf 78' lang='lat' dir='ltr'>suffragiu</span> <span class='ocrx_word' id='word_1_134' title='bbox 734 2267 848 2321; x_wconf 85' lang='lat' dir='ltr'>euntibus,</span> <span class='ocrx_word' id='word_1_135' title='bbox 859 2282 928 2328; x_wconf 80' lang='lat' dir='ltr'>quum</span> <span class='ocrx_word' id='word_1_136' title='bbox 938 2282 1010 2315; x_wconf 83' lang='lat' dir='ltr'>mures</span> <span class='ocrx_word' id='word_1_137' title='bbox 1018 2267 1109 2328; x_wconf 86' lang='lat' dir='ltr'>Neptu·</span> 
     </span>
     <span class='ocr_line' id='line_1_19' title="bbox 58 2336 1108 2404; baseline 0.005 -19"><span class='ocrx_word' id='word_1_138' title='bbox 58 2338 102 2402; x_wconf 89' lang='lat' dir='ltr'>qui</span> <span class='ocrx_word' id='word_1_139' title='bbox 113 2336 239 2386; x_wconf 88' lang='lat' dir='ltr'>duodecim</span> <span class='ocrx_word' id='word_1_140' title='bbox 250 2353 348 2402; x_wconf 86' lang='lat' dir='ltr'>magnos</span> <span class='ocrx_word' id='word_1_141' title='bbox 358 2338 423 2386; x_wconf 86' lang='lat' dir='ltr'>Deos</span> <span class='ocrx_word' id='word_1_142' title='bbox 437 2336 559 2386; x_wconf 80' lang='lat' dir='ltr'>arbitrium</span> <span class='ocrx_word' id='word_1_143' title='bbox 609 2356 645 2395; x_wconf 88' lang='lat' dir='ltr'>nn,</span> <span class='ocrx_word' id='word_1_144' title='bbox 656 2340 761 2387; x_wconf 82' lang='lat' dir='ltr'>mulieres</span> <span class='ocrx_word' id='word_1_145' title='bbox 779 2339 889 2387; x_wconf 73' lang='lat' dir='ltr'>Minerva</span> <span class='ocrx_word' id='word_1_146' title='bbox 898 2339 1019 2404; x_wconf 68' lang='lat' dir='ltr'>fument,</span> <span class='ocrx_word' id='word_1_147' title='bbox 1030 2344 1108 2391; x_wconf 75' lang='lat' dir='ltr'>ultim</span> 
     </span>
     <span class='ocr_line' id='line_1_20' title="bbox 58 2411 1109 2476; baseline 0.004 -17"><span class='ocrx_word' id='word_1_148' title='bbox 58 2411 142 2461; x_wconf 87' lang='lat' dir='ltr'>tulisse</span> <span class='ocrx_word' id='word_1_149' title='bbox 152 2413 287 2469; x_wconf 78' lang='lat' dir='ltr'>narrabant,</span> <span class='ocrx_word' id='word_1_150' title='bbox 296 2420 330 2469; x_wconf 89' lang='lat' dir='ltr'>ut,</span> <span class='ocrx_word' id='word_1_151' title='bbox 339 2421 392 2462; x_wconf 87' lang='lat' dir='ltr'>uter</span> <span class='ocrx_word' id='word_1_152' title='bbox 401 2428 487 2461; x_wconf 89' lang='lat' dir='ltr'>munus</span> <span class='ocrx_word' id='word_1_153' title='bbox 497 2428 559 2461; x_wconf 89' lang='lat' dir='ltr'>mor·</span> <span class='ocrx_word' id='word_1_154' title='bbox 610 2411 739 2460; x_wconf 79' lang='lat' dir='ltr'>Mineruam</span> <span class='ocrx_word' id='word_1_155' title='bbox 749 2413 900 2460; x_wconf 68' lang='lat' dir='ltr'>cabalonno.</span> <span class='ocrx_word' id='word_1_156' title='bbox 929 2413 1007 2466; x_wconf 83' lang='lat' dir='ltr'>Quare</span> <span class='ocrx_word' id='word_1_157' title='bbox 1019 2414 1109 2476; x_wconf 80' lang='lat' dir='ltr'>Neptu-</span> 
     </span>
     <span class='ocr_line' id='line_1_21' title="bbox 57 2483 1109 2552; baseline 0.005 -19"><span class='ocrx_word' id='word_1_158' title='bbox 57 2485 148 2534; x_wconf 84' lang='lat' dir='ltr'>talibus</span> <span class='ocrx_word' id='word_1_159' title='bbox 158 2483 307 2533; x_wconf 87' lang='lat' dir='ltr'>utilissimum</span> <span class='ocrx_word' id='word_1_160' title='bbox 321 2484 478 2550; x_wconf 87' lang='lat' dir='ltr'>produxisset,</span> <span class='ocrx_word' id='word_1_161' title='bbox 490 2487 520 2534; x_wconf 90' lang='lat' dir='ltr'>ab</span> <span class='ocrx_word' id='word_1_162' title='bbox 531 2503 559 2535; x_wconf 89' lang='lat' dir='ltr'>eo</span> <span class='ocrx_word' id='word_1_163' title='bbox 609 2503 664 2534; x_wconf 86' lang='lat' dir='ltr'>num</span> <span class='ocrx_word' id='word_1_164' title='bbox 674 2489 836 2551; x_wconf 80' lang='lat' dir='ltr'>indignantem</span> <span class='ocrx_word' id='word_1_165' title='bbox 844 2502 891 2534; x_wconf 77' lang='lat' dir='ltr'>mes</span> <span class='ocrx_word' id='word_1_166' title='bbox 901 2496 990 2535; x_wconf 81' lang='lat' dir='ltr'>tantam</span> <span class='ocrx_word' id='word_1_167' title='bbox 997 2506 1109 2552; x_wconf 75' lang='lat' dir='ltr'>aquenum</span> 
     </span>
     <span class='ocr_line' id='line_1_22' title="bbox 58 2559 1109 2626; baseline 0.005 -19"><span class='ocrx_word' id='word_1_168' title='bbox 58 2559 116 2607; x_wconf 89' lang='lat' dir='ltr'>urbs</span> <span class='ocrx_word' id='word_1_169' title='bbox 143 2574 228 2607; x_wconf 91' lang='lat' dir='ltr'>nomen</span> <span class='ocrx_word' id='word_1_170' title='bbox 255 2559 381 2624; x_wconf 87' lang='lat' dir='ltr'>acciperet.</span> <span class='ocrx_word' id='word_1_171' title='bbox 423 2560 559 2610; x_wconf 87' lang='lat' dir='ltr'>Secundum</span> <span class='ocrx_word' id='word_1_172' title='bbox 608 2562 654 2608; x_wconf 84' lang='lat' dir='ltr'>uim</span> <span class='ocrx_word' id='word_1_173' title='bbox 668 2561 819 2626; x_wconf 61' lang='lat' dir='ltr'>effudissent</span> <span class='ocrx_word' id='word_1_174' title='bbox 837 2570 907 2609; x_wconf 83' lang='lat' dir='ltr'>totam</span> <span class='ocrx_word' id='word_1_175' title='bbox 922 2574 991 2624; x_wconf 75' lang='lat' dir='ltr'>prope</span> <span class='ocrx_word' id='word_1_176' title='bbox 1007 2564 1109 2612; x_wconf 79' lang='lat' dir='ltr'>Atticam</span> 
     </span>
     <span class='ocr_line' id='line_1_23' title="bbox 58 2632 1110 2700; baseline 0.006 -20"><span class='ocrx_word' id='word_1_177' title='bbox 58 2632 172 2698; x_wconf 87' lang='lat' dir='ltr'>Apollod.</span> <span class='ocrx_word' id='word_1_178' title='bbox 189 2633 240 2681; x_wconf 85' lang='lat'>111.</span> <span class='ocrx_word' id='word_1_179' title='bbox 256 2632 305 2683; x_wconf 81' lang='lat' dir='ltr'>xiv.</span> <span class='ocrx_word' id='word_1_180' title='bbox 321 2635 344 2682; x_wconf 90' lang='lat' dir='ltr'>l.</span> <span class='ocrx_word' id='word_1_181' title='bbox 363 2633 474 2698; x_wconf 86' lang='lat' dir='ltr'>Cecropis</span> <span class='ocrx_word' id='word_1_182' title='bbox 489 2643 559 2686; x_wconf 74' lang='lat' dir='ltr'>atate</span> <span class='ocrx_word' id='word_1_183' title='bbox 608 2637 742 2684; x_wconf 80' lang='lat' dir='ltr'>inundaret.</span> <span class='ocrx_word' id='word_1_184' title='bbox 781 2635 850 2683; x_wconf 88' lang='lat' dir='ltr'>Forte</span> <span class='ocrx_word' id='word_1_185' title='bbox 870 2634 973 2699; x_wconf 81' lang='lat' dir='ltr'>Cecrops</span> <span class='ocrx_word' id='word_1_186' title='bbox 991 2652 1065 2700; x_wconf 87' lang='lat' dir='ltr'>quum</span> <span class='ocrx_word' id='word_1_187' title='bbox 1084 2637 1110 2687; x_wconf 91' lang='lat' dir='ltr'>in</span> 
     </span>
     <span class='ocr_line' id='line_1_24' title="bbox 59 2706 1109 2775; baseline 0.004 -20"><span class='ocrx_word' id='word_1_188' title='bbox 59 2707 115 2755; x_wconf 90' lang='lat' dir='ltr'>Diis</span> <span class='ocrx_word' id='word_1_189' title='bbox 124 2706 216 2772; x_wconf 86' lang='lat' dir='ltr'>placuit</span> <span class='ocrx_word' id='word_1_190' title='bbox 229 2707 337 2757; x_wconf 82' lang='lat' dir='ltr'>civitates</span> <span class='ocrx_word' id='word_1_191' title='bbox 351 2708 396 2756; x_wconf 89' lang='lat' dir='ltr'>sibi</span> <span class='ocrx_word' id='word_1_192' title='bbox 412 2708 523 2772; x_wconf 84' lang='lat' dir='ltr'>deligere,</span> <span class='ocrx_word' id='word_1_193' title='bbox 534 2709 560 2758; x_wconf 92' lang='lat' dir='ltr'>in</span> <span class='ocrx_word' id='word_1_194' title='bbox 608 2706 714 2756; x_wconf 83' lang='lat' dir='ltr'>Atticam</span> <span class='ocrx_word' id='word_1_195' title='bbox 729 2707 880 2773; x_wconf 88' lang='lat' dir='ltr'>pervenisset,</span> <span class='ocrx_word' id='word_1_196' title='bbox 892 2708 1029 2775; x_wconf 77' lang='lat' dir='ltr'>incolasque</span> <span class='ocrx_word' id='word_1_197' title='bbox 1046 2710 1109 2773; x_wconf 82' lang='lat' dir='ltr'>Nep·</span> 
     </span>
     <span class='ocr_line' id='line_1_25' title="bbox 57 2781 1107 2848; baseline 0.004 -18"><span class='ocrx_word' id='word_1_198' title='bbox 57 2782 147 2846; x_wconf 90' lang='lat' dir='ltr'>quibus</span> <span class='ocrx_word' id='word_1_199' title='bbox 164 2781 306 2831; x_wconf 83' lang='lat' dir='ltr'>colerentur.</span> <span class='ocrx_word' id='word_1_200' title='bbox 341 2782 371 2830; x_wconf 96' lang='lat' dir='ltr'>In</span> <span class='ocrx_word' id='word_1_201' title='bbox 381 2781 487 2830; x_wconf 89' lang='lat' dir='ltr'>Atticam</span> <span class='ocrx_word' id='word_1_202' title='bbox 498 2781 560 2847; x_wconf 88' lang='lat' dir='ltr'>prior</span> <span class='ocrx_word' id='word_1_203' title='bbox 610 2791 675 2838; x_wconf 87' lang='lat' dir='ltr'>tune,</span> <span class='ocrx_word' id='word_1_204' title='bbox 687 2782 731 2830; x_wconf 91' lang='lat' dir='ltr'>hoc</span> <span class='ocrx_word' id='word_1_205' title='bbox 742 2789 787 2838; x_wconf 89' lang='lat' dir='ltr'>est,</span> <span class='ocrx_word' id='word_1_206' title='bbox 800 2781 944 2846; x_wconf 86' lang='lat' dir='ltr'>navigationi</span> <span class='ocrx_word' id='word_1_207' title='bbox 955 2791 980 2832; x_wconf 92' lang='lat' dir='ltr'>et</span> <span class='ocrx_word' id='word_1_208' title='bbox 992 2783 1107 2848; x_wconf 68' lang='lat' dir='ltr'>piratica,</span> 
     </span>
     <span class='ocr_line' id='line_1_26' title="bbox 58 2852 1110 2920; baseline 0.003 -16"><span class='ocrx_word' id='word_1_209' title='bbox 58 2854 125 2904; x_wconf 90' lang='lat' dir='ltr'>venit</span> <span class='ocrx_word' id='word_1_210' title='bbox 134 2855 271 2918; x_wconf 84' lang='lat' dir='ltr'>Neptunus,</span> <span class='ocrx_word' id='word_1_211' title='bbox 280 2854 427 2920; x_wconf 90' lang='lat' dir='ltr'>tridenteque</span> <span class='ocrx_word' id='word_1_212' title='bbox 438 2855 502 2903; x_wconf 91' lang='lat' dir='ltr'>humi</span> <span class='ocrx_word' id='word_1_213' title='bbox 513 2856 560 2904; x_wconf 83' lang='lat' dir='ltr'>fixo</span> <span class='ocrx_word' id='word_1_214' title='bbox 609 2854 702 2903; x_wconf 87' lang='lat' dir='ltr'>deditos</span> <span class='ocrx_word' id='word_1_215' title='bbox 716 2852 871 2918; x_wconf 86' lang='lat' dir='ltr'>cognovisset,</span> <span class='ocrx_word' id='word_1_216' title='bbox 883 2871 978 2920; x_wconf 89' lang='lat' dir='ltr'>operam</span> <span class='ocrx_word' id='word_1_217' title='bbox 992 2857 1069 2914; x_wconf 87' lang='lat' dir='ltr'>dedit,</span> <span class='ocrx_word' id='word_1_218' title='bbox 1082 2867 1110 2908; x_wconf 89' lang='lat' dir='ltr'>ut</span> 
     </span>
     <span class='ocr_line' id='line_1_27' title="bbox 59 2927 1108 2994; baseline 0.005 -18"><span class='ocrx_word' id='word_1_219' title='bbox 59 2928 85 2976; x_wconf 92' lang='lat' dir='ltr'>in</span> <span class='ocrx_word' id='word_1_220' title='bbox 96 2927 176 2976; x_wconf 88' lang='lat' dir='ltr'>media</span> <span class='ocrx_word' id='word_1_221' title='bbox 187 2928 290 2993; x_wconf 88' lang='lat' dir='ltr'>acropoli</span> <span class='ocrx_word' id='word_1_222' title='bbox 300 2944 364 2977; x_wconf 88' lang='lat' dir='ltr'>mare</span> <span class='ocrx_word' id='word_1_223' title='bbox 375 2929 470 2993; x_wconf 83' lang='lat' dir='ltr'>profert.</span> <span class='ocrx_word' id='word_1_224' title='bbox 503 2929 560 2978; x_wconf 89' lang='lat' dir='ltr'>Post</span> <span class='ocrx_word' id='word_1_225' title='bbox 610 2930 701 2977; x_wconf 90' lang='lat' dir='ltr'>cultum</span> <span class='ocrx_word' id='word_1_226' title='bbox 720 2929 837 2985; x_wconf 73' lang='lat' dir='ltr'>Minerua,</span> <span class='ocrx_word' id='word_1_227' title='bbox 856 2930 900 2977; x_wconf 91' lang='lat' dir='ltr'>hoc</span> <span class='ocrx_word' id='word_1_228' title='bbox 918 2938 962 2986; x_wconf 88' lang='lat' dir='ltr'>est,</span> <span class='ocrx_word' id='word_1_229' title='bbox 978 2930 1108 2994; x_wconf 87' lang='lat' dir='ltr'>agricultu-</span> 
     </span>
     <span class='ocr_line' id='line_1_28' title="bbox 58 3003 1110 3068; baseline 0 -15"><span class='ocrx_word' id='word_1_230' title='bbox 58 3003 126 3053; x_wconf 87' lang='lat' dir='ltr'>venit</span> <span class='ocrx_word' id='word_1_231' title='bbox 144 3003 260 3060; x_wconf 87' lang='lat' dir='ltr'>Minerva,</span> <span class='ocrx_word' id='word_1_232' title='bbox 280 3019 341 3067; x_wconf 84' lang='lat' dir='ltr'>quae,</span> <span class='ocrx_word' id='word_1_233' title='bbox 361 3019 434 3068; x_wconf 90' lang='lat' dir='ltr'>quum</span> <span class='ocrx_word' id='word_1_234' title='bbox 455 3003 562 3068; x_wconf 80' lang='lat' dir='ltr'>Cecrope</span> <span class='ocrx_word' id='word_1_235' title='bbox 608 3018 668 3059; x_wconf 88' lang='lat' dir='ltr'>ram,</span> <span class='ocrx_word' id='word_1_236' title='bbox 679 3003 845 3051; x_wconf 90' lang='lat' dir='ltr'>introduceret.</span> <span class='ocrx_word' id='word_1_237' title='bbox 880 3003 944 3052; x_wconf 90' lang='lat' dir='ltr'>Hinc</span> <span class='ocrx_word' id='word_1_238' title='bbox 960 3014 1110 3068; x_wconf 86' lang='lat' dir='ltr'>magnustu·</span> 
     </span>
     <span class='ocr_line' id='line_1_29' title="bbox 59 3075 1108 3144; baseline 0.001 -20"><span class='ocrx_word' id='word_1_239' title='bbox 59 3084 145 3125; x_wconf 85' lang='lat' dir='ltr'>testem</span> <span class='ocrx_word' id='word_1_240' title='bbox 156 3075 261 3132; x_wconf 87' lang='lat' dir='ltr'>lecisset,</span> <span class='ocrx_word' id='word_1_241' title='bbox 274 3076 352 3124; x_wconf 90' lang='lat' dir='ltr'>oleam</span> <span class='ocrx_word' id='word_1_242' title='bbox 361 3077 461 3140; x_wconf 86' lang='lat' dir='ltr'>plantat.</span> <span class='ocrx_word' id='word_1_243' title='bbox 484 3077 561 3126; x_wconf 89' lang='lat' dir='ltr'>Litem</span> <span class='ocrx_word' id='word_1_244' title='bbox 610 3078 705 3132; x_wconf 89' lang='lat' dir='ltr'>multus,</span> <span class='ocrx_word' id='word_1_245' title='bbox 717 3093 788 3141; x_wconf 90' lang='lat' dir='ltr'>quem</span> <span class='ocrx_word' id='word_1_246' title='bbox 799 3076 833 3125; x_wconf 92' lang='lat' dir='ltr'>ita</span> <span class='ocrx_word' id='word_1_247' title='bbox 843 3077 983 3142; x_wconf 88' lang='lat' dir='ltr'>composuit,</span> <span class='ocrx_word' id='word_1_248' title='bbox 996 3086 1023 3127; x_wconf 90' lang='lat' dir='ltr'>ut</span> <span class='ocrx_word' id='word_1_249' title='bbox 1034 3079 1108 3144; x_wconf 81' lang='lat' dir='ltr'>pluri-</span> 
     </span>
     <span class='ocr_line' id='line_1_30' title="bbox 60 3148 1108 3215; baseline 0.005 -17"><span class='ocrx_word' id='word_1_250' title='bbox 60 3148 116 3198; x_wconf 90' lang='lat' dir='ltr'>inde</span> <span class='ocrx_word' id='word_1_251' title='bbox 139 3149 168 3198; x_wconf 92' lang='lat' dir='ltr'>de</span> <span class='ocrx_word' id='word_1_252' title='bbox 187 3157 249 3197; x_wconf 89' lang='lat' dir='ltr'>terra</span> <span class='ocrx_word' id='word_1_253' title='bbox 265 3149 407 3214; x_wconf 89' lang='lat' dir='ltr'>possidenda</span> <span class='ocrx_word' id='word_1_254' title='bbox 424 3158 499 3198; x_wconf 90' lang='lat' dir='ltr'>ortam</span> <span class='ocrx_word' id='word_1_255' title='bbox 519 3150 560 3215; x_wconf 91' lang='lat' dir='ltr'>qui</span> <span class='ocrx_word' id='word_1_256' title='bbox 610 3167 669 3208; x_wconf 90' lang='lat' dir='ltr'>mos,</span> <span class='ocrx_word' id='word_1_257' title='bbox 680 3151 790 3200; x_wconf 89' lang='lat' dir='ltr'>mulieres</span> <span class='ocrx_word' id='word_1_258' title='bbox 800 3151 824 3199; x_wconf 93' lang='lat' dir='ltr'>in</span> <span class='ocrx_word' id='word_1_259' title='bbox 840 3151 929 3215; x_wconf 90' lang='lat' dir='ltr'>primis,</span> <span class='ocrx_word' id='word_1_260' title='bbox 941 3152 1043 3200; x_wconf 90' lang='lat' dir='ltr'>insuam</span> <span class='ocrx_word' id='word_1_261' title='bbox 1054 3169 1108 3202; x_wconf 90' lang='lat' dir='ltr'>sen·</span> 
     </span>
     <span class='ocr_line' id='line_1_31' title="bbox 59 3223 1109 3288; baseline 0.004 -17"><span class='ocrx_word' id='word_1_262' title='bbox 59 3223 203 3278; x_wconf 87' lang='lat' dir='ltr'>dirimerent,</span> <span class='ocrx_word' id='word_1_263' title='bbox 214 3223 308 3287; x_wconf 87' lang='lat' dir='ltr'>Jupiter</span> <span class='ocrx_word' id='word_1_264' title='bbox 322 3223 445 3272; x_wconf 88' lang='lat' dir='ltr'>duodecim</span> <span class='ocrx_word' id='word_1_265' title='bbox 462 3239 560 3288; x_wconf 88' lang='lat' dir='ltr'>magnos</span> <span class='ocrx_word' id='word_1_266' title='bbox 609 3226 708 3274; x_wconf 87' lang='lat' dir='ltr'>tentiam</span> <span class='ocrx_word' id='word_1_267' title='bbox 724 3226 835 3276; x_wconf 87' lang='lat' dir='ltr'>traheret.</span> <span class='ocrx_word' id='word_1_268' title='bbox 859 3226 898 3274; x_wconf 87' lang='lat' dir='ltr'>Sic</span> <span class='ocrx_word' id='word_1_269' title='bbox 914 3226 973 3275; x_wconf 90' lang='lat' dir='ltr'>vicit</span> <span class='ocrx_word' id='word_1_270' title='bbox 989 3225 1042 3275; x_wconf 90' lang='lat' dir='ltr'>olea</span> <span class='ocrx_word' id='word_1_271' title='bbox 1058 3228 1109 3275; x_wconf 89' lang='lat' dir='ltr'>Mi-</span> 
     </span>
     <span class='ocr_line' id='line_1_32' title="bbox 61 3295 1109 3363; baseline 0.004 -18"><span class='ocrx_word' id='word_1_272' title='bbox 61 3298 125 3345; x_wconf 91' lang='lat' dir='ltr'>Deos</span> <span class='ocrx_word' id='word_1_273' title='bbox 140 3296 233 3361; x_wconf 89' lang='lat' dir='ltr'>judices</span> <span class='ocrx_word' id='word_1_274' title='bbox 247 3295 377 3354; x_wconf 89' lang='lat' dir='ltr'>constituit,</span> <span class='ocrx_word' id='word_1_275' title='bbox 391 3298 432 3362; x_wconf 94' lang='lat' dir='ltr'>qui</span> <span class='ocrx_word' id='word_1_276' title='bbox 448 3297 560 3362; x_wconf 87' lang='lat' dir='ltr'>Cecropis</span> <span class='ocrx_word' id='word_1_277' title='bbox 609 3313 696 3347; x_wconf 81' lang='lat' dir='ltr'>nervae.</span> <span class='ocrx_word' id='word_1_278' title='bbox 722 3299 809 3348; x_wconf 83' lang='lat' dir='ltr'>Confer</span> <span class='ocrx_word' id='word_1_279' title='bbox 829 3299 928 3363; x_wconf 85' lang='lat' dir='ltr'>Goguet.</span> <span class='ocrx_word' id='word_1_280' title='bbox 946 3298 970 3347; x_wconf 95' lang='lat' dir='ltr'>d.</span> <span class='ocrx_word' id='word_1_281' title='bbox 980 3298 1000 3347; x_wconf 91' lang='lat' dir='ltr'>l.</span> <span class='ocrx_word' id='word_1_282' title='bbox 1016 3315 1040 3363; x_wconf 91' lang='lat' dir='ltr'>p.</span> <span class='ocrx_word' id='word_1_283' title='bbox 1054 3300 1109 3351; x_wconf 84' lang='lat'>169.</span> 
     </span>
     <span class='ocr_line' id='line_1_33' title="bbox 59 3370 1109 3428; baseline 0.003 -10"><span class='ocrx_word' id='word_1_284' title='bbox 59 3370 314 3424; x_wconf 85' lang='lat' dir='ltr'>testimoniocommoti</span> <span class='ocrx_word' id='word_1_285' title='bbox 327 3371 456 3420; x_wconf 90' lang='lat' dir='ltr'>secundum</span> <span class='ocrx_word' id='word_1_286' title='bbox 468 3373 558 3420; x_wconf 87' lang='lat' dir='ltr'>Miner·</span> <span class='ocrx_word' id='word_1_287' title='bbox 609 3371 645 3420; x_wconf 85' lang='lat' dir='ltr'>Ea</span> <span class='ocrx_word' id='word_1_288' title='bbox 658 3372 703 3420; x_wconf 87' lang='lat' dir='ltr'>luit</span> <span class='ocrx_word' id='word_1_289' title='bbox 715 3372 833 3420; x_wconf 86' lang='lat' dir='ltr'>sententia</span> <span class='ocrx_word' id='word_1_290' title='bbox 848 3373 877 3421; x_wconf 90' lang='lat' dir='ltr'>P.</span> <span class='ocrx_word' id='word_1_291' title='bbox 888 3372 1045 3428; x_wconf 81' lang='lat' dir='ltr'>Tonrnemine,</span> <span class='ocrx_word' id='word_1_292' title='bbox 1056 3372 1109 3421; x_wconf 77' lang='lat' dir='ltr'>Me·</span> 
     </span>
     <span class='ocr_line' id='line_1_34' title="bbox 58 3443 1042 3508; baseline 0 -15"><span class='ocrx_word' id='word_1_293' title='bbox 58 3459 115 3493; x_wconf 86' lang='lat' dir='ltr'>vam</span> <span class='ocrx_word' id='word_1_294' title='bbox 125 3443 316 3508; x_wconf 72' lang='lat' dir='ltr'>pronuntiarunt.</span> <span class='ocrx_word' id='word_1_295' title='bbox 349 3445 385 3492; x_wconf 89' lang='lat' dir='ltr'>Ea</span> <span class='ocrx_word' id='word_1_296' title='bbox 395 3443 455 3492; x_wconf 90' lang='lat' dir='ltr'>ratio</span> <span class='ocrx_word' id='word_1_297' title='bbox 465 3444 559 3507; x_wconf 87' lang='lat' dir='ltr'>Heynio</span> <span class='ocrx_word' id='word_1_298' title='bbox 608 3447 724 3492; x_wconf 82' lang='lat' dir='ltr'>moiresde</span> <span class='ocrx_word' id='word_1_299' title='bbox 737 3445 957 3501; x_wconf 55' lang='lat' dir='ltr'>Trennndanvnr</span> <span class='ocrx_word' id='word_1_300' title='bbox 970 3445 1042 3493; x_wconf 83' lang='lat'>1708.</span> 
     </span>
     <span class='ocr_line' id='line_1_35' title="bbox 59 3516 1106 3582; baseline 0.001 -17"><span class='ocrx_word' id='word_1_301' title='bbox 59 3533 107 3581; x_wconf 82' lang='lat' dir='ltr'>pne</span> <span class='ocrx_word' id='word_1_302' title='bbox 118 3516 210 3564; x_wconf 75' lang='lat' dir='ltr'>ceteris</span> <span class='ocrx_word' id='word_1_303' title='bbox 218 3516 306 3581; x_wconf 86' lang='lat' dir='ltr'>placet,</span> <span class='ocrx_word' id='word_1_304' title='bbox 315 3516 373 3580; x_wconf 89' lang='lat' dir='ltr'>quia</span> <span class='ocrx_word' id='word_1_305' title='bbox 382 3517 450 3565; x_wconf 87' lang='lat' dir='ltr'>valde</span> <span class='ocrx_word' id='word_1_306' title='bbox 461 3516 559 3580; x_wconf 85' lang='lat' dir='ltr'>antiqua</span> <span class='ocrx_word' id='word_1_307' title='bbox 641 3520 681 3566; x_wconf 82' lang='lat'>7³.</span> <span class='ocrx_word' id='word_1_308' title='bbox 697 3521 803 3582; x_wconf 81' lang='lat' dir='ltr'>Angusto</span> <span class='ocrx_word' id='word_1_309' title='bbox 811 3521 923 3582; x_wconf 80' lang='lat' dir='ltr'>grauitas,</span> <span class='ocrx_word' id='word_1_310' title='bbox 932 3517 1012 3566; x_wconf 89' lang='lat' dir='ltr'>divina</span> <span class='ocrx_word' id='word_1_311' title='bbox 1020 3517 1106 3582; x_wconf 84' lang='lat' dir='ltr'>majes-</span> 
     </span>
     <span class='ocr_line' id='line_1_36' title="bbox 55 3589 1108 3659; baseline 0.002 -21"><span class='ocrx_word' id='word_1_312' title='bbox 55 3589 118 3655; x_wconf 85' lang='lat' dir='ltr'>juris</span> <span class='ocrx_word' id='word_1_313' title='bbox 135 3590 168 3638; x_wconf 87' lang='lat' dir='ltr'>rei</span> <span class='ocrx_word' id='word_1_314' title='bbox 189 3589 340 3654; x_wconf 75' lang='lat' dir='ltr'>acquirendae</span> <span class='ocrx_word' id='word_1_315' title='bbox 360 3591 458 3655; x_wconf 86' lang='lat' dir='ltr'>vestigia</span> <span class='ocrx_word' id='word_1_316' title='bbox 478 3591 558 3659; x_wconf 81' lang='lat' dir='ltr'>habet.</span> <span class='ocrx_word' id='word_1_317' title='bbox 608 3601 652 3642; x_wconf 88' lang='lat' dir='ltr'>tas.</span> <span class='ocrx_word' id='word_1_318' title='bbox 675 3593 770 3655; x_wconf 89' lang='lat' dir='ltr'>Nempe</span> <span class='ocrx_word' id='word_1_319' title='bbox 778 3595 882 3655; x_wconf 79' lang='lat' dir='ltr'>gravitas</span> <span class='ocrx_word' id='word_1_320' title='bbox 889 3590 1011 3655; x_wconf 87' lang='lat' dir='ltr'>judicibus</span> <span class='ocrx_word' id='word_1_321' title='bbox 1022 3605 1108 3640; x_wconf 86' lang='lat' dir='ltr'>conve·</span> 
     </span>
     <span class='ocr_line' id='line_1_37' title="bbox 58 3662 1108 3729; baseline 0.002 -18"><span class='ocrx_word' id='word_1_322' title='bbox 58 3663 193 3712; x_wconf 88' lang='lat' dir='ltr'>SedPaulo</span> <span class='ocrx_word' id='word_1_323' title='bbox 201 3664 350 3712; x_wconf 87' lang='lat' dir='ltr'>aliterVarro</span> <span class='ocrx_word' id='word_1_324' title='bbox 358 3665 422 3729; x_wconf 90' lang='lat' dir='ltr'>apud</span> <span class='ocrx_word' id='word_1_325' title='bbox 431 3664 559 3729; x_wconf 85' lang='lat' dir='ltr'>Augustin.</span> <span class='ocrx_word' id='word_1_326' title='bbox 608 3665 651 3714; x_wconf 90' lang='lat' dir='ltr'>nit.</span> <span class='ocrx_word' id='word_1_327' title='bbox 685 3665 802 3720; x_wconf 77' lang='lat' dir='ltr'>inscribit,</span> <span class='ocrx_word' id='word_1_328' title='bbox 820 3674 902 3713; x_wconf 90' lang='lat' dir='ltr'>notum</span> <span class='ocrx_word' id='word_1_329' title='bbox 920 3662 986 3720; x_wconf 84' lang='lat' dir='ltr'>lacit,</span> <span class='ocrx_word' id='word_1_330' title='bbox 1000 3662 1108 3713; x_wconf 87' lang='lat' dir='ltr'>declarat</span> 
     </span>
     <span class='ocr_line' id='line_1_38' title="bbox 57 3736 1108 3805; baseline -0.002 -19"><span class='ocrx_word' id='word_1_331' title='bbox 57 3737 89 3786; x_wconf 90' lang='lat' dir='ltr'>de</span> <span class='ocrx_word' id='word_1_332' title='bbox 101 3736 157 3786; x_wconf 83' lang='lat' dir='ltr'>etv.</span> <span class='ocrx_word' id='word_1_333' title='bbox 168 3737 227 3793; x_wconf 88' lang='lat' dir='ltr'>Dei,</span> <span class='ocrx_word' id='word_1_334' title='bbox 236 3736 302 3786; x_wconf 83' lang='lat' dir='ltr'>xviii.</span> <span class='ocrx_word' id='word_1_335' title='bbox 311 3740 335 3786; x_wconf 88' lang='lat'>9.</span> <span class='ocrx_word' id='word_1_336' title='bbox 346 3754 395 3786; x_wconf 87' lang='lat' dir='ltr'>rem</span> <span class='ocrx_word' id='word_1_337' title='bbox 405 3739 484 3795; x_wconf 83' lang='lat' dir='ltr'>refert,</span> <span class='ocrx_word' id='word_1_338' title='bbox 492 3739 559 3803; x_wconf 84' lang='lat' dir='ltr'>cujus</span> <span class='ocrx_word' id='word_1_339' title='bbox 609 3739 662 3805; x_wconf 89' lang='lat' dir='ltr'>quis</span> <span class='ocrx_word' id='word_1_340' title='bbox 672 3738 718 3798; x_wconf 89' lang='lat' dir='ltr'>sit;</span> <span class='ocrx_word' id='word_1_341' title='bbox 735 3737 832 3785; x_wconf 88' lang='lat' dir='ltr'>ductum</span> <span class='ocrx_word' id='word_1_342' title='bbox 844 3736 881 3784; x_wconf 91' lang='lat' dir='ltr'>vel</span> <span class='ocrx_word' id='word_1_343' title='bbox 894 3752 908 3786; x_wconf 87' lang='lat' dir='ltr'>a</span> <span class='ocrx_word' id='word_1_344' title='bbox 919 3736 994 3785; x_wconf 88' lang='lat' dir='ltr'>titulis</span> <span class='ocrx_word' id='word_1_345' title='bbox 1009 3736 1108 3785; x_wconf 75' lang='lat' dir='ltr'>edifici-</span> 
     </span>
     <span class='ocr_line' id='line_1_39' title="bbox 57 3809 1108 3877; baseline -0.002 -16"><span class='ocrx_word' id='word_1_346' title='bbox 57 3812 132 3861; x_wconf 86' lang='lat' dir='ltr'>verba</span> <span class='ocrx_word' id='word_1_347' title='bbox 150 3826 205 3861; x_wconf 86' lang='lat' dir='ltr'>curn</span> <span class='ocrx_word' id='word_1_348' title='bbox 224 3811 249 3860; x_wconf 92' lang='lat' dir='ltr'>h.</span> <span class='ocrx_word' id='word_1_349' title='bbox 264 3811 282 3860; x_wconf 90' lang='lat' dir='ltr'>l.</span> <span class='ocrx_word' id='word_1_350' title='bbox 297 3814 401 3861; x_wconf 79' lang='lat' dir='ltr'>conferre</span> <span class='ocrx_word' id='word_1_351' title='bbox 414 3813 496 3877; x_wconf 88' lang='lat' dir='ltr'>juvat:</span> <span class='ocrx_word' id='word_1_352' title='bbox 518 3814 559 3861; x_wconf 86' lang='lat' dir='ltr'>Ce-</span> <span class='ocrx_word' id='word_1_353' title='bbox 609 3830 683 3869; x_wconf 90' lang='lat' dir='ltr'>orum,</span> <span class='ocrx_word' id='word_1_354' title='bbox 694 3811 732 3861; x_wconf 91' lang='lat' dir='ltr'>vel</span> <span class='ocrx_word' id='word_1_355' title='bbox 742 3811 820 3875; x_wconf 86' lang='lat' dir='ltr'>potius</span> <span class='ocrx_word' id='word_1_356' title='bbox 832 3812 861 3858; x_wconf 88' lang='lat' dir='ltr'>ab</span> <span class='ocrx_word' id='word_1_357' title='bbox 878 3809 1072 3875; x_wconf 90' lang='lat' dir='ltr'>inscriptionibus</span> <span class='ocrx_word' id='word_1_358' title='bbox 1082 3811 1108 3859; x_wconf 93' lang='lat' dir='ltr'>in</span> 
     </span>
     <span class='ocr_line' id='line_1_40' title="bbox 57 3882 1107 3956; baseline -0.001 -22"><span class='ocrx_word' id='word_1_359' title='bbox 57 3902 123 3947; x_wconf 83' lang='lat' dir='ltr'>crepe</span> <span class='ocrx_word' id='word_1_360' title='bbox 131 3895 250 3950; x_wconf 83' lang='lat' dir='ltr'>regnante,</span> <span class='ocrx_word' id='word_1_361' title='bbox 257 3903 327 3948; x_wconf 82' lang='lat' dir='ltr'>quum</span> <span class='ocrx_word' id='word_1_362' title='bbox 337 3889 398 3935; x_wconf 83' lang='lat' dir='ltr'>eirea</span> <span class='ocrx_word' id='word_1_363' title='bbox 405 3903 480 3934; x_wconf 84' lang='lat' dir='ltr'>arcent</span> <span class='ocrx_word' id='word_1_364' title='bbox 489 3888 558 3935; x_wconf 79' lang='lat' dir='ltr'>Atbe·</span> <span class='ocrx_word' id='word_1_365' title='bbox 608 3897 702 3956; x_wconf 89' lang='lat' dir='ltr'>pectore</span> <span class='ocrx_word' id='word_1_366' title='bbox 708 3885 834 3941; x_wconf 85' lang='lat' dir='ltr'>venalium,</span> <span class='ocrx_word' id='word_1_367' title='bbox 841 3885 926 3948; x_wconf 91' lang='lat' dir='ltr'>quibus</span> <span class='ocrx_word' id='word_1_368' title='bbox 934 3882 1107 3943; x_wconf 85' lang='lat' dir='ltr'>declarabatur,</span> 
     </span>
     <span class='ocr_line' id='line_1_41' title="bbox 56 3957 1108 4028; baseline -0.002 -20"><span class='ocrx_word' id='word_1_369' title='bbox 56 3961 215 4008; x_wconf 77' lang='lat' dir='ltr'>niensemolee</span> <span class='ocrx_word' id='word_1_370' title='bbox 225 3961 292 4006; x_wconf 78' lang='lat' dir='ltr'>arbor</span> <span class='ocrx_word' id='word_1_371' title='bbox 300 3959 367 4024; x_wconf 78' lang='lat' dir='ltr'>ferte</span> <span class='ocrx_word' id='word_1_372' title='bbox 382 3969 450 4008; x_wconf 84' lang='lat' dir='ltr'>enata</span> <span class='ocrx_word' id='word_1_373' title='bbox 464 3971 526 4018; x_wconf 80' lang='lat' dir='ltr'>esset,</span> <span class='ocrx_word' id='word_1_374' title='bbox 538 3971 560 4009; x_wconf 86' lang='lat' dir='ltr'>et</span> <span class='ocrx_word' id='word_1_375' title='bbox 609 3962 706 4028; x_wconf 87' lang='lat' dir='ltr'>quinam</span> <span class='ocrx_word' id='word_1_376' title='bbox 715 3966 799 4015; x_wconf 89' lang='lat' dir='ltr'>essent,</span> <span class='ocrx_word' id='word_1_377' title='bbox 808 3973 881 4022; x_wconf 89' lang='lat' dir='ltr'>quam</span> <span class='ocrx_word' id='word_1_378' title='bbox 890 3965 963 4006; x_wconf 88' lang='lat' dir='ltr'>artem</span> <span class='ocrx_word' id='word_1_379' title='bbox 972 3957 1108 4021; x_wconf 85' lang='lat' dir='ltr'>profiteren-</span> 
     </span>
     <span class='ocr_line' id='line_1_42' title="bbox 50 4031 1108 4100; baseline -0.003 -19"><span class='ocrx_word' id='word_1_380' title='bbox 50 4037 244 4096; x_wconf 79' lang='lat' dir='ltr'>jucteaquueum</span> <span class='ocrx_word' id='word_1_381' title='bbox 253 4038 560 4100; x_wconf 81' lang='lat' dir='ltr'>scaturigoemenuret,cen-</span> <span class='ocrx_word' id='word_1_382' title='bbox 609 4045 672 4085; x_wconf 82' lang='lat' dir='ltr'>tur..</span> <span class='ocrx_word' id='word_1_383' title='bbox 691 4034 731 4082; x_wconf 89' lang='lat' dir='ltr'>Sic</span> <span class='ocrx_word' id='word_1_384' title='bbox 754 4035 892 4082; x_wconf 79' lang='lat' dir='ltr'>literuterem</span> <span class='ocrx_word' id='word_1_385' title='bbox 913 4032 1007 4079; x_wconf 80' lang='lat' dir='ltr'>inscribi</span> <span class='ocrx_word' id='word_1_386' title='bbox 1024 4031 1108 4079; x_wconf 87' lang='lat' dir='ltr'>Sento·</span> 
     </span>
     <span class='ocr_line' id='line_1_43' title="bbox 56 4106 1107 4173; baseline -0.006 -18"><span class='ocrx_word' id='word_1_387' title='bbox 56 4110 144 4156; x_wconf 74' lang='lat' dir='ltr'>tultum</span> <span class='ocrx_word' id='word_1_388' title='bbox 152 4124 219 4169; x_wconf 83' lang='lat' dir='ltr'>super</span> <span class='ocrx_word' id='word_1_389' title='bbox 230 4109 270 4156; x_wconf 82' lang='lat' dir='ltr'>bue</span> <span class='ocrx_word' id='word_1_390' title='bbox 282 4109 354 4156; x_wconf 85' lang='lat' dir='ltr'>ueluti</span> <span class='ocrx_word' id='word_1_391' title='bbox 363 4110 467 4173; x_wconf 81' lang='lat' dir='ltr'>prodigio</span> <span class='ocrx_word' id='word_1_392' title='bbox 473 4110 560 4172; x_wconf 84' lang='lat' dir='ltr'>Apolli·</span> <span class='ocrx_word' id='word_1_393' title='bbox 611 4109 673 4167; x_wconf 89' lang='lat' dir='ltr'>nius,</span> <span class='ocrx_word' id='word_1_394' title='bbox 684 4108 724 4156; x_wconf 93' lang='lat' dir='ltr'>Ill.</span> <span class='ocrx_word' id='word_1_395' title='bbox 732 4108 813 4156; x_wconf 89' lang='lat' dir='ltr'>Gram.</span> <span class='ocrx_word' id='word_1_396' title='bbox 823 4106 848 4168; x_wconf 80' lang='lat'>4.</span> <span class='ocrx_word' id='word_1_397' title='bbox 869 4106 1031 4170; x_wconf 63' lang='lat' dir='ltr'>lingniacum</span> <span class='ocrx_word' id='word_1_398' title='bbox 1040 4119 1107 4172; x_wconf 62' lang='lat' dir='ltr'>scep,</span> 
     </span>
    </p>
   </div>
   <div class='ocr_carea' id='block_1_4' title="bbox 58 4179 798 4246">
    <p class='ocr_par' dir='ltr' id='par_1_6' title="bbox 58 4179 798 4246">
     <span class='ocr_line' id='line_1_44' title="bbox 58 4179 798 4246; baseline -0.001 -16"><span class='ocrx_word' id='word_1_399' title='bbox 58 4198 110 4230; x_wconf 83' lang='lat' dir='ltr'>nem</span> <span class='ocrx_word' id='word_1_400' title='bbox 127 4185 272 4246; x_wconf 73' lang='lat' dir='ltr'>respondisse,</span> <span class='ocrx_word' id='word_1_401' title='bbox 281 4199 323 4245; x_wconf 82' lang='lat' dir='ltr'>per</span> <span class='ocrx_word' id='word_1_402' title='bbox 340 4184 410 4232; x_wconf 84' lang='lat' dir='ltr'>oleum</span> <span class='ocrx_word' id='word_1_403' title='bbox 422 4183 561 4240; x_wconf 84' lang='lat' dir='ltr'>Mineruam,</span> <span class='ocrx_word' id='word_1_404' title='bbox 612 4191 648 4232; x_wconf 89' lang='lat' dir='ltr'>tro</span> <span class='ocrx_word' id='word_1_405' title='bbox 658 4190 682 4232; x_wconf 87' lang='lat' dir='ltr'>et</span> <span class='ocrx_word' id='word_1_406' title='bbox 691 4179 798 4229; x_wconf 82' lang='lat' dir='ltr'>fulmine.</span> 
     </span>
    </p>
   </div>
   <div class='ocr_carea' id='block_1_5' title="bbox 0 0 1410 5010">
    <p class='ocr_par' dir='ltr' id='par_1_7' title="bbox 0 0 1410 5010">
     <span class='ocr_line' id='line_1_45' title="bbox 0 0 1410 5010; baseline 0 2"><span class='ocrx_word' id='word_1_407' title='bbox 0 0 1410 5010; x_wconf 95' lang='lat' dir='ltr'> </span> 
     </span>
    </p>
   </div>
  </div>
 </body>
</html>
