2812 5010
301 321 345 399 n·
742 329 936 434 smum¹

306 507 384 580 Quo
399 505 485 569 facto
505 489 630 567 sorores
645 502 724 586 ipsae
738 502 772 564 in
786 502 1032 587 vespertiliones,
1043 526 1217 590 earumque
1231 506 1304 575 telae
1314 510 1348 572 in

305 628 397 691 uitem
412 623 645 688 transformatae
660 630 744 685 sunt.
790 621 864 685 Hac
879 621 920 685 de
935 644 971 685 re
985 645 1085 706 quum
1099 624 1158 688 Ino
1172 624 1347 703 laetaretur,

304 744 405 818 ¹«luno,
425 752 458 807 et
476 739 622 804 invidens
645 748 678 802 et
696 737 877 821 indignans,
897 736 1028 803 Furiam
1049 741 1079 803 ei
1098 741 1236 820 immisit,
1255 745 1348 828 cujus

304 883 427 925 veneno
442 860 475 921 in
488 858 641 924 insaniam
655 878 747 920 versa
761 878 834 919 cum
849 857 1021 922 Melicerta
1037 858 1103 924 filio
1120 861 1154 922 in
1171 883 1258 926 mare
1273 885 1349 947 pro-

305 979 406 1056 siluit;
430 978 499 1053 sed,
514 975 644 1039 Venere
664 975 895 1050 intercedente,
911 976 1006 1039 ambo
1023 976 1100 1040 facti
1117 989 1191 1040 sunt
1205 979 1268 1045 Dii
1282 1003 1350 1042 ma-

302 1097 375 1162 rini.
414 1094 507 1167 Quos
528 1093 605 1156 dum
628 1092 754 1154 comites
775 1091 915 1156 Sidonica
932 1115 992 1178 pro
1010 1096 1142 1159 mortuis
1163 1094 1345 1180 deplorant,

302 1216 337 1278 in
352 1235 437 1277 suaa
458 1221 491 1275 et
506 1211 647 1274 uolucres
663 1218 836 1272 mutantur.
879 1209 1016 1274 Cadmus
1031 1234 1171 1297 quoque,
1186 1213 1248 1279 hac
1263 1213 1347 1277 cala-

302 1332 411 1397 mitate
434 1338 620 1404 commotus,
639 1325 760 1390 relictis
781 1326 918 1406 Thebis,
937 1329 970 1391 in
989 1328 1130 1414 Illyriam
1149 1353 1222 1396 cum
1242 1354 1346 1396 uxore

300 1448 465 1536 profectus
494 1456 554 1519 est,
580 1444 636 1507 ubi
661 1454 797 1527 uterque
826 1447 1016 1532 anguinearn
1034 1449 1178 1532 sormam
1205 1450 1342 1534 accepit.
1374 1490 1376 1493 .

251 1552 253 1555 ⁵
302 1567 397 1632 Solus
422 1588 501 1650 ergo
524 1565 667 1628 restabat
695 1564 737 1628 de
761 1563 884 1628 Bacchi
909 1568 1160 1631 contemtoribus
1185 1567 1342 1644 Acrisius,

301 1708 379 1750 avus
394 1683 517 1758 Persei,
538 1683 594 1765 qui
614 1681 776 1768 Gorgonis
793 1694 892 1767 caput
914 1686 1100 1768 amputavit,
1119 1707 1137 1748 e
1160 1686 1251 1770 cujus
1272 1707 1344 1748 san·

301 1807 409 1892 guina,
424 1803 573 1888 guttatim
592 1802 625 1865 in
642 1813 759 1866 terram
779 1803 923 1887 delapso,
937 1826 1058 1890 angues
1073 1805 1177 1868 exorti
1192 1814 1285 1880 sunt;
1310 1813 1343 1866 et

300 1925 460 1988 Atlantem
479 1922 513 1984 in
531 1930 682 1996 montem,
697 1920 868 2006 uirgasque
881 1931 956 2004 post
969 1919 1212 1984 Andromedam
1226 1920 1344 1984 libera-

198 2101 201 2107 .
299 2053 365 2106 tam
373 2042 407 2104 in
416 2040 537 2104 caralia
546 2039 714 2114 convertit,
722 2036 964 2103 Andromedam
972 2050 1079 2103 autem
1090 2061 1224 2103 uxorem
1235 2039 1340 2102 duxit.

343 2159 417 2223 Lib.
434 2158 477 2222 V.
503 2157 586 2222 Orto
611 2157 727 2221 deinde
746 2157 780 2220 in
799 2158 918 2242 nuptiis
936 2157 1084 2235 tumultu,
1101 2159 1264 2233 Phineum,
1285 2158 1341 2242 qui

299 2300 449 2365 sponsam
469 2277 529 2340 sibi
543 2276 736 2352 vindicabat,
752 2298 826 2340 cum
846 2279 921 2353 suis,
943 2288 977 2341 et
995 2300 1070 2341 mox
1088 2278 1183 2340 etiam
1198 2277 1341 2340 Proetum

298 2407 331 2461 et
345 2395 539 2480 Polydecten
561 2416 673 2457 saxeos
692 2394 810 2457 reddit.
849 2392 936 2457 Tum
950 2395 1075 2470 Pallas,
1091 2417 1164 2479 quae
1184 2394 1340 2459 hactenus

297 2514 410 2579 Persei
428 2535 533 2577 comes
555 2512 671 2588 fuerat,
689 2534 736 2593 eo,
747 2511 872 2587 relicto,
887 2513 921 2575 in
938 2511 1128 2577 Heliconem
1149 2535 1183 2576 se
1203 2513 1338 2590 confert,

297 2642 334 2695 ut
344 2632 572 2717 Hippocrenen
586 2631 742 2714 inspiciat.
776 2631 827 2694 Ibi
838 2641 969 2694 narrant
979 2632 1009 2694 ei
1022 2630 1128 2694 Musae
1139 2632 1180 2695 de
1192 2633 1339 2717 Pyrenea

297 2760 330 2813 et
344 2749 527 2812 Pieridibus
544 2749 578 2811 in
589 2749 687 2832 picas
701 2750 872 2824 conversis
888 2759 1060 2833 postquam
1078 2760 1175 2813 cantu
1193 2751 1340 2814 instituto

296 2865 372 2951 hinc
387 2866 428 2929 de
442 2866 536 2928 variis
545 2866 689 2929 Deorum
703 2867 1032 2953 transformationibus
1042 2868 1075 2930 in
1086 2865 1244 2943 animalia,
1253 2865 1339 2931 illinc

298 2985 339 3048 de
358 2992 454 3067 raptu
469 2982 683 3068 Proserpinae,
700 2983 741 3046 de
764 2983 890 3046 Cereris
911 2959 1081 3060 erroribus,
1097 2985 1138 3048 de
1162 2985 1288 3070 Cyanes
1306 2987 1340 3048 in

286 3102 423 3185 fontem,
431 3101 529 3185 pueri
540 3100 707 3184 cujusdam
717 3101 749 3161 in
761 3100 941 3175 stellionem,
951 3099 1128 3185 Ascalrplri
1137 3102 1169 3163 in
1180 3102 1340 3179 bubonem,

298 3221 452 3294 Sirenum,
469 3220 694 3304 Proserpinam
710 3220 931 3303 quaerentium,
947 3221 979 3282 in
993 3241 1069 3282 anes
1083 3223 1124 3282 e'x
1139 3229 1242 3303 parte,
1258 3218 1341 3282 Are·

297 3339 396 3402 tlusce
416 3339 450 3401 in
471 3339 593 3415 latices,
611 3338 715 3424 Lrjnci
735 3340 873 3423 denique
894 3339 978 3422 regis
994 3339 1027 3400 in
1047 3339 1142 3421 lynca
1158 3337 1341 3400 mutationi-

296 3457 369 3532 bus,
386 3466 482 3540 atque
503 3456 688 3541 Triptolemi
702 3454 899 3539 agricultura
913 3457 996 3520 inter
1011 3477 1045 3519 se
1060 3467 1269 3519 certaverant.

342 3572 416 3637 Lib.
433 3572 494 3638 VI.
519 3573 596 3647 Quo
615 3575 763 3659 exemplo
781 3588 867 3640 mota
882 3575 989 3640 Pallas
1004 3576 1045 3639 de
1060 3574 1226 3638 Arachnes
1240 3576 1339 3653 exitio
1359 3596 1363 3601 ·

295 3691 455 3774 cogitavit.
501 3690 615 3774 Itaque
640 3692 719 3755 inito
741 3714 814 3756 cum
836 3716 874 3757 ea
896 3693 1028 3757 texendi
1049 3692 1232 3768 certamine,
1250 3702 1339 3776 post-

296 3831 393 3892 quam
406 3809 574 3892 utriusque
586 3806 650 3872 tela
661 3809 770 3873 carias
783 3809 1075 3893 transformationes
1086 3810 1338 3893 repraesentavit,

295 3925 397 4008 ipsam
411 3926 444 3988 in
458 3948 609 3989 araneam
622 3927 765 3990 mutavit.
797 3927 917 4011 Neque
931 3937 1038 3991 tamen
1050 3928 1158 4006 Niobe
1173 3926 1338 4012 popularis

295 4043 393 4128 hujus
410 4064 508 4127 poena
528 4044 691 4108 admonita
709 4055 769 4121 est,
784 4067 849 4128 quo
869 4045 973 4108 minus
993 4067 1027 4109 se
1046 4044 1181 4109 Latonae
1203 4045 1337 4129 praefer-

293 4171 368 4252 ret33
383 4163 426 4226 ob
446 4184 542 4246 quam
562 4162 724 4240 ferociam,
741 4162 917 4229 interfectis
931 4165 980 4250 ¹sb
1002 4162 1154 4249 Apolline
1175 4174 1208 4228 et
1228 4163 1338 4227 Diana
