2812 5010
371 331 842 401 METAMORPHOSEON
865 332 956 403 LIB.
980 337 1024 403 V.
1156 337 1222 404 369

175 509 260 583 Nec
277 532 363 584 mea
379 532 440 584 me
457 509 573 584 facies
591 508 748 582 nimium
765 503 918 586 laudata
931 511 1108 610 juvabat;

175 626 339 725 Quaque
356 626 437 702 aliae
455 629 619 724 gaudere
636 629 772 717 solent,
792 654 862 726 ego
875 630 1016 704 rustica
1033 631 1121 704 dote

176 743 355 842 Corporis
373 744 517 833 erubui,
537 744 755 842 crimenque
772 746 922 844 placere
937 747 1078 844 putavi.

175 857 294 933 Lassa
309 860 533 949 revertebar,
550 860 718 948 memini,
735 861 1002 960 Stymphalide
1020 863 1113 937 silva
1125 888 1133 937 :
1147 866 1221 936 585

174 975 304 1050 AEstus
318 986 410 1066 erat,
419 1001 675 1075 magnumque
685 978 792 1052 labor
803 966 1055 1075 geminaverat
1065 988 1200 1052 aestum
1208 1007 1218 1068 ;

174 1090 332 1167 Invenio
350 1093 430 1167 sine
442 1093 583 1167 vortice
601 1116 732 1190 aquaS,
752 1094 832 1168 sine
850 1118 1039 1168 murmure
1056 1104 1203 1182 eunteS,

176 1207 403 1307 Perspicuas
421 1211 509 1297 imo,
528 1235 596 1308 per
614 1234 709 1308 quas
727 1209 971 1284 numerabilis
988 1211 1065 1284 alte

177 1323 358 1401 Calculus
376 1326 497 1399 omnis
511 1335 612 1414 erat3
639 1349 733 1423 quas
751 1335 793 1399 tu
809 1326 873 1399 vix
890 1326 944 1399 ire
961 1335 1126 1424 putares.

177 1439 285 1513 Caua
301 1441 434 1515 salicta
443 1442 597 1529 dabant,
610 1441 827 1539 nutritaque
839 1443 1002 1540 populus
1016 1443 1128 1528 unda,
1147 1445 1220 1515 590

177 1555 321 1654 Sponte
339 1582 409 1631 sua
425 1569 531 1632 natas
551 1558 641 1657 ripis
659 1557 867 1632 declivibus
886 1559 1050 1632 umbrae.

174 1672 345 1760 Accessi,
364 1675 600 1773 primumque
617 1675 725 1774 pedis
743 1676 902 1772 vestigia
919 1675 1037 1764 tinxi;

174 1787 327 1888 Poplite
338 1791 474 1866 deinde
485 1800 616 1867 tenus:
634 1817 759 1890 neque
769 1817 815 1866 eo
828 1802 1017 1879 contenta,
1030 1791 1218 1886 recingor3

174 1902 385 2004 Molliaque
402 1907 555 2006 impono
574 1908 678 1982 salici
696 1909 882 1982 velamina
899 1932 1020 1982 curvae
1035 1935 1045 1996 ;
1129 1909 1221 2003 [que

174 2016 366 2119 Nudaque
378 2022 525 2119 mergor
536 2026 666 2122 aquis:
688 2050 783 2124 quas
802 2026 892 2099 dum
909 2024 1078 2122 ferioque
1095 2023 1219 2096 traho-

174 2134 285 2212 Mille
301 2139 423 2213 modis
437 2140 581 2228 labens,
597 2134 835 2239 excussaque
852 2139 1006 2215 brachia
1017 2143 1133 2237 jacto,
1147 2142 1219 2211 596

207 2397 265 2446 582.
281 2396 390 2456 Juoabot,
405 2391 505 2448 laetabar
515 2410 540 2448 et
552 2402 672 2467 superbie·

173 2471 232 2520 bam
253 2471 324 2522 facie.
363 2474 470 2530 Rustica,
488 2474 580 2525 scilicet
601 2492 673 2526 vcna-

173 2545 229 2593 trix.
261 2545 376 2611 Simplex,
385 2547 493 2612 neglecto
507 2550 586 2597 sormae
598 2550 672 2608 cultu,

174 2617 241 2683 quod
258 2618 311 2667 alla
326 2618 371 2668 sibi
386 2620 476 2678 honori,
490 2621 535 2671 lroc
552 2622 611 2670 milri
627 2622 672 2671 cri·

172 2690 234 2741 mirri
246 2691 313 2751 duxi,
331 2702 357 2742 ut
368 2693 475 2754 formam,
486 2712 534 2762 qus
544 2696 672 2762 placerem,
686 2707 696 2731 ⁵·

175 2773 314 2816 astruerem.

208 2841 265 2889 585.
281 2841 437 2904 Stymphalide
450 2843 528 2906 silva]
546 2845 673 2910 Stympha-

175 2913 221 2970 lus,
239 2914 351 2964 Arcadia
371 2917 396 2966 in
417 2917 589 2983 Peloponneso,
607 2934 674 2968 mous

175 2989 322 3038 esteturbs.
655 2995 656 2999 ’

208 3063 267 3111 537.
282 3064 368 3126 Aquas,
385 3068 433 3114 siae
448 3082 584 3124 marmium
601 3065 673 3118 etiam

178 3136 319 3194 Pausanias,
335 3156 359 3204 p.
374 3141 430 3188 390.
446 3140 476 3188 de
494 3140 583 3205 Alphei
602 3156 672 3205 aqua,

175 3209 253 3261 dovr:
269 3209 377 3271 ἥδιστον.
409 3213 476 3262 Talis
493 3213 565 3277 igitur
577 3224 636 3272 erat,
647 3224 674 3264 ut

176 3284 346 3333 adlevandum
353 3286 472 3336 invitaret.
501 3287 570 3337 Cous.
581 3287 672 3348 ii.455;

174 3359 211 3408 iii.
230 3360 274 3408 161
284 3377 291 3419 ς
308 3360 340 3409 lv.
356 3361 414 3409 297.
449 3363 559 3410 Murmur
579 3363 604 3411 in
622 3361 673 3411 rivo

176 3432 273 3498 quidem
288 3433 435 3500 suavisnou
448 3434 505 3483 item
517 3436 542 3483 in
555 3436 626 3484 fluvio
638 3437 672 3484 la·

175 3505 297 3555 vantibus.
331 3508 379 3566 Ire,
397 3509 478 3566 fluere,
498 3510 556 3559 labi.
581 3510 672 3571 Perspi-

176 3597 231 3629 euos
242 3584 296 3630 imo.
323 3582 410 3630 Confer
426 3581 553 3633 Claudiam
563 3584 637 3648 Rapt.
647 3583 672 3632 ii.

177 3655 224 3702 lll
239 3670 307 3718 sqq.;
324 3656 387 3704 Pliu.
398 3657 471 3706 VIII.
488 3659 533 3724 Ep.
544 3657 595 3705 viii.
608 3660 631 3706 2.
642 3658 672 3706 de

176 3728 292 3778 Clitumni
309 3729 382 3787 fonte,
396 3749 470 3794 puros
487 3742 509 3780 et
530 3736 625 3787 vitreus,
645 3742 673 3780 ut

175 3809 380 3868 numerarejactos
388 3811 454 3868 stipes
462 3816 483 3854 et
491 3808 615 3856 salamenses
624 3808 672 3855 col·

175 3880 237 3927 salos
247 3882 321 3940 possis.

177 3982 180 3987 ·
208 3955 266 4002 590.
281 3953 368 4016 Corra]
387 3953 484 4004 Plenius
499 3953 567 4020 Virg.
586 3954 672 4020 Georg.

175 4025 201 4075 ii.
213 4028 252 4075 13.
268 4029 353 4093 glauca
369 4032 475 4078 canentia
484 4029 573 4095 fronde
583 4032 673 4080 salicta.

177 4101 280 4162 Populus
303 4102 374 4167 juxta
388 4103 482 4160 ‚fluum
509 4104 672 4170 pulcherrima.

176 4175 254 4235 Idem,
264 4176 317 4226 Ecl.
326 4177 369 4226 vii.
378 4179 418 4227 66.
451 4178 476 4227 Si
490 4181 547 4241 ripis
561 4196 616 4229 cum
631 4183 672 4228 da·

723 2403 778 2448 boat
789 2398 920 2464 conjungis,
932 2395 1060 2469 dicendum
1071 2403 1114 2452 est,
1123 2401 1219 2461 poetam

723 2477 752 2525 τὸ
760 2484 829 2523 natas
838 2473 945 2522 retulisse
954 2471 985 2520 ad
996 2472 1100 2528 umbras,
1107 2470 1171 2535 quod
1182 2486 1219 2535 pr.

723 2549 754 2599 ad
765 2550 859 2597 arbores
869 2545 1016 2596 referendum
1026 2553 1084 2594 erat.
1111 2544 1149 2592 Sic
1160 2544 1220 2593 Gla-

722 2639 789 2671 rean.
820 2619 901 2670 Possis
915 2630 993 2669 tamen
1009 2629 1076 2668 notus
1090 2621 1146 2680 ripis
1162 2632 1219 2664 con-

720 2697 830 2763 jungere,
841 2702 914 2760 atque
924 2692 1079 2758 interpretari,
1089 2689 1219 2741 inservien-

723 2777 759 2818 tes
779 2768 843 2834 ripis.
884 2768 960 2834 Supra
980 2782 1048 2815 versu
1067 2766 1123 2815 561.
1150 2780 1220 2812 canor

723 2845 855 2891 mulcendas
873 2853 942 2890 natus
958 2843 989 2889 ad
1003 2856 1077 2895 aures,
1091 2837 1220 2887 inserviens

722 2917 855 2966 mulcendis
872 2917 976 2966 auribus.
991 2914 1017 2963 ii.
1031 2916 1088 2962 223.
1107 2921 1174 2960 notus
1189 2913 1220 2959 od

721 3009 787 3041 suero
797 2992 909 3040 Citheron
916 2991 999 3040 eodem
1005 3005 1084 3046 sensu,
1093 3003 1140 3053 quo
1148 2985 1221 3035 etiam

722 3066 831 3115 dativum
850 3065 954 3122 additur,
971 3081 987 3113 a
1001 3063 1070 3112 Livio
1086 3063 1111 3110 in
1130 3060 1220 3127 primis.

723 3140 786 3190 Vide
794 3140 907 3190 Gronovii
918 3140 978 3188 Obs.
989 3137 1022 3187 iv.
1035 3138 1075 3185 17.
1104 3136 1220 3183 Primum-

723 3232 774 3280 que,
794 3196 845 3264 etei
874 3215 914 3264 Sic
932 3223 956 3263 et
974 3213 1062 3270 Diana,
1077 3211 1104 3261 ii.
1122 3212 1179 3260 457.
1197 3217 1222 3258 et

723 3290 859 3346 Narcissus,
869 3289 903 3338 iv.
915 3289 972 3337 343.
1002 3285 1219 3351 Vestiglo,plantas.

724 3364 815 3421 Mollia,
826 3379 911 3428 nempe
922 3364 998 3411 lanea.
1009 3378 1050 3410 xv.
1063 3361 1118 3408 118.
1129 3359 1159 3406 de
1170 3357 1220 3405 ovi-

721 3440 775 3495 bus,
792 3439 884 3494 Mollio,
905 3455 953 3500 qua
971 3439 1033 3484 nobis
1053 3443 1138 3482 oestrus
1157 3433 1218 3480 velo·

721 3511 785 3557 mino
801 3511 866 3558 lonas
882 3511 998 3558 Praesta.
1030 3509 1120 3557 Melius
1139 3515 1219 3553 tamen

722 3599 785 3631 nunc
800 3584 893 3632 abesset
906 3582 950 3631 hoc
967 3582 1042 3648 epith.
1061 3579 1173 3646 quoniam
1189 3578 1220 3627 de

722 3657 782 3705 dura
792 3655 912 3706 venatrice
924 3672 1008 3704 sermo.

755 3732 812 3779 595.
827 3731 890 3784 Quas
899 3732 954 3778 dum
962 3728 1078 3793 soloque,
1089 3726 1147 3789 ete]
1165 3727 1219 3774 Mo-

723 3813 761 3853 tus
780 3805 945 3853 describuntur
961 3802 1074 3859 natantis,
1090 3817 1143 3865 quae
1163 3802 1218 3850 bra·

723 3878 782 3928 chiis
797 3880 869 3944 serit,
891 3879 1007 3935 verberat,
1029 3890 1111 3941 aquas,
1132 3891 1220 3941 easque

722 3953 871 4011 tranianum
887 3952 986 4001 brochlo
995 3968 1075 4001 versus
1089 3967 1173 4016 corpus
1184 3966 1221 4010 τες

700 4029 802 4078 ·trahit.
835 4028 931 4085 Iubeas,
940 4027 1026 4077 ludens
1034 4025 1146 4075 natando.
1172 4026 1219 4074 Ex-

722 4107 865 4166 cussajocto,
872 4119 886 4152 e
894 4102 1074 4168 copiapoeuca3
1085 4116 1140 4150 nam
1148 4108 1218 4149 etes-

722 4189 800 4239 colere
807 4186 844 4228 est
848 4180 948 4244 jactare,
958 4188 985 4228 ut
995 4187 1122 4234 concutere,
1127 4177 1220 4227 saluo.
1261 4246 1264 4253 Ι
