2812 5010
251 336 721 403 METAMORPHOSEON
745 338 837 404 ΠΒ.
861 339 923 403 IV.

1041 342 1106 406 301

62 508 307 585 Descendunt
324 513 423 599 illac,
442 511 718 610 simulacraque
735 511 864 588 functa
882 514 1077 612 sepulcris,

60 625 197 715 Pallor,
211 626 422 725 Hiemsque
440 638 571 702 tenent
585 629 661 701 late
675 630 759 702 loca
776 640 905 720 senta3
926 630 1102 727 novique,

59 742 143 827 Qua
158 745 208 818 sit
223 745 305 833 iter,
317 770 460 832 manes,
475 745 647 843 Stygiam
662 746 764 842 quod
778 746 882 824 ducit
895 747 943 819 ad
958 747 1102 833 urbem,

57 859 239 956 Ignorant
250 891 259 951 ;
290 863 354 936 ubi
373 863 422 941 sit
439 863 536 959 nigri
554 861 633 936 sera
650 862 753 957 regia
770 861 883 935 Ditis.
928 926 933 939 .
1009 932 1013 938 .

55 973 166 1050 Mille
185 1001 307 1075 capax
325 979 463 1064 aditus,
482 988 522 1053 et
540 988 690 1076 apertas
708 977 874 1075 undique
892 987 1020 1075 portas

55 1089 160 1165 Urbs
172 1094 307 1168 habet:
322 1105 440 1191 utque
450 1093 587 1166 fretum
598 1093 646 1166 de
657 1104 737 1166 tota
746 1094 900 1166 flumina
910 1104 1021 1179 terra,
1029 1097 1104 1166 440

54 1208 122 1282 Sic
142 1234 274 1284 omnes
292 1211 436 1283 animas
455 1210 559 1283 locus
579 1211 717 1309 accipit
734 1210 819 1299 ille;
850 1235 918 1284 uec
937 1211 1003 1283 ulli

52 1322 231 1421 Exiguus
246 1327 385 1425 populo
404 1338 474 1413 est,
494 1327 688 1400 turbamve
705 1328 885 1400 accedere
903 1327 1028 1400 sentit.

52 1439 197 1515 Errant
214 1466 428 1538 exsangues
448 1442 527 1516 sine
546 1466 700 1541 corpore
719 1454 757 1515 et
775 1443 923 1516 ossibus
938 1444 1100 1531 umbrae;

53 1555 232 1656 Parsque
249 1560 369 1633 forum
384 1560 589 1646 celebrant,
608 1583 695 1658 pars
714 1559 778 1631 imi
796 1570 897 1654 tecta
913 1559 1084 1658 tyranui;

52 1817 97 1851 sae.
125 1801 192 1851 Iners
204 1803 298 1869 egregie
311 1803 389 1869 pingit
402 1804 468 1852 lenta
478 1802 557 1870 Stygis
610 1807 647 1855 la.
666 1809 732 1870 niger
747 1822 804 1868 grer
819 1804 848 1853 de
867 1803 984 1852 manibus.
1018 1804 1104 1865 Caper,

52 1877 157 1926 fluenta.
192 1879 251 1942 Styx
271 1879 342 1936 enim,
359 1879 414 1927 limo
432 1879 516 1944 plenus
533 1888 558 1928 et
607 1878 668 1945 ᾅδης
679 1877 831 1938 πολυὸέκτης
841 1887 866 1926 et
877 1876 1023 1936 πανδοκεὺς.
1049 1880 1106 1926 Non

54 1952 175 2008 turbidus,
187 1953 253 2002 tarde
264 1969 339 2018 aquas
354 1969 408 2002 suas
419 1953 502 2011 volvit,
513 1970 556 2018 pa·
607 1954 670 2002 male
687 1952 807 2018 capacitas
821 1952 864 2000 illa
879 1952 1009 2000 illustratur
1022 1951 1104 2000 rimili-

53 2025 158 2091 ludique
166 2026 263 2076 similior
271 2036 316 2085 est,
325 2044 397 2093 quam
407 2027 486 2077 fluvio.
507 2029 556 2077 Ho-
607 2027 698 2084 tudine,
717 2043 771 2091 quae
789 2026 861 2075 etiam
872 2025 923 2075 viii.
941 2029 996 2074 835.
1012 2025 1106 2090 legitur.

53 2110 100 2150 rat.
112 2102 149 2150 ΙῙ.
161 2101 268 2152 Od.xiv.
280 2104 327 2150 17:
338 2104 439 2168 flumine
448 2104 557 2168 languido
607 2103 711 2164 Apertur.
733 2100 802 2164 Virg.
817 2101 875 2148 AEu.
890 2099 924 2148 vi.
942 2101 1002 2146 127:
1022 2099 1105 2147 Noctes

57 2175 153 2239 Cocytos
170 2193 258 2224 errans.
282 2177 378 2233 Noster,
395 2178 428 2225 iv.
445 2178 516 2224 Pont.
532 2193 556 2226 x.
605 2179 942 2240 otqnediespatetotrijanna
953 2176 1026 2223 Ditis.
1056 2175 1102 2223 Lo·

56 2250 97 2298 61.
113 2252 268 2316 pigrepebn.
294 2251 475 2316 Recentes‚quae
488 2251 557 2300 modo
605 2266 645 2299 cus
664 2252 747 2311 occipit
765 2251 813 2298 ille.
845 2248 909 2296 Nam
928 2265 1001 2296 omnes
1018 2247 1104 2296 eodem

53 2332 209 2391 excesserunt
221 2340 326 2389 corpore,
341 2340 396 2372 mox
408 2329 461 2373 noni
475 2342 558 2374 munes.
606 2324 717 2389 cogimur.
760 2323 829 2388 Virg.
855 2321 955 2370 AEneid.
982 2321 1009 2370 ii.
1033 2323 1102 2370 716:

57 2397 188 2446 Simulnrra
205 2396 301 2454 εἴδωλα,
319 2414 416 2463 corpora
430 2398 557 2464 illavana,
606 2400 676 2448 Hanc
697 2391 723 2447 en
743 2401 828 2450 diverso
850 2399 922 2445 sedern
945 2400 1058 2446 veniemus
1078 2400 1104 2445 in

56 2470 86 2520 de
108 2471 197 2536 quibus
217 2473 248 2521 ad
265 2488 359 2521 versum
375 2475 431 2522 443.
463 2473 556 2522 Funera
605 2490 683 2521 enom.

54 2547 173 2608 repeteris,
189 2546 283 2611 sepulte
300 2554 325 2594 et
338 2546 446 2595 humata.
475 2546 556 2594 Mones
638 2549 694 2596 443.
713 2548 803 2596 Errant
816 2545 958 2610 arrengum]
975 2545 1013 2592 Ex
1027 2545 1104 2610 opini-

56 2622 163 2682 repnltos,
175 2619 244 2684 Virg.
253 2623 311 2668 AEn.
320 2619 354 2668 iv.
362 2621 402 2668 34.
420 2620 555 2669 Inhumatis
606 2638 653 2690 one*
671 2624 796 2677 Veterum,
817 2619 910 2676 animm,
930 2619 1037 2683 deposito
1058 2618 1104 2668 hoc

56 2709 104 2742 non
114 2693 204 2743 licebat
212 2694 310 2743 transire
320 2696 425 2759 Stygem.
605 2711 701 2760 corpore
722 2694 832 2750 terrestri,
849 2691 981 2741 umbratico
1002 2694 1105 2757 quodam

89 2768 147 2816 436.
161 2769 250 2826 Pallor,
261 2769 400 2832 litemque]
411 2769 555 2833 Virg.etiam
605 2778 630 2818 et
642 2769 708 2819 tenui
723 2769 813 2817 indutae
827 2767 949 2824 incedunt,
960 2766 1024 2832 quod
1040 2774 1105 2816 caret

58 2842 169 2900 Luctum,
186 2843 270 2900 Curas,
285 2844 382 2892 Morbos
399 2860 427 2892 eo
442 2845 554 2894 collocat.
605 2853 630 2894 et
646 2845 761 2910 sanguine
777 2851 801 2892 et
816 2858 915 2906 corpere,
925 2842 944 2890 i.
956 2858 978 2891 e.
990 2858 1069 2899 carne,
1080 2851 1105 2891 et

58 2917 154 2975 Pallida
173 2934 247 2982 regne
270 2917 404 2975 inferorum,
426 2919 484 2967 AEn.
503 2918 553 2969 viii.
603 2918 704 2968 ossibus.
736 2911 991 2967 Homer.'0d.A.218.
1024 2917 1105 2965 Maxi-

57 2993 113 3040 244.
141 2992 205 3040 Loca
222 3003 294 3049 rento,
313 2993 405 3042 inculta
418 3001 443 3041 et
461 3008 553 3058 aspera,

56 3063 82 3112 in
101 3065 190 3130 quibus
206 3069 266 3124 noni,
281 3066 387 3131 adeoque
406 3067 507 3131 regionis
524 3066 553 3116 il·

58 3138 102 3188 lius
116 3138 201 3204 ignari,
213 3158 289 3190 manes
299 3141 338 3190 vix
352 3141 397 3189 iter
411 3140 553 3206 investigare

57 3221 163 3276 possunt,
170 3214 234 3278 quod
243 3215 317 3271 ducit,
327 3222 376 3262 etc.
401 3215 453 3269 nina
461 3218 490 3263 sit
501 3219 553 3265 iter.

58 3287 170 3336 Heinsius
186 3288 333 3354 conjecturat
351 3307 396 3352 qno
405 3291 440 3351 fit
459 3294 512 3347 iter,
530 3303 554 3340 et

56 3362 120 3412 delet
129 3379 224 3412 versum
238 3373 385 3428 sequentem,
396 3372 423 3412 ut
434 3364 478 3413 hoc
488 3365 553 3413 dica·

55 3445 101 3495 tur,
112 3437 158 3486 iter
168 3447 243 3487 totum
254 3438 356 3488 obsideri
370 3455 385 3487 a
398 3439 464 3488 novis
478 3440 553 3488 mani-

54 3512 107 3562 bus.
135 3514 287 3562 Burmannus
297 3523 379 3562 contra
391 3523 472 3563 monet
483 3530 554 3562 vocn-

54 3587 139 3636 bulum
149 3590 202 3636 noni
212 3589 331 3653 postulare
342 3589 475 3653 sequentia.
501 3591 555 3652 Sty-

52 3665 93 3726 gio
117 3663 180 3718 urbs,
201 3662 270 3710 sedes
295 3663 422 3711 inferorum
444 3662 475 3711 ad
498 3664 552 3726 sty-

53 3752 116 3800 gem,
133 3753 189 3802 quie
204 3752 277 3801 quum
294 3738 383 3786 habeat
396 3753 485 3792 muros,
500 3754 553 3801 por-

55 3818 99 3868 tas,
110 3811 209 3875 regiam,
220 3811 305 3869 sorum,
315 3820 378 3861 recte
395 3812 481 3861 dicitur
491 3815 553 3863 orbs.

57 3886 128 3951 Nigri
135 3886 195 3951 sera
211 3889 276 3952 regio
286 3888 357 3935 Ditis.
385 3887 462 3952 Epist.
474 3886 500 3934 ii.
513 3889 553 3936 72.

55 3956 118 4024 nigri
134 3963 199 4026 regin
215 3977 273 4009 ceca
290 3965 336 4012 Dei
342 3979 352 4020 ,·
369 3962 437 4024 Virg.
447 3963 506 4009 AEn.
518 3961 552 4009 vi.

57 4034 112 4082 127.
129 4036 179 4082 otri
190 4036 271 4095 junna
288 4035 358 4083 Ditis.
392 4035 489 4093 Omnia,
500 4051 554 4099 quae

55 4105 85 4164 ed
110 4108 238 4174 i‘lutonem
265 4107 400 4173 inferosque
427 4109 555 4173 pertinent,

56 4185 124 4247 nigra
143 4189 168 4230 et
188 4192 251 4232 arra.
287 4184 369 4233 Horat.
387 4183 408 4231 I.
425 4183 475 4232 od.
492 4183 557 4232 xxiv.

87 4257 166 4305 VOL.
182 4256 232 4306 III.

603 3009 641 3042 me
663 3010 786 3057 exsangues
808 2992 926 3050 dicuntur,
948 2992 1059 3056 quoniam
1081 2992 1106 3040 in

603 3069 717 3132 sanguine
729 3067 778 3116 vita
788 3075 832 3115 est.

636 3145 692 3191 444.
705 3141 966 3206 Parsqnefernm,etc.]
984 3141 1024 3190 De
1033 3157 1105 3206 nego-

604 3217 643 3265 tiis
657 3218 771 3267 manium.
804 3218 949 3281 Frequentes
959 3232 1104 3280 congregau-

604 3299 642 3340 tur
656 3292 697 3340 alii
710 3292 735 3341 in
751 3293 808 3349 foro,
819 3292 859 3341 alii
870 3290 895 3338 in
906 3292 972 3354 regia
982 3291 1105 3352 Plutonis;

603 3366 640 3414 illi
650 3367 759 3431 litigandi
777 3382 848 3416 causa
866 3367 925 3431 (IV.
935 3366 1006 3414 Trist.
1016 3382 1039 3415 x.
1050 3366 1104 3428 88.)

604 3436 629 3486 hi
644 3441 774 3488 salutatum
789 3441 895 3495 veniunt,
907 3455 971 3486 more
986 3440 1104 3489 Romano.

604 3514 677 3578 Apud
695 3515 831 3570 Homerum,
843 3513 868 3560 in
885 3512 933 3561 Od.
947 3518 977 3562 Λ.
989 3513 1036 3561 567
1050 3528 1103 3576 sqq.

604 3589 693 3636 umbrae
713 3589 744 3636 ad
759 3587 849 3635 Minois
863 3587 966 3635 tribuual
978 3601 1062 3634 causas
1078 3601 1103 3634 a·

604 3671 671 3727 gunt,
684 3669 708 3710 et
723 3661 796 3709 Orion
812 3661 889 3725 pergit
905 3661 966 3708 seras
977 3659 1104 3724 agitareuiu

604 3738 671 3787 retia.
692 3737 771 3784 Etiam
782 3736 852 3783 Plato
863 3734 976 3800 Replib.
984 3752 1006 3782 x.
1014 3751 1038 3799 p.
1047 3735 1103 3782 620.

603 3811 671 3876 fingit
679 3811 771 3858 animas
779 3810 942 3858 defunctorum
951 3809 1042 3864 eadem,
1050 3825 1103 3873 quae

603 3884 712 3950 inpriore
723 3883 772 3932 vita
782 3884 930 3941 tractissent,
941 3885 1039 3948 probare
1054 3891 1104 3932 stu-

603 3960 651 4008 dia.
685 3958 772 4008 Confer
788 3967 813 4008 et
824 3960 892 4023 Virg.
904 3958 1001 4007 AEneid.
1013 3959 1046 4008 vi.
1054 3961 1100 4009 651

603 4051 657 4099 sqq.
690 4034 753 4082 Imus
772 4035 894 4098 tyrannas,
909 4051 950 4083 rex
967 4033 1103 4083 inferorum.

604 4111 664 4158 Hor.
682 4110 703 4158 Ι.
721 4109 769 4158 Od.
787 4127 811 4158 x.
829 4112 872 4159 19:
891 4110 983 4173 Superis
1002 4110 1103 4160 Deorum

604 4195 686 4250 gratus
698 4194 719 4232 et
730 4185 787 4232 imis.

705 4258 737 4308 li
