2812 5010
179 354 247 397 xxx
316 383 321 391 .
572 320 831 390 PRAEFATIO

181 503 244 567 His
258 502 356 586 igitur
369 510 402 564 et
417 497 534 563 talibus
548 497 712 581 ingenium
728 497 805 562 satis
821 499 1003 563 ostentavit.
1048 499 1163 584 Lyaeo
1178 511 1226 565 ta·

179 643 264 697 men,
275 620 308 683 in
322 640 417 704 quam
425 617 556 704 Lyncon
568 627 722 694 mutatus,
735 638 800 698 non
811 618 998 702 descripsit;
1014 641 1120 704 neque
1132 621 1225 696 cirin,

180 741 272 824 cujus
287 736 420 802 formam
436 735 543 820 Scylla
562 735 733 812 adsumsit;
756 757 940 820 quanquam
956 734 1011 800 illa
1029 736 1099 801 fera
1117 760 1226 802 macu-

180 857 230 933 lis,
245 857 317 920 haec
331 829 398 919 auis
412 853 652 939 pulchritudine
666 853 817 936 insignis:
834 876 894 918 nec
909 877 984 918 ares
1000 855 1076 919 satis
1091 856 1225 932 notavit,

181 998 317 1062 quarum
330 975 468 1060 figuram
482 973 599 1038 Letoia
614 972 773 1057 Meleagri
788 973 1066 1038 sororibusdedit.

224 1094 349 1159 Verum
363 1091 656 1156 transformationes
667 1091 757 1174 ipsae,
769 1089 844 1154 licet
858 1091 934 1155 inde
949 1113 1078 1156 carmen
1092 1093 1227 1176 inscrip-

181 1224 250 1278 tum
273 1212 324 1288 sit,
339 1211 499 1275 minimam
522 1211 592 1295 ejus
615 1219 741 1293 partem
763 1209 971 1273 constituunt.
1017 1209 1227 1296 Utamplum

181 1329 327 1415 prodiret
347 1351 440 1412 opus,
454 1340 521 1392 tam
535 1349 574 1390 ea
589 1337 687 1410 poeta
706 1327 836 1410 copiose
857 1339 1046 1411 persecutus
1062 1340 1122 1406 est,
1139 1330 1226 1392 unde

181 1445 455 1531 metamorphoses
477 1426 631 1530 pendent,
656 1467 751 1529 quam
774 1442 836 1508 alia
859 1447 1028 1512 admiscuit
1051 1470 1070 1511 a
1093 1448 1227 1512 consilio

182 1589 247 1630 non
262 1565 376 1630 aliena.
421 1563 634 1629 Phaethontis
650 1562 716 1627 fata
729 1562 849 1627 nullam
863 1563 986 1629 habent
1000 1566 1110 1630 formae
1125 1577 1228 1631 muta-

182 1685 317 1763 tionem3
341 1684 380 1747 iis
399 1694 505 1748 tamen
524 1706 671 1768 magnam
689 1682 764 1748 libri
783 1685 917 1750 secundi
931 1697 1057 1768 partem
1071 1659 1227 1769 implevit,

182 1812 219 1865 ut
238 1825 297 1887 per
314 1824 353 1865 ea
371 1802 413 1865 ad
433 1825 558 1870 sorores
577 1805 738 1880 transiret,
754 1805 788 1868 in
802 1806 945 1881 arborea,
961 1807 1039 1870 dum
1053 1805 1161 1869 fratris
1177 1828 1228 1869 ca-

184 1945 253 1984 sum
277 1920 401 2006 lugent,
416 1944 533 1986 versas.
579 1904 721 1987 Mutatio
748 1945 892 1987 sororum
915 1922 1077 2008 Meleagri
1100 1923 1229 1987 duobus

183 2039 328 2104 versibus
345 2038 537 2125 absolvitur3
561 2041 619 2104 sed
639 2042 681 2104 ad
702 2064 773 2105 eam
794 2040 980 2125 longissima
1000 2041 1054 2106 illa
1075 2043 1147 2119 ῥήσει
1162 2042 1227 2106 viii.
1251 2050 1253 2054 ’

183 2156 336 2231 nou-543,
351 2156 549 2240 pervenitur,
564 2179 638 2241 quae
657 2168 726 2221 tota
739 2159 774 2221 in
788 2160 859 2243 apri
875 2159 1044 2243 Calydonii
1059 2164 1229 2227 venatione

185 2284 218 2338 et
234 2273 268 2337 in
283 2273 371 2339 lucta
384 2272 536 2351 Althaeae,
551 2274 619 2339 filio
633 2297 745 2339 necem
759 2277 915 2359 parantis,
931 2290 1084 2343 versatur.
1131 2280 1230 2345 AEso-

184 2414 269 2468 nem,
291 2391 419 2456 Jasonis
442 2403 577 2477 patrem,
596 2392 748 2476 juvenem
770 2391 891 2457 Medea
910 2395 1107 2460 reddiderat.
1153 2397 1230 2462 Hoc

184 2522 372 2575 narraturus
393 2511 531 2575 Ovidius
546 2510 599 2575 vii.
619 2512 767 2588 159-293,
784 2512 819 2574 in
838 2523 938 2576 totam
955 2524 1056 2577 artem
1074 2515 1231 2599 magicam

186 2630 339 2694 excurrit.
384 2628 525 2704 Pestem,
547 2652 620 2713 quae
635 2629 791 2712 AEginam
812 2628 948 2694 insulam
970 2631 1165 2696 exhauserat
1183 2635 1232 2697 in-

188 2747 277 2824 colis,
293 2748 478 2833 Minoisque
500 2771 573 2812 cum
587 2747 843 2812 Atheniensibus
858 2747 980 2812 bellum
993 2751 1086 2814 nobis
1101 2752 1154 2814 vii.
1168 2752 1232 2815 472

188 2889 257 2951 sqq.
274 2866 394 2942 retulit,
413 2878 450 2931 ut
473 2867 714 2951 Myrmidonum
734 2890 756 2931 e·
777 2867 916 2932 formicis
939 2869 1095 2953 originem
1113 2871 1232 2953 prode-

188 2995 248 3049 ret.
287 2984 395 3050 Locus
410 2985 462 3049 vii.
484 2987 590 3062 1-158,
605 2985 705 3050 habet
720 2986 850 3070 quidem
865 2988 1072 3051 mutationem
1087 2988 1232 3052 dentium

189 3114 331 3167 satorum
354 3104 387 3166 in
402 3104 497 3180 viros,
516 3104 575 3167 sed
594 3103 705 3188 paucis
721 3102 865 3166 versibus
888 3105 1084 3187 expositam,
1108 3104 1233 3189 reliqua

189 3221 223 3283 in
242 3220 362 3283 Minois
380 3221 481 3284 forma
500 3232 533 3284 et
553 3223 587 3303 in
602 3243 719 3285 vesano
735 3220 865 3284 Medeae
880 3244 987 3285 amore
1006 3224 1148 3286 notando
1163 3246 1234 3288 ver-

190 3349 310 3402 santur.
357 3338 411 3431 ¹Sic
429 3341 685 3404 numerosissima
704 3343 954 3425 poetaeoccasio
973 3342 1171 3407 offerebatur
1185 3346 1234 3407 in·

189 3477 329 3529 numera,
341 3456 549 3532 admiscendi,
569 3479 641 3540 quae
663 3458 836 3541 antiquitas
859 3457 942 3534 tulit,
960 3482 1033 3543 quae
1053 3483 1160 3524 rerum
1177 3484 1234 3525 na-

190 3583 264 3637 tura
285 3572 396 3651 habet,
426 3596 499 3658 quae
527 3574 664 3640 hominis
693 3577 833 3642 indolem
863 3579 1043 3663 attingunt;
1071 3602 1173 3663 eaque
1200 3592 1233 3645 et

191 3691 309 3774 cupide
334 3702 367 3754 et
388 3693 553 3776 ingeniose
576 3717 664 3771 usne,
691 3696 809 3779 insigni
831 3718 937 3760 rerum
959 3697 1113 3761 varietate
1137 3711 1233 3782 atque

193 3808 286 3890 copia
302 3830 384 3891 opus
404 3831 497 3872 suum
511 3812 648 3894 posteris
669 3815 911 3877 commendavit.
957 3816 1047 3880 Deos
1067 3818 1151 3879 enim
1166 3817 1236 3900 ple-

192 3949 309 4010 rosque
329 3949 401 3991 cum
420 3932 582 3995 attributis
598 3934 663 3996 suis
678 3934 732 3997 hic
747 3935 925 4017 descriptos
940 3935 1128 4018 reperimus,
1144 3935 1235 3997 dovis

192 4044 401 4127 majestatem,
416 4044 559 4124 fulmina,
575 4049 744 4134 imperium
759 4050 792 4114 in
803 4052 969 4136 mundum,
983 4053 1080 4127 furta,
1096 4051 1117 4114 J
1120 4051 1235 4114 anonis

192 4160 397 4247 zelotypiam,
406 4163 567 4248 Apollinis
582 4178 667 4233 artes
679 4180 713 4233 et
723 4170 999 4246 amores,Cereris
1006 4170 1134 4254 merita,
1146 4169 1237 4233 Mer-
