2812 5010
174 334 273 399 xxxiv
571 323 831 391 PRAEFATIO

174 505 367 579 notationes,
381 486 628 585 descriptiones,
644 498 884 583 dispositiones,
900 496 1135 576 similitudines,
1151 497 1228 563 alia.

174 647 239 710 que
259 632 447 688 ornamenta
464 620 539 696 sint,
558 618 648 703 quod
667 617 816 692 sciamus,
833 616 935 700 ipsius
950 616 1072 681 Ovidii.
1118 615 1227 681 Famae

174 741 436 830 prosopopoeiam
462 758 662 804 communem
688 736 820 821 quidem
846 757 919 799 cum
944 734 1082 821 Virgilio
1105 735 1227 814 habet,

175 863 232 928 sed
252 862 285 925 in
298 882 338 924 ea
352 857 505 944 lingenda
522 877 616 919 suum
635 855 799 939 ingenium
810 864 941 920 secutus
961 865 1022 932 est,
1038 855 1127 940 quod
1145 866 1178 920 et
1192 856 1227 919 in

176 980 296 1055 Famis,
312 977 446 1043 Invidiae
466 987 499 1040 et
520 975 632 1040 Somni
651 975 797 1060 personis
817 973 1009 1059 effingendis
1028 974 1062 1040 in
1079 994 1228 1058 magnam

177 1122 267 1165 suam
284 1097 413 1162 laudem
430 1095 518 1160 fecit.
565 1095 726 1180 Lycaonis
745 1095 942 1180 impietatem
958 1104 991 1157 et
1012 1115 1143 1177 poenam
1162 1113 1228 1157 non

138 1303 142 1311 ¹
177 1220 248 1303 ipse
277 1215 388 1293 refert,
415 1216 473 1279 sed
502 1213 618 1278 <lovem
646 1223 830 1278 narrantem
859 1211 992 1276 inducit.
1038 1210 1105 1275 Hic
1129 1211 1230 1295 igitur

147 1399 151 1411 ,
178 1337 268 1401 haud
288 1335 388 1399 dubie
408 1334 479 1418 ipsc
504 1354 572 1396 rem
593 1333 639 1395 ita
652 1332 825 1416 disposuit,
846 1341 884 1394 ut
903 1328 976 1396 coeli
1001 1331 1133 1416 regiam,
1154 1350 1230 1394 con-

178 1466 310 1520 ventum
328 1454 486 1528 Deorum,
506 1450 598 1514 «lovis
620 1450 808 1535 praesidium
832 1448 925 1513 nobis
945 1458 1019 1512 ante
1038 1446 1152 1512 oculos
1172 1469 1231 1531 po·

178 1583 281 1648 neret,
304 1571 473 1654 eidemque
497 1569 572 1632 Deo
592 1569 770 1631 orationem
795 1567 953 1631 tribueret
976 1566 1229 1640 disertissimam,

180 1690 232 1755 cui
243 1687 354 1753 fabula
364 1689 407 1753 de
417 1687 570 1772 Lycaone
584 1686 718 1750 intexta.
748 1684 857 1761 Adde,
870 1708 944 1770 quae
963 1686 997 1748 in
1008 1683 1232 1749 Deucalioneo

180 1807 302 1874 diluvio
318 1808 360 1871 de
380 1807 472 1871 Noto
492 1805 650 1882 evolante,
667 1807 708 1870 de
724 1806 883 1890 Neptuno
899 1826 1007 1869 amnes
1022 1815 1240 1880 convocante,

180 1927 222 1991 de
236 1926 374 1990 Tritone
394 1927 520 2010 signum
539 1925 692 1991 fluctibus
708 1926 817 2002 dante,
833 1926 875 1990 de
890 1922 1101 1990 Deucalionis
1115 1946 1232 2007 quere·

179 2046 230 2122 lis,
252 2046 294 2109 ab
313 2067 353 2109 eo
373 2046 503 2109 inventa
524 2054 608 2109 sunt.
655 2018 831 2128 Spreverat
850 2043 961 2108 Niobe
981 2042 1142 2106 Latonam
1163 2064 1233 2126 prae

183 2187 229 2242 se,
245 2187 305 2230 nec
320 2165 389 2249 pati
403 2163 550 2228 voluerat
571 2185 661 2228 sacra
676 2164 706 2228 ei
720 2163 802 2226 fieri.
849 2161 1024 2235 Quomodo
1038 2159 1101 2224 hoc
1117 2170 1235 2226 tracta·

181 2285 228 2348 vit
248 2285 367 2368 poeta?
401 2282 532 2366 Nempe
552 2294 656 2346 vatem
677 2283 815 2367 primum
836 2282 962 2346 inducit
981 2281 1118 2345 Latonae
1142 2301 1235 2345 sacra

180 2402 387 2477 indicentem,
403 2411 471 2465 tum
488 2400 623 2464 Nioben
641 2401 675 2463 in
689 2398 858 2485 publicum
876 2422 950 2465 cum
967 2399 1053 2464 fastu
1070 2399 1234 2484 prodeun-

180 2533 258 2597 tem,
271 2530 368 2604 atque
383 2520 527 2582 oratione
539 2518 751 2583 audacissima
766 2541 801 2582 se
816 2519 900 2582 Deae
911 2517 1148 2603 praeferentem.
1188 2518 1235 2580 Et

181 2640 262 2723 quid
291 2638 334 2702 de
356 2637 471 2720 Ceycis
497 2646 596 2720 atque
623 2635 808 2718 Halcyones
837 2639 936 2701 rebus
965 2636 1090 2702 dicam?
1135 2636 1174 2700 In
1195 2637 1235 2700 iis

181 2755 394 2838 tempestatis,
419 2754 496 2817 artis
521 2754 672 2828 nauticae,
699 2752 811 2817 Somni
841 2753 1060 2841 Morpheique
1089 2755 1234 2839 descrip-

181 2873 297 2948 tiones,
327 2882 396 2934 tum
428 2869 615 2934 adfectuum
650 2870 832 2934 notationes
861 2882 1023 2937 testantur
1050 2873 1236 2938 iaecundum

183 2991 282 3055 fuisse
304 2990 417 3055 Ovidii
441 2992 475 3053 in
498 2989 692 3053 inveniendo
717 2988 891 3072 ingenium.
938 2990 1038 3055 Mitto
1057 2990 1153 3076 plura
1178 2992 1241 3057 ad·-

179 3109 279 3185 dere3
303 3131 376 3172 nam
391 3107 538 3192 plurimae
551 3107 672 3172 'fabulae
686 3106 751 3174 huc
767 3109 916 3174 advocari
930 3122 1073 3196 possent.
1118 3111 1237 3176 Monui

147 3285 149 3289 ,
179 3228 314 3311 quidem
333 3250 443 3312 supra,
459 3229 583 3292 nescire
599 3249 670 3304 nos,
686 3229 776 3312 quid,
789 3241 823 3294 et
843 3240 999 3315 quantum
1016 3232 1046 3294 ei
1066 3232 1099 3294 in
1116 3229 1236 3295 fabulis

183 3346 370 3411 excolendis
381 3347 491 3412 Graeci
503 3358 610 3432 poetae
621 3344 886 3426 ministraverint,
903 3351 959 3413 sed
975 3350 1138 3435 ingenium
1152 3373 1237 3433 prae·

184 3465 317 3543 clarum,
333 3465 427 3551 quale
447 3468 480 3530 in
500 3468 647 3532 omnibus
661 3469 775 3533 Ovidii
793 3469 986 3535 carminibus
1004 3467 1120 3544 elucet,
1135 3469 1237 3553 impe-

183 3597 270 3650 trare
290 3608 308 3648 a
329 3608 363 3650 se
377 3607 442 3651 non
456 3596 578 3671 potest,
592 3597 640 3664 ut,
655 3589 759 3653 missis
775 3589 841 3652 suis
854 3589 961 3664 bonis,
977 3599 1129 3672 tanquam
1148 3586 1236 3651 fidus

184 3705 355 3790 interpres,
372 3704 451 3770 alios
467 3728 593 3791 semper
608 3709 834 3792 subsequatur.

227 3823 307 3886 Non
321 3845 444 3889 summo
459 3826 574 3889 virium
588 3826 661 3890 nisu
675 3848 759 3912 opus
776 3850 870 3890 suum
885 3825 1028 3901 excudit,
1043 3825 1134 3888 sede
1149 3824 1236 3889 felici

184 3939 240 4004 illa
259 3943 380 4026 ingenii
392 3966 475 4008 vena
489 3947 628 4030 peperit,
640 3969 714 4030 quae
734 3956 821 4010 tacta
841 3944 947 4008 statim
961 3942 1129 4027 profundit
1143 3943 1238 4027 quid·

185 4060 265 4144 quid
283 4060 324 4124 ad
345 4082 412 4126 rem
426 4065 579 4146 pertinet,
596 4065 661 4129 sive
680 4063 785 4128 soluta
801 4062 946 4126 oratione
961 4061 1073 4136 utaris,
1090 4061 1156 4124 sive
1171 4082 1236 4123 me·

185 4181 242 4251 tris
263 4183 449 4248 constricta.
497 4185 605 4248 Datur
634 4185 718 4249 enirn
747 4182 810 4246 hoc
835 4181 971 4265 ingeniis
997 4178 1193 4263 quibusdam
1215 4199 1235 4240 a
