<?xml version="1.0" encoding="UTF-8"?>
<!DOCTYPE html PUBLIC "-//W3C//DTD XHTML 1.0 Transitional//EN"
    "http://www.w3.org/TR/xhtml1/DTD/xhtml1-transitional.dtd">
<html xmlns="http://www.w3.org/1999/xhtml" xml:lang="en" lang="en">
 <head>
  <title>
</title>
<meta http-equiv="Content-Type" content="text/html;charset=utf-8" />
  <meta name='ocr-system' content='tesseract 3.04.00' />
  <meta name='ocr-capabilities' content='ocr_page ocr_carea ocr_par ocr_line ocrx_word'/>
</head>
<body>
  <div class='ocr_page' id='page_1' title='image "./povidiinasoniso04burmgoog_0369.png"; bbox 0 0 2812 5010; ppageno 0'>
   <div class='ocr_carea' id='block_1_1' title="bbox 150 333 904 421">
    <p class='ocr_par' dir='ltr' id='par_1_1' title="bbox 150 333 904 421">
     <span class='ocr_line' id='line_1_1' title="bbox 150 333 904 421; baseline 0 -12"><span class='ocrx_word' id='word_1_1' title='bbox 150 341 215 421; x_wconf 65' lang='lat'>³66</span> <span class='ocrx_word' id='word_1_2' title='bbox 441 339 482 417; x_wconf 80' lang='lat' dir='ltr'>P.</span> <span class='ocrx_word' id='word_1_3' title='bbox 507 336 668 409; x_wconf 86' lang='lat' dir='ltr'>OVIDII</span> <span class='ocrx_word' id='word_1_4' title='bbox 693 333 904 411; x_wconf 73' lang='lat' dir='ltr'>NASONIS</span> 
     </span>
    </p>
   </div>
   <div class='ocr_carea' id='block_1_2' title="bbox 149 508 1201 2579">
    <p class='ocr_par' dir='ltr' id='par_1_2' title="bbox 149 508 1201 2579">
     <span class='ocr_line' id='line_1_2' title="bbox 151 508 1108 611; baseline -0.004 -23"><span class='ocrx_word' id='word_1_5' title='bbox 151 513 280 600; x_wconf 90' lang='lat' dir='ltr'>Dixit;</span> <span class='ocrx_word' id='word_1_6' title='bbox 310 523 360 599; x_wconf 90' lang='lat' dir='ltr'>et,</span> <span class='ocrx_word' id='word_1_7' title='bbox 380 513 418 587; x_wconf 87' lang='lat' dir='ltr'>in</span> <span class='ocrx_word' id='word_1_8' title='bbox 435 523 562 611; x_wconf 86' lang='lat' dir='ltr'>partes</span> <span class='ocrx_word' id='word_1_9' title='bbox 579 511 747 589; x_wconf 75' lang='lat' dir='ltr'>diuersas</span> <span class='ocrx_word' id='word_1_10' title='bbox 763 510 918 599; x_wconf 82' lang='lat' dir='ltr'>brachia</span> <span class='ocrx_word' id='word_1_11' title='bbox 934 508 1108 594; x_wconf 86' lang='lat' dir='ltr'>tendens,</span> 
     </span>
     <span class='ocr_line' id='line_1_3' title="bbox 152 624 1201 714; baseline -0.009 -11"><span class='ocrx_word' id='word_1_12' title='bbox 152 628 332 713; x_wconf 85' lang='lat' dir='ltr'>Obstitit:</span> <span class='ocrx_word' id='word_1_13' title='bbox 361 630 461 705; x_wconf 91' lang='lat' dir='ltr'>haud</span> <span class='ocrx_word' id='word_1_14' title='bbox 478 629 575 704; x_wconf 88' lang='lat' dir='ltr'>ultra</span> <span class='ocrx_word' id='word_1_15' title='bbox 591 627 714 703; x_wconf 87' lang='lat' dir='ltr'>tenuit</span> <span class='ocrx_word' id='word_1_16' title='bbox 732 626 931 707; x_wconf 82' lang='lat' dir='ltr'>Saturnius</span> <span class='ocrx_word' id='word_1_17' title='bbox 948 624 1066 714; x_wconf 82' lang='lat' dir='ltr'>iram3</span> <span class='ocrx_word' id='word_1_18' title='bbox 1121 627 1201 708; x_wconf 84' lang='lat'>420.</span> 
     </span>
     <span class='ocr_line' id='line_1_4' title="bbox 150 741 1098 842; baseline 0 -25"><span class='ocrx_word' id='word_1_19' title='bbox 150 743 429 842; x_wconf 84' lang='lat' dir='ltr'>Terribilesque</span> <span class='ocrx_word' id='word_1_20' title='bbox 446 744 617 827; x_wconf 81' lang='lat' dir='ltr'>hortatus</span> <span class='ocrx_word' id='word_1_21' title='bbox 635 765 769 842; x_wconf 87' lang='lat' dir='ltr'>equos,</span> <span class='ocrx_word' id='word_1_22' title='bbox 786 742 825 817; x_wconf 91' lang='lat' dir='ltr'>in</span> <span class='ocrx_word' id='word_1_23' title='bbox 844 741 1004 839; x_wconf 79' lang='lat' dir='ltr'>gurgitis</span> <span class='ocrx_word' id='word_1_24' title='bbox 1021 741 1098 823; x_wconf 88' lang='lat' dir='ltr'>ima</span> 
     </span>
     <span class='ocr_line' id='line_1_5' title="bbox 151 858 1028 956; baseline -0.002 -23"><span class='ocrx_word' id='word_1_25' title='bbox 151 860 376 934; x_wconf 88' lang='lat' dir='ltr'>Contortum</span> <span class='ocrx_word' id='word_1_26' title='bbox 392 859 516 935; x_wconf 88' lang='lat' dir='ltr'>valido</span> <span class='ocrx_word' id='word_1_27' title='bbox 533 869 725 956; x_wconf 86' lang='lat' dir='ltr'><strong>sceptrum</strong></span> <span class='ocrx_word' id='word_1_28' title='bbox 743 858 869 954; x_wconf 83' lang='lat' dir='ltr'>regale</span> <span class='ocrx_word' id='word_1_29' title='bbox 887 859 1028 933; x_wconf 83' lang='lat' dir='ltr'>lacerto</span> 
     </span>
     <span class='ocr_line' id='line_1_6' title="bbox 152 972 1062 1063; baseline -0.002 -14"><span class='ocrx_word' id='word_1_30' title='bbox 152 975 353 1051; x_wconf 88' lang='lat' dir='ltr'><strong>Condidit:</strong></span> <span class='ocrx_word' id='word_1_31' title='bbox 383 976 459 1053; x_wconf 86' lang='lat' dir='ltr'>icta</span> <span class='ocrx_word' id='word_1_32' title='bbox 474 975 574 1051; x_wconf 87' lang='lat' dir='ltr'>viam</span> <span class='ocrx_word' id='word_1_33' title='bbox 591 974 703 1058; x_wconf 85' lang='lat' dir='ltr'>tellus</span> <span class='ocrx_word' id='word_1_34' title='bbox 721 973 760 1047; x_wconf 91' lang='lat' dir='ltr'>in</span> <span class='ocrx_word' id='word_1_35' title='bbox 778 972 935 1049; x_wconf 84' lang='lat' dir='ltr'>Tartara</span> <span class='ocrx_word' id='word_1_36' title='bbox 951 972 1062 1063; x_wconf 82' lang='lat' dir='ltr'>fecit3</span> 
     </span>
     <span class='ocr_line' id='line_1_7' title="bbox 151 1088 1071 1193; baseline 0.003 -27"><span class='ocrx_word' id='word_1_37' title='bbox 151 1088 203 1166; x_wconf 90' lang='lat' dir='ltr'>Et</span> <span class='ocrx_word' id='word_1_38' title='bbox 219 1116 359 1191; x_wconf 87' lang='lat' dir='ltr'>pronos</span> <span class='ocrx_word' id='word_1_39' title='bbox 375 1117 505 1168; x_wconf 87' lang='lat' dir='ltr'>currus</span> <span class='ocrx_word' id='word_1_40' title='bbox 523 1088 650 1167; x_wconf 78' lang='lat' dir='ltr'>medio</span> <span class='ocrx_word' id='word_1_41' title='bbox 667 1101 812 1165; x_wconf 88' lang='lat' dir='ltr'>cratere</span> <span class='ocrx_word' id='word_1_42' title='bbox 828 1089 984 1188; x_wconf 82' lang='lat' dir='ltr'>recepit.</span> <span class='ocrx_word' id='word_1_43' title='bbox 1068 1188 1071 1193; x_wconf 12' lang='grc' dir='ltr'><strong>Α</strong></span> 
     </span>
     <span class='ocr_line' id='line_1_8' title="bbox 149 1198 1198 1308; baseline -0.002 -28"><span class='ocrx_word' id='word_1_44' title='bbox 149 1206 203 1282; x_wconf 91' lang='lat' dir='ltr'>At</span> <span class='ocrx_word' id='word_1_45' title='bbox 217 1208 362 1306; x_wconf 80' lang='lat' dir='ltr'>Cyane,</span> <span class='ocrx_word' id='word_1_46' title='bbox 377 1219 601 1308; x_wconf 80' lang='lat' dir='ltr'><strong>raptamque</strong></span> <span class='ocrx_word' id='word_1_47' title='bbox 616 1207 751 1295; x_wconf 87' lang='lat' dir='ltr'>Deam,</span> <span class='ocrx_word' id='word_1_48' title='bbox 771 1215 1067 1305; x_wconf 86' lang='lat' dir='ltr'>contemptaque</span> <span class='ocrx_word' id='word_1_49' title='bbox 1085 1198 1198 1280; x_wconf 86' lang='lat' dir='ltr'>fontis</span> 
     </span>
     <span class='ocr_line' id='line_1_9' title="bbox 149 1320 1197 1410; baseline 0.002 -15"><span class='ocrx_word' id='word_1_50' title='bbox 149 1320 174 1395; x_wconf 91' lang='lat' dir='ltr'>J</span> <span class='ocrx_word' id='word_1_51' title='bbox 177 1348 243 1398; x_wconf 88' lang='lat' dir='ltr'>ura</span> <span class='ocrx_word' id='word_1_52' title='bbox 259 1325 317 1409; x_wconf 88' lang='lat' dir='ltr'>sui</span> <span class='ocrx_word' id='word_1_53' title='bbox 336 1349 509 1410; x_wconf 66' lang='lat' dir='ltr'>moerens,</span> <span class='ocrx_word' id='word_1_54' title='bbox 528 1322 796 1407; x_wconf 79' lang='lat' dir='ltr'>inconsolabile</span> <span class='ocrx_word' id='word_1_55' title='bbox 813 1322 947 1396; x_wconf 90' lang='lat' dir='ltr'>vulnus</span> <span class='ocrx_word' id='word_1_56' title='bbox 1123 1325 1197 1403; x_wconf 78' lang='lat'>426</span> 
     </span>
     <span class='ocr_line' id='line_1_10' title="bbox 151 1436 1197 1537; baseline 0.001 -26"><span class='ocrx_word' id='word_1_57' title='bbox 151 1437 284 1523; x_wconf 87' lang='lat' dir='ltr'>Mente</span> <span class='ocrx_word' id='word_1_58' title='bbox 301 1441 399 1537; x_wconf 88' lang='lat' dir='ltr'>gerit</span> <span class='ocrx_word' id='word_1_59' title='bbox 415 1440 543 1528; x_wconf 86' lang='lat' dir='ltr'>tacita,</span> <span class='ocrx_word' id='word_1_60' title='bbox 562 1438 805 1536; x_wconf 76' lang='lat' dir='ltr'>lacrimisque</span> <span class='ocrx_word' id='word_1_61' title='bbox 827 1437 1036 1521; x_wconf 73' lang='lat' dir='ltr'>absumitur</span> <span class='ocrx_word' id='word_1_62' title='bbox 1053 1436 1197 1524; x_wconf 87' lang='lat' dir='ltr'>omnis:</span> 
     </span>
     <span class='ocr_line' id='line_1_11' title="bbox 152 1552 1183 1655; baseline -0.001 -27"><span class='ocrx_word' id='word_1_63' title='bbox 152 1553 214 1642; x_wconf 86' lang='lat' dir='ltr'>Et,</span> <span class='ocrx_word' id='word_1_64' title='bbox 233 1579 392 1655; x_wconf 82' lang='lat' dir='ltr'>quarum</span> <span class='ocrx_word' id='word_1_65' title='bbox 410 1555 531 1630; x_wconf 87' lang='lat' dir='ltr'>fuerat</span> <span class='ocrx_word' id='word_1_66' title='bbox 547 1578 725 1651; x_wconf 84' lang='lat' dir='ltr'>magnum</span> <span class='ocrx_word' id='word_1_67' title='bbox 741 1552 855 1627; x_wconf 91' lang='lat' dir='ltr'>modo</span> <span class='ocrx_word' id='word_1_68' title='bbox 872 1577 1025 1639; x_wconf 90' lang='lat' dir='ltr'>numen,</span> <span class='ocrx_word' id='word_1_69' title='bbox 1041 1552 1082 1627; x_wconf 90' lang='lat' dir='ltr'>in</span> <span class='ocrx_word' id='word_1_70' title='bbox 1098 1554 1183 1635; x_wconf 85' lang='lat' dir='ltr'>illas</span> 
     </span>
     <span class='ocr_line' id='line_1_12' title="bbox 151 1666 1072 1769; baseline -0.002 -25"><span class='ocrx_word' id='word_1_71' title='bbox 151 1666 389 1747; x_wconf 87' lang='lat' dir='ltr'>Extenuatur</span> <span class='ocrx_word' id='word_1_72' title='bbox 405 1695 544 1769; x_wconf 84' lang='lat' dir='ltr'>aquas:</span> <span class='ocrx_word' id='word_1_73' title='bbox 575 1669 709 1753; x_wconf 86' lang='lat' dir='ltr'>molliri</span> <span class='ocrx_word' id='word_1_74' title='bbox 727 1668 896 1747; x_wconf 91' lang='lat' dir='ltr'>membra</span> <span class='ocrx_word' id='word_1_75' title='bbox 912 1668 1072 1756; x_wconf 87' lang='lat' dir='ltr'>videres,</span> 
     </span>
     <span class='ocr_line' id='line_1_13' title="bbox 153 1785 1201 1887; baseline -0.001 -28"><span class='ocrx_word' id='word_1_76' title='bbox 153 1786 254 1863; x_wconf 84' lang='lat' dir='ltr'>Ossa</span> <span class='ocrx_word' id='word_1_77' title='bbox 270 1788 350 1887; x_wconf 87' lang='lat' dir='ltr'>pati</span> <span class='ocrx_word' id='word_1_78' title='bbox 368 1789 502 1873; x_wconf 84' lang='lat' dir='ltr'>flexus,</span> <span class='ocrx_word' id='word_1_79' title='bbox 522 1811 668 1885; x_wconf 87' lang='lat' dir='ltr'>ungnes</span> <span class='ocrx_word' id='word_1_80' title='bbox 686 1785 859 1886; x_wconf 83' lang='lat' dir='ltr'>posuisse</span> <span class='ocrx_word' id='word_1_81' title='bbox 876 1785 1058 1882; x_wconf 80' lang='lat' dir='ltr'>rigorem3</span> <span class='ocrx_word' id='word_1_82' title='bbox 1124 1790 1201 1859; x_wconf 81' lang='lat'>430</span> 
     </span>
     <span class='ocr_line' id='line_1_14' title="bbox 151 1899 1182 2001; baseline 0.002 -28"><span class='ocrx_word' id='word_1_83' title='bbox 151 1899 355 2001; x_wconf 88' lang='lat' dir='ltr'>Primaque</span> <span class='ocrx_word' id='word_1_84' title='bbox 372 1905 420 1979; x_wconf 94' lang='lat' dir='ltr'>de</span> <span class='ocrx_word' id='word_1_85' title='bbox 438 1915 518 1979; x_wconf 88' lang='lat' dir='ltr'>tota</span> <span class='ocrx_word' id='word_1_86' title='bbox 533 1901 755 1980; x_wconf 87' lang='lat' dir='ltr'>tenuissima</span> <span class='ocrx_word' id='word_1_87' title='bbox 771 1925 935 1999; x_wconf 84' lang='lat' dir='ltr'>quaeque</span> <span class='ocrx_word' id='word_1_88' title='bbox 951 1901 1182 2000; x_wconf 83' lang='lat' dir='ltr'>liquescunt,</span> 
     </span>
     <span class='ocr_line' id='line_1_15' title="bbox 153 2015 1119 2119; baseline 0.004 -30"><span class='ocrx_word' id='word_1_89' title='bbox 153 2015 316 2093; x_wconf 85' lang='lat' dir='ltr'>Caerulei</span> <span class='ocrx_word' id='word_1_90' title='bbox 333 2020 468 2106; x_wconf 91' lang='lat' dir='ltr'>crines,</span> <span class='ocrx_word' id='word_1_91' title='bbox 488 2020 685 2119; x_wconf 83' lang='lat' dir='ltr'>digitique,</span> <span class='ocrx_word' id='word_1_92' title='bbox 704 2030 744 2095; x_wconf 91' lang='lat' dir='ltr'>et</span> <span class='ocrx_word' id='word_1_93' title='bbox 761 2043 881 2108; x_wconf 89' lang='lat' dir='ltr'>crura,</span> <span class='ocrx_word' id='word_1_94' title='bbox 901 2019 1119 2119; x_wconf 82' lang='lat' dir='ltr'>pedesque3</span> 
     </span>
     <span class='ocr_line' id='line_1_16' title="bbox 153 2131 1128 2234; baseline 0.003 -28"><span class='ocrx_word' id='word_1_95' title='bbox 153 2131 253 2208; x_wconf 88' lang='lat' dir='ltr'>Nam</span> <span class='ocrx_word' id='word_1_96' title='bbox 271 2135 393 2210; x_wconf 89' lang='lat' dir='ltr'>brevis</span> <span class='ocrx_word' id='word_1_97' title='bbox 412 2135 451 2210; x_wconf 92' lang='lat' dir='ltr'>in</span> <span class='ocrx_word' id='word_1_98' title='bbox 468 2138 613 2234; x_wconf 85' lang='lat' dir='ltr'>gelidas</span> <span class='ocrx_word' id='word_1_99' title='bbox 630 2137 809 2210; x_wconf 89' lang='lat' dir='ltr'>membris</span> <span class='ocrx_word' id='word_1_100' title='bbox 826 2135 987 2219; x_wconf 88' lang='lat' dir='ltr'>exilibus</span> <span class='ocrx_word' id='word_1_101' title='bbox 1005 2135 1128 2209; x_wconf 84' lang='lat' dir='ltr'>undas</span> 
     </span>
     <span class='ocr_line' id='line_1_17' title="bbox 151 2247 1199 2352; baseline 0.005 -30"><span class='ocrx_word' id='word_1_102' title='bbox 151 2247 348 2329; x_wconf 84' lang='lat' dir='ltr'>Transitus</span> <span class='ocrx_word' id='word_1_103' title='bbox 372 2264 451 2328; x_wconf 85' lang='lat' dir='ltr'>est:</span> <span class='ocrx_word' id='word_1_104' title='bbox 480 2253 671 2352; x_wconf 80' lang='lat' dir='ltr'>posthaec</span> <span class='ocrx_word' id='word_1_105' title='bbox 698 2262 936 2350; x_wconf 86' lang='lat' dir='ltr'>tergumque,</span> <span class='ocrx_word' id='word_1_106' title='bbox 961 2251 1199 2350; x_wconf 88' lang='lat' dir='ltr'>humerique,</span> 
     </span>
     <span class='ocr_line' id='line_1_18' title="bbox 301 2365 490 2465; baseline 0.026 -28"><span class='ocrx_word' id='word_1_107' title='bbox 301 2365 490 2465; x_wconf 83' lang='lat' dir='ltr'>latusque,</span> 
     </span>
     <span class='ocr_line' id='line_1_19' title="bbox 152 2477 1198 2579; baseline 0.006 -28"><span class='ocrx_word' id='word_1_108' title='bbox 152 2477 390 2579; x_wconf 86' lang='lat' dir='ltr'>Pectoraque</span> <span class='ocrx_word' id='word_1_109' title='bbox 408 2483 446 2556; x_wconf 91' lang='lat' dir='ltr'>in</span> <span class='ocrx_word' id='word_1_110' title='bbox 463 2495 595 2559; x_wconf 90' lang='lat' dir='ltr'>tenues</span> <span class='ocrx_word' id='word_1_111' title='bbox 614 2484 755 2559; x_wconf 90' lang='lat' dir='ltr'>abeunt</span> <span class='ocrx_word' id='word_1_112' title='bbox 772 2482 931 2559; x_wconf 82' lang='lat' dir='ltr'>evanida</span> <span class='ocrx_word' id='word_1_113' title='bbox 951 2482 1071 2558; x_wconf 89' lang='lat' dir='ltr'>rivos:</span> <span class='ocrx_word' id='word_1_114' title='bbox 1124 2488 1198 2557; x_wconf 88' lang='grc'>435</span> 
     </span>
    </p>
   </div>
   <div class='ocr_carea' id='block_1_3' title="bbox 152 2595 1198 2814">
    <p class='ocr_par' dir='ltr' id='par_1_3' title="bbox 152 2595 1198 2814">
     <span class='ocr_line' id='line_1_20' title="bbox 152 2595 1196 2699; baseline 0.005 -30"><span class='ocrx_word' id='word_1_115' title='bbox 152 2595 329 2695; x_wconf 88' lang='lat' dir='ltr'>Denique</span> <span class='ocrx_word' id='word_1_116' title='bbox 347 2623 414 2698; x_wconf 94' lang='lat' dir='ltr'>pro</span> <span class='ocrx_word' id='word_1_117' title='bbox 431 2600 513 2675; x_wconf 88' lang='lat' dir='ltr'>vivo</span> <span class='ocrx_word' id='word_1_118' title='bbox 530 2601 679 2675; x_wconf 84' lang='lat' dir='ltr'>vitiatas</span> <span class='ocrx_word' id='word_1_119' title='bbox 697 2599 879 2699; x_wconf 87' lang='lat' dir='ltr'>sanguine</span> <span class='ocrx_word' id='word_1_120' title='bbox 896 2623 1010 2674; x_wconf 87' lang='lat' dir='ltr'>venas</span> <span class='ocrx_word' id='word_1_121' title='bbox 1044 2599 1196 2699; x_wconf 80' lang='lat' dir='ltr'>[possis</span> 
     </span>
     <span class='ocr_line' id='line_1_21' title="bbox 152 2707 1198 2814; baseline 0.008 -32"><span class='ocrx_word' id='word_1_122' title='bbox 152 2707 325 2811; x_wconf 84' lang='lat' dir='ltr'>Lympha</span> <span class='ocrx_word' id='word_1_123' title='bbox 353 2714 476 2806; x_wconf 89' lang='lat' dir='ltr'>subit;</span> <span class='ocrx_word' id='word_1_124' title='bbox 514 2726 711 2814; x_wconf 88' lang='lat' dir='ltr'>restatque</span> <span class='ocrx_word' id='word_1_125' title='bbox 741 2716 845 2804; x_wconf 90' lang='lat' dir='ltr'>nihil,</span> <span class='ocrx_word' id='word_1_126' title='bbox 877 2715 982 2813; x_wconf 89' lang='lat' dir='ltr'>quod</span> <span class='ocrx_word' id='word_1_127' title='bbox 1011 2716 1198 2814; x_wconf 81' lang='lat' dir='ltr'>prendere</span> 
     </span>
    </p>
   </div>
   <div class='ocr_carea' id='block_1_4' title="bbox 149 2927 1208 4251">
    <p class='ocr_par' dir='ltr' id='par_1_4' title="bbox 149 2927 1208 4179">
     <span class='ocr_line' id='line_1_22' title="bbox 183 2927 1200 2999; baseline 0.01 -24"><span class='ocrx_word' id='word_1_128' title='bbox 183 2927 242 2977; x_wconf 81' lang='lat'><strong>420.</strong></span> <span class='ocrx_word' id='word_1_129' title='bbox 260 2928 354 2987; x_wconf 78' lang='lat' dir='ltr'>Terruit,</span> <span class='ocrx_word' id='word_1_130' title='bbox 375 2929 481 2988; x_wconf 89' lang='lat' dir='ltr'>retinuit,</span> <span class='ocrx_word' id='word_1_131' title='bbox 504 2932 648 2999; x_wconf 80' lang='lat' dir='ltr'>eompresu&#39;t</span> <span class='ocrx_word' id='word_1_132' title='bbox 698 2935 791 2989; x_wconf 83' lang='lat' dir='ltr'>ouluur,</span> <span class='ocrx_word' id='word_1_133' title='bbox 801 2930 888 2998; x_wconf 81' lang='lat' dir='ltr'>Virgil.</span> <span class='ocrx_word' id='word_1_134' title='bbox 898 2931 1071 2984; x_wconf 80' lang='lat' dir='ltr'>AEneid.i.³6.</span> <span class='ocrx_word' id='word_1_135' title='bbox 1087 2933 1200 2985; x_wconf 80' lang='lat' dir='ltr'>Similiter</span> 
     </span>
     <span class='ocr_line' id='line_1_23' title="bbox 151 3001 1199 3073; baseline 0.008 -25"><span class='ocrx_word' id='word_1_136' title='bbox 151 3001 270 3064; x_wconf 79' lang='lat' dir='ltr'>Sceptrum</span> <span class='ocrx_word' id='word_1_137' title='bbox 284 3005 379 3064; x_wconf 73' lang='lat' dir='ltr'>teotolo,</span> <span class='ocrx_word' id='word_1_138' title='bbox 396 3003 418 3053; x_wconf 89' lang='lat' dir='ltr'>ei</span> <span class='ocrx_word' id='word_1_139' title='bbox 433 3003 475 3054; x_wconf 87' lang='lat' dir='ltr'>dat</span> <span class='ocrx_word' id='word_1_140' title='bbox 490 3005 647 3063; x_wconf 78' lang='lat' dir='ltr'>Claudianus,</span> <span class='ocrx_word' id='word_1_141' title='bbox 698 3004 769 3066; x_wconf 57' lang='lat' dir='ltr'>uxo,</span> <span class='ocrx_word' id='word_1_142' title='bbox 778 3007 843 3073; x_wconf 87' lang='lat' dir='ltr'>apud</span> <span class='ocrx_word' id='word_1_143' title='bbox 853 3007 959 3057; x_wconf 73' lang='lat' dir='ltr'>Grecos.</span> <span class='ocrx_word' id='word_1_144' title='bbox 991 3007 1039 3056; x_wconf 89' lang='lat' dir='ltr'>Sed</span> <span class='ocrx_word' id='word_1_145' title='bbox 1053 3010 1142 3070; x_wconf 65' lang='lat' dir='ltr'>culpus</span> <span class='ocrx_word' id='word_1_146' title='bbox 1155 3024 1199 3058; x_wconf 89' lang='lat' dir='ltr'>nec</span> 
     </span>
     <span class='ocr_line' id='line_1_24' title="bbox 150 3073 1208 3146; baseline 0.009 -24"><span class='ocrx_word' id='word_1_147' title='bbox 150 3073 178 3124; x_wconf 83' lang='lat' dir='ltr'>ii.</span> <span class='ocrx_word' id='word_1_148' title='bbox 191 3076 244 3125; x_wconf 80' lang='lat'><strong>172.</strong></span> <span class='ocrx_word' id='word_1_149' title='bbox 277 3077 307 3125; x_wconf 91' lang='lat' dir='ltr'>Id</span> <span class='ocrx_word' id='word_1_150' title='bbox 320 3087 490 3141; x_wconf 73' lang='lat' dir='ltr'>contorquetur,</span> <span class='ocrx_word' id='word_1_151' title='bbox 504 3095 579 3144; x_wconf 90' lang='lat' dir='ltr'>quum</span> <span class='ocrx_word' id='word_1_152' title='bbox 596 3087 650 3129; x_wconf 81' lang='lat' dir='ltr'>tan·</span> <span class='ocrx_word' id='word_1_153' title='bbox 698 3081 800 3146; x_wconf 91' lang='lat' dir='ltr'>proprie,</span> <span class='ocrx_word' id='word_1_154' title='bbox 810 3095 855 3131; x_wconf 85' lang='lat' dir='ltr'>nec</span> <span class='ocrx_word' id='word_1_155' title='bbox 865 3080 925 3131; x_wconf 76' lang='lat' dir='ltr'>adeo</span> <span class='ocrx_word' id='word_1_156' title='bbox 935 3080 1026 3146; x_wconf 81' lang='lat' dir='ltr'>tropice</span> <span class='ocrx_word' id='word_1_157' title='bbox 1040 3081 1105 3137; x_wconf 83' lang='lat' dir='ltr'>bene</span> <span class='ocrx_word' id='word_1_158' title='bbox 1116 3081 1208 3141; x_wconf 82' lang='lat' dir='ltr'>dieitur-</span> 
     </span>
     <span class='ocr_line' id='line_1_25' title="bbox 152 3148 1199 3221; baseline 0.007 -23"><span class='ocrx_word' id='word_1_159' title='bbox 152 3163 225 3214; x_wconf 79' lang='lat' dir='ltr'>qnam</span> <span class='ocrx_word' id='word_1_160' title='bbox 240 3148 308 3199; x_wconf 83' lang='lat' dir='ltr'>hasta</span> <span class='ocrx_word' id='word_1_161' title='bbox 322 3152 461 3210; x_wconf 87' lang='lat' dir='ltr'>emittenda,</span> <span class='ocrx_word' id='word_1_162' title='bbox 473 3153 561 3202; x_wconf 84' lang='lat' dir='ltr'>lacerto</span> <span class='ocrx_word' id='word_1_163' title='bbox 577 3155 650 3204; x_wconf 88' lang='lat' dir='ltr'>libra·</span> <span class='ocrx_word' id='word_1_164' title='bbox 698 3157 866 3206; x_wconf 73' lang='lat' dir='ltr'>inconsolabile.</span> <span class='ocrx_word' id='word_1_165' title='bbox 889 3154 1199 3221; x_wconf 62' lang='lat' dir='ltr'>Tmuotuoureliuequam,</span> 
     </span>
     <span class='ocr_line' id='line_1_26' title="bbox 151 3223 1199 3294; baseline 0.011 -25"><span class='ocrx_word' id='word_1_166' title='bbox 151 3229 199 3271; x_wconf 83' lang='lat' dir='ltr'>tur·</span> <span class='ocrx_word' id='word_1_167' title='bbox 226 3223 336 3279; x_wconf 75' lang='lat' dir='ltr'>Condere,</span> <span class='ocrx_word' id='word_1_168' title='bbox 346 3224 440 3275; x_wconf 88' lang='lat' dir='ltr'>trudere</span> <span class='ocrx_word' id='word_1_169' title='bbox 450 3227 650 3290; x_wconf 78' lang='lat' dir='ltr'>quemadmodum</span> <span class='ocrx_word' id='word_1_170' title='bbox 699 3236 812 3286; x_wconf 85' lang='lat' dir='ltr'>mutatur,</span> <span class='ocrx_word' id='word_1_171' title='bbox 833 3227 926 3278; x_wconf 80' lang='lat' dir='ltr'>transit.</span> <span class='ocrx_word' id='word_1_172' title='bbox 959 3227 1113 3294; x_wconf 74' lang='lat' dir='ltr'>Exquiritius</span> <span class='ocrx_word' id='word_1_173' title='bbox 1129 3229 1199 3287; x_wconf 75' lang='lat' dir='ltr'>etiarn</span> 
     </span>
     <span class='ocr_line' id='line_1_27' title="bbox 150 3295 1200 3368; baseline 0.01 -24"><span class='ocrx_word' id='word_1_174' title='bbox 150 3296 214 3346; x_wconf 82' lang='lat' dir='ltr'>ensis</span> <span class='ocrx_word' id='word_1_175' title='bbox 226 3295 252 3344; x_wconf 91' lang='lat' dir='ltr'>iu</span> <span class='ocrx_word' id='word_1_176' title='bbox 263 3312 348 3363; x_wconf 81' lang='lat' dir='ltr'>corpus</span> <span class='ocrx_word' id='word_1_177' title='bbox 362 3301 429 3348; x_wconf 79' lang='lat' dir='ltr'>condi</span> <span class='ocrx_word' id='word_1_178' title='bbox 443 3299 539 3351; x_wconf 88' lang='lat' dir='ltr'>dicitur.</span> <span class='ocrx_word' id='word_1_179' title='bbox 572 3301 651 3351; x_wconf 84' lang='lat' dir='ltr'>Etiam</span> <span class='ocrx_word' id='word_1_180' title='bbox 699 3302 768 3366; x_wconf 80' lang='lat' dir='ltr'>Virg.</span> <span class='ocrx_word' id='word_1_181' title='bbox 779 3303 869 3367; x_wconf 71' lang='lat' dir='ltr'>Georg,</span> <span class='ocrx_word' id='word_1_182' title='bbox 878 3303 912 3364; x_wconf 79' lang='lat' dir='ltr'>ir.</span> <span class='ocrx_word' id='word_1_183' title='bbox 924 3303 982 3363; x_wconf 79' lang='lat'>410.</span> <span class='ocrx_word' id='word_1_184' title='bbox 996 3306 1023 3352; x_wconf 79' lang='lat' dir='ltr'>iu</span> <span class='ocrx_word' id='word_1_185' title='bbox 1037 3321 1111 3368; x_wconf 71' lang='lat' dir='ltr'>aquus</span> <span class='ocrx_word' id='word_1_186' title='bbox 1125 3313 1200 3355; x_wconf 75' lang='lat' dir='ltr'>teneo</span> 
     </span>
     <span class='ocr_line' id='line_1_28' title="bbox 151 3369 1199 3441; baseline 0.006 -20"><span class='ocrx_word' id='word_1_187' title='bbox 151 3369 260 3427; x_wconf 81' lang='lat' dir='ltr'>deloco,</span> <span class='ocrx_word' id='word_1_188' title='bbox 279 3385 326 3435; x_wconf 89' lang='lat' dir='ltr'>quo</span> <span class='ocrx_word' id='word_1_189' title='bbox 344 3371 485 3437; x_wconf 86' lang='lat' dir='ltr'>Proserpina</span> <span class='ocrx_word' id='word_1_190' title='bbox 503 3372 608 3422; x_wconf 84' lang='lat' dir='ltr'>deducta</span> <span class='ocrx_word' id='word_1_191' title='bbox 624 3374 651 3423; x_wconf 92' lang='lat' dir='ltr'>in</span> <span class='ocrx_word' id='word_1_192' title='bbox 699 3379 800 3440; x_wconf 81' lang='lat' dir='ltr'>dilopors</span> <span class='ocrx_word' id='word_1_193' title='bbox 807 3379 884 3434; x_wconf 79' lang='lat' dir='ltr'>obibit,</span> <span class='ocrx_word' id='word_1_194' title='bbox 893 3376 956 3441; x_wconf 88' lang='lat' dir='ltr'>quod</span> <span class='ocrx_word' id='word_1_195' title='bbox 966 3377 1054 3434; x_wconf 83' lang='lat' dir='ltr'>Noster</span> <span class='ocrx_word' id='word_1_196' title='bbox 1060 3393 1127 3436; x_wconf 78' lang='lat' dir='ltr'>mox,</span> <span class='ocrx_word' id='word_1_197' title='bbox 1133 3394 1199 3434; x_wconf 79' lang='lat' dir='ltr'>versu</span> 
     </span>
     <span class='ocr_line' id='line_1_29' title="bbox 149 3443 1200 3516; baseline 0.009 -25"><span class='ocrx_word' id='word_1_198' title='bbox 149 3443 283 3501; x_wconf 82' lang='lat' dir='ltr'>Tartarum,</span> <span class='ocrx_word' id='word_1_199' title='bbox 295 3445 365 3508; x_wconf 79' lang='lat' dir='ltr'>variae</span> <span class='ocrx_word' id='word_1_200' title='bbox 377 3453 444 3499; x_wconf 78' lang='lat' dir='ltr'>erunt</span> <span class='ocrx_word' id='word_1_201' title='bbox 454 3445 587 3496; x_wconf 71' lang='lat' dir='ltr'>sententie.</span> <span class='ocrx_word' id='word_1_202' title='bbox 605 3448 651 3498; x_wconf 91' lang='lat' dir='ltr'>Per</span> <span class='ocrx_word' id='word_1_203' title='bbox 699 3449 757 3499; x_wconf 81' lang='grc'><strong>435.</strong></span> <span class='ocrx_word' id='word_1_204' title='bbox 774 3450 897 3516; x_wconf 85' lang='lat' dir='ltr'>expressit.</span> <span class='ocrx_word' id='word_1_205' title='bbox 932 3450 1032 3510; x_wconf 78' lang='lat' dir='ltr'>Molliri,</span> <span class='ocrx_word' id='word_1_206' title='bbox 1049 3459 1078 3500; x_wconf 79' lang='lat' dir='ltr'>ut</span> <span class='ocrx_word' id='word_1_207' title='bbox 1099 3466 1155 3510; x_wconf 79' lang='lat' dir='ltr'>cera</span> <span class='ocrx_word' id='word_1_208' title='bbox 1172 3451 1200 3500; x_wconf 85' lang='lat' dir='ltr'>li-</span> 
     </span>
     <span class='ocr_line' id='line_1_30' title="bbox 151 3517 1198 3589; baseline 0.006 -21"><span class='ocrx_word' id='word_1_209' title='bbox 151 3519 233 3568; x_wconf 76' lang='lat' dir='ltr'>AEtnae</span> <span class='ocrx_word' id='word_1_210' title='bbox 261 3517 351 3575; x_wconf 80' lang='lat' dir='ltr'>hiatum</span> <span class='ocrx_word' id='word_1_211' title='bbox 374 3519 493 3584; x_wconf 88' lang='lat' dir='ltr'>quendam</span> <span class='ocrx_word' id='word_1_212' title='bbox 515 3520 540 3569; x_wconf 88' lang='lat' dir='ltr'>id</span> <span class='ocrx_word' id='word_1_213' title='bbox 562 3520 651 3572; x_wconf 81' lang='lat' dir='ltr'>factum</span> <span class='ocrx_word' id='word_1_214' title='bbox 699 3539 822 3588; x_wconf 76' lang='lat' dir='ltr'>queecens.</span> <span class='ocrx_word' id='word_1_215' title='bbox 858 3523 1198 3589; x_wconf 76' lang='lat' dir='ltr'>Potifleruo,tleriflexihilie.</span> 
     </span>
     <span class='ocr_line' id='line_1_31' title="bbox 150 3590 1200 3663; baseline 0.009 -23"><span class='ocrx_word' id='word_1_216' title='bbox 150 3590 230 3656; x_wconf 89' lang='lat' dir='ltr'>plnres</span> <span class='ocrx_word' id='word_1_217' title='bbox 237 3592 371 3651; x_wconf 85' lang='lat' dir='ltr'>tradebant,</span> <span class='ocrx_word' id='word_1_218' title='bbox 382 3593 493 3659; x_wconf 86' lang='lat' dir='ltr'>idemque</span> <span class='ocrx_word' id='word_1_219' title='bbox 501 3594 573 3643; x_wconf 86' lang='lat' dir='ltr'>etiam</span> <span class='ocrx_word' id='word_1_220' title='bbox 580 3594 651 3645; x_wconf 91' lang='lat' dir='ltr'>hodie</span> <span class='ocrx_word' id='word_1_221' title='bbox 699 3599 758 3647; x_wconf 85' lang='lat' dir='ltr'>Mox</span> <span class='ocrx_word' id='word_1_222' title='bbox 773 3606 896 3663; x_wconf 77' lang='lat' dir='ltr'>argutatur</span> <span class='ocrx_word' id='word_1_223' title='bbox 910 3607 935 3657; x_wconf 86' lang='lat' dir='ltr'>et</span> <span class='ocrx_word' id='word_1_224' title='bbox 945 3598 1040 3663; x_wconf 81' lang='lat' dir='ltr'>ingenio</span> <span class='ocrx_word' id='word_1_225' title='bbox 1055 3600 1163 3658; x_wconf 80' lang='lat' dir='ltr'>abutitur</span> <span class='ocrx_word' id='word_1_226' title='bbox 1176 3599 1200 3649; x_wconf 87' lang='lat' dir='ltr'>in</span> 
     </span>
     <span class='ocr_line' id='line_1_32' title="bbox 150 3665 1201 3733; baseline 0.007 -19"><span class='ocrx_word' id='word_1_227' title='bbox 150 3665 266 3733; x_wconf 77' lang='lat' dir='ltr'>spelunea</span> <span class='ocrx_word' id='word_1_228' title='bbox 285 3667 430 3733; x_wconf 73' lang='lat' dir='ltr'>Proserpina</span> <span class='ocrx_word' id='word_1_229' title='bbox 450 3676 557 3719; x_wconf 87' lang='lat' dir='ltr'>vocatur.</span> <span class='ocrx_word' id='word_1_230' title='bbox 591 3669 650 3719; x_wconf 92' lang='lat' dir='ltr'>Vid.</span> <span class='ocrx_word' id='word_1_231' title='bbox 700 3671 890 3730; x_wconf 64' lang='lat' dir='ltr'>nauhaimirillis</span> <span class='ocrx_word' id='word_1_232' title='bbox 900 3680 925 3722; x_wconf 90' lang='lat' dir='ltr'>et</span> <span class='ocrx_word' id='word_1_233' title='bbox 935 3675 996 3723; x_wconf 79' lang='lat' dir='ltr'>brevi</span> <span class='ocrx_word' id='word_1_234' title='bbox 1006 3687 1091 3731; x_wconf 81' lang='lat' dir='ltr'>earum</span> <span class='ocrx_word' id='word_1_235' title='bbox 1101 3675 1201 3730; x_wconf 61' lang='lat' dir='ltr'>tranare</span> 
     </span>
     <span class='ocr_line' id='line_1_33' title="bbox 151 3739 1199 3810; baseline 0.014 -24"><span class='ocrx_word' id='word_1_236' title='bbox 151 3739 453 3805; x_wconf 83' lang='lat' dir='ltr'>Brydoniiltinerar.tom.</span> <span class='ocrx_word' id='word_1_237' title='bbox 465 3742 483 3791; x_wconf 91' lang='lat' dir='ltr'>i.</span> <span class='ocrx_word' id='word_1_238' title='bbox 495 3759 521 3809; x_wconf 88' lang='lat' dir='ltr'>p.</span> <span class='ocrx_word' id='word_1_239' title='bbox 533 3746 588 3794; x_wconf 80' lang='lat'>189.</span> <span class='ocrx_word' id='word_1_240' title='bbox 621 3746 651 3796; x_wconf 90' lang='lat' dir='ltr'>ln</span> <span class='ocrx_word' id='word_1_241' title='bbox 699 3742 724 3794; x_wconf 88' lang='lat' dir='ltr'>in</span> <span class='ocrx_word' id='word_1_242' title='bbox 736 3752 889 3809; x_wconf 81' lang='lat' dir='ltr'>aquas3tum</span> <span class='ocrx_word' id='word_1_243' title='bbox 900 3744 963 3809; x_wconf 87' lang='lat' dir='ltr'>quod</span> <span class='ocrx_word' id='word_1_244' title='bbox 973 3746 1067 3803; x_wconf 70' lang='lat' dir='ltr'>ututur</span> <span class='ocrx_word' id='word_1_245' title='bbox 1077 3745 1199 3810; x_wconf 65' lang='lat' dir='ltr'>purime</span> 
     </span>
     <span class='ocr_line' id='line_1_34' title="bbox 150 3812 1203 3883; baseline 0.007 -23"><span class='ocrx_word' id='word_1_246' title='bbox 150 3812 498 3881; x_wconf 76' lang='lat' dir='ltr'>uorpuinPlutabducitur</span> <span class='ocrx_word' id='word_1_247' title='bbox 509 3827 651 3883; x_wconf 81' lang='lat' dir='ltr'>perantrum</span> <span class='ocrx_word' id='word_1_248' title='bbox 701 3826 777 3867; x_wconf 88' lang='lat' dir='ltr'>morat</span> <span class='ocrx_word' id='word_1_249' title='bbox 797 3833 878 3868; x_wconf 82' lang='lat' dir='ltr'>venas.</span> <span class='ocrx_word' id='word_1_250' title='bbox 909 3817 1000 3880; x_wconf 70' lang='lat' dir='ltr'>Melius</span> <span class='ocrx_word' id='word_1_251' title='bbox 1019 3816 1149 3879; x_wconf 70' lang='lat' dir='ltr'>claudian.</span> <span class='ocrx_word' id='word_1_252' title='bbox 1169 3816 1203 3872; x_wconf 76' lang='lat' dir='ltr'>iii.</span> 
     </span>
     <span class='ocr_line' id='line_1_35' title="bbox 150 3886 1208 3958; baseline 0.003 -22"><span class='ocrx_word' id='word_1_253' title='bbox 150 3886 249 3944; x_wconf 70' lang='lat' dir='ltr'>Atticae.</span> <span class='ocrx_word' id='word_1_254' title='bbox 276 3889 531 3941; x_wconf 63' lang='lat' dir='ltr'>claritudinem:</span> <span class='ocrx_word' id='word_1_255' title='bbox 559 3891 652 3958; x_wconf 78' lang='lat' dir='ltr'>Raptor</span> <span class='ocrx_word' id='word_1_256' title='bbox 701 3893 757 3949; x_wconf 77' lang='lat'>245.</span> <span class='ocrx_word' id='word_1_257' title='bbox 768 3909 872 3943; x_wconf 82' lang='lat' dir='ltr'>moerens</span> <span class='ocrx_word' id='word_1_258' title='bbox 881 3893 964 3958; x_wconf 87' lang='lat' dir='ltr'>Cyane</span> <span class='ocrx_word' id='word_1_259' title='bbox 975 3894 1047 3945; x_wconf 75' lang='lat' dir='ltr'>tacito</span> <span class='ocrx_word' id='word_1_260' title='bbox 1058 3893 1112 3941; x_wconf 69' lang='lat' dir='ltr'>lero</span> <span class='ocrx_word' id='word_1_261' title='bbox 1120 3907 1208 3950; x_wconf 74' lang='lat' dir='ltr'>moeno</span> 
     </span>
     <span class='ocr_line' id='line_1_36' title="bbox 153 3959 1203 4031; baseline 0.015 -25"><span class='ocrx_word' id='word_1_262' title='bbox 153 3959 250 4010; x_wconf 82' lang='lat' dir='ltr'>Taeuuro</span> <span class='ocrx_word' id='word_1_263' title='bbox 266 3964 350 4011; x_wconf 81' lang='lat' dir='ltr'>intrat.</span> <span class='ocrx_word' id='word_1_264' title='bbox 389 3964 485 4013; x_wconf 78' lang='lat' dir='ltr'>Scilicet</span> <span class='ocrx_word' id='word_1_265' title='bbox 500 3966 579 4030; x_wconf 82' lang='lat' dir='ltr'>plures</span> <span class='ocrx_word' id='word_1_266' title='bbox 596 3982 649 4031; x_wconf 82' lang='lat' dir='ltr'>spe·</span> <span class='ocrx_word' id='word_1_267' title='bbox 700 3967 802 4016; x_wconf 78' lang='lat' dir='ltr'>Solvitur</span> <span class='ocrx_word' id='word_1_268' title='bbox 816 3971 842 4015; x_wconf 82' lang='lat' dir='ltr'>iu</span> <span class='ocrx_word' id='word_1_269' title='bbox 859 3969 966 4026; x_wconf 62' lang='lat' dir='ltr'>loricam</span> <span class='ocrx_word' id='word_1_270' title='bbox 982 3968 1084 4029; x_wconf 75' lang='lat' dir='ltr'>subrepit</span> <span class='ocrx_word' id='word_1_271' title='bbox 1103 3967 1203 4015; x_wconf 64' lang='lat' dir='ltr'>atatim</span> 
     </span>
     <span class='ocr_line' id='line_1_37' title="bbox 152 4027 1202 4104; baseline 0.008 -24"><span class='ocrx_word' id='word_1_272' title='bbox 152 4027 229 4082; x_wconf 79' lang='lat' dir='ltr'>luncae</span> <span class='ocrx_word' id='word_1_273' title='bbox 251 4035 436 4100; x_wconf 80' lang='lat' dir='ltr'>reperiebantur,</span> <span class='ocrx_word' id='word_1_274' title='bbox 456 4053 498 4103; x_wconf 87' lang='lat' dir='ltr'>per</span> <span class='ocrx_word' id='word_1_275' title='bbox 523 4054 584 4104; x_wconf 84' lang='lat' dir='ltr'>quas</span> <span class='ocrx_word' id='word_1_276' title='bbox 608 4039 649 4090; x_wconf 89' lang='lat' dir='ltr'>de·</span> <span class='ocrx_word' id='word_1_277' title='bbox 700 4041 959 4104; x_wconf 31' lang='lat' dir='ltr'>bumm,quuitur,·iu</span> <span class='ocrx_word' id='word_1_278' title='bbox 974 4057 1092 4103; x_wconf 63' lang='lat' dir='ltr'>roremque</span> <span class='ocrx_word' id='word_1_279' title='bbox 1105 4042 1202 4102; x_wconf 72' lang='lat' dir='ltr'>podeert</span> 
     </span>
     <span class='ocr_line' id='line_1_38' title="bbox 151 4107 908 4179; baseline 0.016 -26"><span class='ocrx_word' id='word_1_280' title='bbox 151 4121 247 4155; x_wconf 83' lang='lat' dir='ltr'>ocensns</span> <span class='ocrx_word' id='word_1_281' title='bbox 259 4107 289 4155; x_wconf 88' lang='lat' dir='ltr'>ad</span> <span class='ocrx_word' id='word_1_282' title='bbox 299 4108 385 4158; x_wconf 79' lang='lat' dir='ltr'>inferos</span> <span class='ocrx_word' id='word_1_283' title='bbox 395 4119 477 4179; x_wconf 85' lang='lat' dir='ltr'>patere</span> <span class='ocrx_word' id='word_1_284' title='bbox 487 4111 636 4162; x_wconf 85' lang='lat' dir='ltr'>credebatur.</span> <span class='ocrx_word' id='word_1_285' title='bbox 702 4117 795 4164; x_wconf 79' lang='lat' dir='ltr'>brachio</span> <span class='ocrx_word' id='word_1_286' title='bbox 806 4125 908 4165; x_wconf 79' lang='lat' dir='ltr'>monum.</span> 
     </span>
    </p>

    <p class='ocr_par' dir='ltr' id='par_1_5' title="bbox 185 4181 653 4251">
     <span class='ocr_line' id='line_1_39' title="bbox 185 4181 653 4251; baseline 0.024 -24"><span class='ocrx_word' id='word_1_287' title='bbox 185 4181 241 4230; x_wconf 80' lang='lat'><strong>426.</strong></span> <span class='ocrx_word' id='word_1_288' title='bbox 263 4181 358 4239; x_wconf 83' lang='lat' dir='ltr'>Vulnus,</span> <span class='ocrx_word' id='word_1_289' title='bbox 373 4183 485 4240; x_wconf 87' lang='lat' dir='ltr'>dolorem,</span> <span class='ocrx_word' id='word_1_290' title='bbox 500 4193 527 4234; x_wconf 92' lang='lat' dir='ltr'>ut</span> <span class='ocrx_word' id='word_1_291' title='bbox 542 4197 653 4251; x_wconf 73' lang='lat' dir='ltr'>eternum</span> 
     </span>
    </p>
   </div>
   <div class='ocr_carea' id='block_1_5' title="bbox 0 0 1411 5010">
    <p class='ocr_par' dir='ltr' id='par_1_6' title="bbox 0 0 1411 5010">
     <span class='ocr_line' id='line_1_40' title="bbox 0 0 1411 5010; baseline 0 0"><span class='ocrx_word' id='word_1_292' title='bbox 0 0 1411 5010; x_wconf 95' lang='lat' dir='ltr'> </span> 
     </span>
    </p>
   </div>
  </div>
 </body>
</html>
