2812 5010
301 374 368 442 lviii
682 314 690 330 ο
744 372 912 438 SERIES

248 608 251 613 ,
348 544 423 612 Lib.
440 545 502 610 ΧΙ.
527 543 615 609 Hinc
636 545 784 608 Thracia
794 545 939 608 mulieres
949 565 1047 627 quum
1060 543 1197 628 Orphea
1209 544 1355 628 discerp-

306 666 433 741 sissent,
446 672 601 749 serpente,
612 663 670 747 qui
684 684 720 728 os
734 665 804 747 ejus
815 664 960 747 petebat,
971 663 1005 725 in
1019 662 1157 746 lapidem
1170 671 1307 736 mutato,
1321 660 1355 723 in

305 783 437 846 arbores
450 802 613 845 converaae
630 790 704 844 sunt
724 802 744 842 a
766 778 910 855 Baccho,
926 781 994 862 qui,
1008 778 1131 856 relicta,
1147 779 1190 843 ob
1205 779 1356 842 interfec-

305 910 374 963 tum
388 908 504 973 vatem,
520 895 675 972 Thracia,
690 896 724 958 in
744 895 920 979 Phrygiam
940 918 975 960 se
996 896 1141 972 contulit,
1156 896 1214 961 ubi
1228 895 1355 972 Midas,

307 1017 359 1079 cui
379 1037 440 1099 pro
460 1014 571 1078 Sileno
592 1014 743 1081 restituto
762 1014 835 1076 anri
855 1014 980 1098 copiam
996 1014 1083 1078 fecit.
1129 1014 1231 1099 Cujus
1253 1034 1355 1097 quum

304 1132 392 1197 illum
407 1134 592 1217 poeniteret,
607 1133 640 1194 in
652 1132 786 1196 Pactolo
800 1131 886 1196 lotus
900 1155 1018 1197 arenas
1031 1134 1101 1217 ejus
1116 1152 1234 1196 careas
1243 1130 1357 1196 reddi·

306 1251 365 1314 dit.
402 1249 523 1312 Postea
540 1247 688 1312 Phoebus
703 1270 765 1331 pro
779 1249 889 1330 iniquo
900 1250 1024 1332 judicio
1040 1271 1135 1313 aures
1151 1248 1197 1311 illi
1211 1249 1355 1312 asininas

307 1368 429 1435 tribuit.
476 1366 553 1439 Quo
570 1366 667 1441 facto,
683 1365 817 1449 Trojam
832 1365 998 1448 profectus
1013 1364 1145 1449 Apollo,
1161 1366 1357 1429 Laomedon-

307 1494 368 1548 tem
396 1504 504 1546 muros
530 1483 692 1567 Trojanos
721 1492 940 1561 exstruentem
968 1483 1101 1568 adjuvit.
1146 1482 1260 1545 Filiam
1284 1485 1356 1566 ejus

307 1601 482 1675 Hesionen,
508 1621 586 1662 saxo
615 1598 786 1684 alligatam,
812 1598 961 1663 liberavit
984 1599 1157 1675 Hercules,
1183 1601 1356 1682 conjugem

308 1729 416 1782 autem
449 1718 545 1782 duxit
578 1719 737 1793 Telamon,
767 1717 1038 1801 quemadmodum
1066 1717 1183 1780 Penus
1210 1715 1356 1780 Thetide

307 1835 539 1900 transformem.
582 1835 615 1898 Is
634 1836 677 1899 ad
695 1835 834 1918 Ceycem
856 1844 971 1919 postea
992 1834 1169 1917 profectus,
1189 1833 1357 1896 Dadolio

308 1977 376 2018 nem
395 1954 428 2018 in
448 1954 644 2039 accipitrem,
659 1965 693 2018 et
712 1955 818 2038 lnpam
836 1954 871 2017 in
889 1974 1002 2016 saxam
1024 1972 1223 2026 conversum,
1238 1950 1357 2034 partim

307 2070 522 2147 intellexerat,
535 2071 653 2155 partim
674 2071 745 2154 ipse
759 2071 895 2135 viderat.
934 2069 1002 2133 Sed
1020 2069 1112 2152 Cepa
1128 2069 1161 2131 in
1180 2069 1295 2132 itinere
1315 2065 1358 2131 ad

309 2187 475 2253 oraculum
490 2186 633 2252 Clarium
653 2198 805 2272 suscepto
818 2189 916 2273 periit
930 2187 1108 2271 naufragio.
1154 2185 1287 2251 Accidit
1301 2186 1358 2248 de·

306 2306 394 2383 inde,
415 2315 452 2368 ut
471 2305 653 2389 Halcyone,
672 2306 787 2368 marito
806 2313 881 2388 post
898 2302 1103 2388 naufragium
1125 2304 1186 2366 sub
1204 2302 1359 2386 Mmplei

307 2422 414 2507 ligura
440 2421 616 2486 secundum
632 2421 774 2505 quietem
796 2432 983 2506 conspecto,
1003 2422 1037 2484 in
1056 2422 1232 2505 halcyonem
1254 2442 1356 2495 avem,

310 2541 392 2604 siout
406 2549 439 2602 et
454 2539 595 2614 marituS,
611 2549 800 2603 mutaretur.
839 2540 932 2613 Quos
947 2539 1090 2604 volantes
1102 2561 1202 2624 quum
1216 2539 1359 2602 animad-

285 2659 479 2721 -vertissent
503 2655 644 2739 quidam,
668 2657 837 2731 AEsacam
858 2656 978 2721 Priami
1000 2656 1112 2733 lilium,
1134 2657 1296 2741 quondam
1325 2656 1358 2718 in

309 2794 460 2858 mergam,
475 2771 614 2856 quitum
629 2770 711 2836 forte
726 2755 849 2848 aderat,
864 2774 1035 2837 meminere
1051 2773 1320 2838 transformatum.

354 2889 429 2954 Lib.
446 2886 526 2951 Xll.
551 2887 639 2952 Huic
662 2897 731 2952 tum
750 2879 901 2955 Priamus
922 2900 1026 2974 pater,
1048 2900 1199 2974 tanquam
1218 2899 1359 2967 mortuo,

311 3006 481 3090 exsequias
495 3006 572 3070 fecit
585 3027 650 3070 una
664 3027 736 3070 cum
749 3005 836 3083 filiis,
851 3019 990 3092 excepto
1004 3008 1136 3084 Paride,
1149 3009 1204 3092 qui
1219 3009 1252 3070 in
1265 3007 1360 3071 Groe-

312 3126 394 3189 ciam
416 3121 582 3208 profectus
606 3122 767 3188 Helenam
791 3127 909 3209 rapuit.
955 3125 1135 3210 Raptorem
1159 3125 1261 3189 secuti
1282 3137 1359 3189 sunt

315 3240 436 3317 Graeci,
451 3249 622 3324 postquam
637 3238 769 3316 Aulide,
781 3251 925 3326 serpente
938 3245 1080 3327 quodam
1094 3244 1127 3306 in
1141 3245 1279 3328 lapidem
1292 3250 1361 3307 'mu-

312 3369 391 3438 tato,
407 3358 547 3424 Dianam
564 3358 692 3443 placare
706 3359 875 3424 voluerant
888 3361 1061 3446 Iphigenia
1080 3359 1199 3437 oblata,
1215 3361 1268 3424 cui
1282 3382 1360 3424 vero

311 3487 443 3543 mutatae
462 3475 536 3540 Dea
556 3477 720 3541 substituit
740 3497 875 3540 cervam.
922 3476 1057 3561 Trojani
1076 3498 1176 3559 quum
1197 3475 1281 3539 fama
1304 3478 1361 3540 ad-

313 3606 444 3661 ventum
470 3593 660 3658 Graecorum
684 3595 918 3677 cognovissent,
939 3594 1051 3658 armati
1074 3615 1129 3657 eos
1157 3602 1358 3677 exspectant.

313 3712 422 3776 Primo
438 3711 544 3775 statim
560 3734 734 3794 congressu
753 3711 889 3797 Cycnus,
905 3713 947 3776 ab
961 3709 1090 3776 Achille
1108 3730 1205 3794 super
1218 3709 1361 3794 lapidem

313 3839 457 3905 necatus,
474 3830 670 3893 convertitur
693 3852 712 3892 a
736 3829 894 3914 Neptuno
913 3829 947 3891 in
965 3850 1053 3892 anem
1074 3829 1124 3892 sui
1143 3828 1288 3891 nominis.
1326 3822 1359 3890 Is

314 3955 433 4021 autem,
448 3947 504 4030 qui
524 3946 589 4010 telo
608 3945 696 4010 nullo
710 3943 822 4010 violari
840 3955 1000 4030 potuerat,
1016 3946 1049 4007 in
1064 3945 1207 4008 convivio
1224 3944 1361 4007 heroum

314 4061 449 4126 Nestori
472 4064 504 4127 in
533 4066 715 4129 memoriam
741 4067 913 4130 revocabat
939 4075 1003 4128 tam
1030 4065 1157 4140 Canen,
1181 4062 1381 4130 invulnera.

312 4178 409 4243 bilem
426 4192 458 4243 et
478 4182 593 4263 ipsum,
610 4194 706 4265 atque
722 4185 858 4265 primum
879 4206 898 4246 e
916 4183 1031 4246 femina
1047 4185 1079 4247 in
1098 4200 1225 4256 marem,
1241 4179 1360 4244 deinde
