2812 5010
268 336 332 402 130
563 334 602 399 Ρ.
626 334 787 400 OVIDII
810 333 1020 399 NASONIS

271 509 379 584 Sedit
396 508 645 594 Atlantiades,
666 518 704 582 et
721 518 873 582 euntem
891 508 1010 582 multa
1026 509 1215 606 loquendo

269 626 442 699 Detinuit
459 648 630 698 sermone
648 625 769 711 diem;
795 625 1014 722 junctisque
1032 626 1201 728 canendo

268 742 430 815 Vincere
447 741 691 815 arundinibus
709 742 896 815 servantia
913 741 1054 815 lumina
1070 751 1205 815 tentat.
1226 838 1230 843 ι

269 856 339 930 Ille
354 867 480 930 tamen
498 870 641 956 pugnat
658 859 790 932 molles
808 857 978 932 evincere
997 881 1169 931 somnos:
1233 861 1310 931 685

269 972 331 1058 Et,
347 972 518 1070 quamvis
537 997 648 1070 sopor
665 983 724 1046 est
741 973 934 1046 oculorum
951 984 1058 1071 parte
1077 983 1265 1071 receptus,

268 1088 383 1162 Parte
402 1099 529 1162 tamen
544 1088 697 1184 vigilat:
723 1089 858 1186 quaerit
878 1112 1042 1186 quoque,
1065 1112 1228 1187 namque
1249 1111 1310 1161 re-

268 1204 413 1278 Fistula
425 1230 544 1303 nuper
557 1215 648 1292 erat,
664 1230 738 1303 qua
752 1205 801 1279 sit
813 1205 955 1278 ratione
969 1214 1129 1302 reperta.
1183 1206 1311 1302 [perta

317 1319 414 1393 Turn
441 1319 559 1406 Deus,
581 1329 605 1358 “
624 1319 795 1393 Arcadiae
818 1319 952 1417 gelidis
981 1321 1051 1392 sub
1079 1318 1312 1406 montibuS‚''

416 1436 551 1534 inquit,

268 1561 292 1591 ‘⁴
309 1551 412 1626 inter
426 1552 712 1650 Hamadryadas
727 1552 969 1627 celeberrima
984 1549 1217 1624 Nonacrinas
1233 1553 1310 1623 690

299 1761 355 1816 682,
371 1761 428 1810 663.
447 1760 479 1808 Et
496 1761 697 1824 euntem—diem]
716 1762 761 1810 Io·
811 1761 905 1810 videtur
922 1763 1023 1810 detinere
1035 1761 1070 1809 ita
1084 1760 1131 1809 dici
1143 1775 1220 1825 posse,
1230 1758 1268 1807 IV
1278 1773 1310 1806 ex

267 1849 311 1882 cus
319 1833 356 1882 hic
364 1833 434 1882 valde
443 1833 508 1882 torsit
514 1833 610 1898 ingenia
618 1835 678 1883 Intt.
697 1837 761 1894 Quo·
812 1837 881 1884 Pont.
893 1853 917 1884 x.
929 1835 959 1884 67
969 1854 975 1882 ι
994 1835 1094 1884 Detinui
1105 1844 1190 1896 tempus
1200 1849 1312 1895 curasque

266 1905 330 1954 niam
345 1905 445 1954 amoenis
459 1908 688 1957 confabulationibus
702 1916 761 1956 tem·
803 1909 942 1975 feselii,ubi
951 1909 1000 1957 vid.
1010 1907 1093 1957 Heius.
1112 1907 1217 1956 Molesta
1227 1915 1310 1955 tamen

265 1997 311 2045 pus
326 1980 423 2036 fallitur,
435 1988 459 2028 et
474 1981 569 2030 brevius
580 1981 647 2045 quasi
657 1981 762 2030 redditur
811 1981 967 2031 redundantia
977 1981 1047 2030 estin
1058 1983 1133 2029 muita
1144 1983 1251 2044 iequmdo
1260 1997 1311 2028 ser·

265 2054 323 2103 dum
340 2054 456 2103 nobisvix
469 2054 623 2104 sentientibus
640 2055 759 2120 praeterla-
811 2073 881 2105 mone.
913 2054 1311 2118 Seidenstueclrer.deniquehunc

265 2129 344 2189 bitur3
360 2137 483 2194 propterea
503 2136 575 2193 negat
592 2131 708 2178 Burman.
724 2145 762 2178 sa·
811 2144 905 2177 sensum
912 2127 1020 2193 subjicit:
1031 2127 1102 2184 diem,
1110 2127 1151 2192 qui
1161 2127 1221 2176 alias
1230 2127 1309 2176 multa
1339 2118 1375 2185 Ο

265 2219 323 2251 num
333 2203 449 2252 essenl.
475 2203 530 2268 Ipse
544 2219 599 2268 ergo
610 2203 683 2252 ductu
692 2203 762 2253 unius
811 2203 929 2267 loquendo
938 2202 1049 2251 festinare
1057 2203 1238 2259 solet,sermone‚
1246 2201 1310 2250 inter

266 2277 328 2326 cod.
340 2275 365 2324 in
380 2293 426 2340 quo
440 2280 527 2325 domuit
542 2287 665 2326 exaratum
676 2286 761 2335 exstat,
811 2277 965 2342 loquendum,
976 2275 999 2326 vi
1018 2292 1062 2324 sua
1078 2275 1158 2324 divina
1175 2274 1310 2341 suspendit,

264 2351 333 2415 legit,
355 2354 464 2399 diminuit
485 2368 526 2416 pro
545 2354 653 2400 detinuit.
685 2352 761 2400 Dimi-
811 2348 935 2400 tardiorem
947 2357 988 2397 aut
998 2349 1125 2413 longiorem
1136 2347 1200 2397 fecit.

265 2442 335 2473 nuere
357 2434 435 2473 autern
459 2433 553 2490 tempus
576 2425 664 2474 dixisse
689 2425 761 2473 etiam
844 2425 901 2472 684.
923 2423 1035 2485 Vincere]
1052 2421 1244 2470 Siliusviieot:
1257 2421 1306 2468 Do-

266 2498 344 2548 Cicer.
356 2501 425 2547 Orat.
437 2499 470 2547 iii.
480 2501 520 2548 49.
531 2507 555 2548 et
570 2500 614 2548 hoc
631 2498 694 2547 idern
709 2515 761 2548 esse
811 2513 852 2546 nec
861 2499 980 2558 composuit
993 2497 1105 2545 luctantia
1113 2496 1200 2544 lumina
1206 2510 1306 2542 somnus.

265 2573 328 2636 quod
338 2573 455 2637 frangere
470 2576 537 2628 diem,
549 2581 573 2621 et
588 2582 677 2634 partem
692 2573 762 2620 solido
814 2573 908 2620 Vincere
915 2574 1029 2619 :mantin
1038 2571 1133 2617 lumino.
1149 2569 1230 2633 Sopire
1239 2569 1306 2617 fistu-

265 2649 352 2695 demere
366 2649 394 2694 de
409 2649 454 2704 die,
472 2647 536 2711 apud
554 2648 637 2695 Horat.
669 2646 694 2693 Si
708 2646 761 2710 quis
810 2647 840 2694 1ae
857 2653 929 2694 cantu
943 2647 1022 2693 oculos
1032 2642 1091 2708 Argi
1106 2642 1221 2692 servantis
1233 2649 1306 2706 atque

265 2727 344 2768 tamen
355 2719 415 2768 tueri
425 2720 494 2768 malit
502 2721 566 2769 verb.
576 2723 685 2777 detinuit,
691 2735 761 2768 versu
810 2717 963 2767 custodientis
974 2732 1078 2766 vaccam.

265 2809 316 2856 seq.
326 2797 384 2841 diem
394 2810 461 2858 posse
472 2793 497 2841 in
507 2796 594 2850 ducem,
602 2793 619 2842 i.
627 2809 649 2841 e.
660 2794 760 2857 Argum,
842 2793 899 2841 6115.
919 2793 1014 2856 Pugnat
1026 2791 1149 2854 euincere]
1161 2792 1267 2855 Pugnat,
1277 2799 1306 2839 ut

265 2865 307 2928 qui
324 2865 426 2914 ducebat
443 2867 479 2923 Io,
495 2867 589 2924 mutari,
600 2874 657 2915 tunc
671 2875 760 2915 euntem
809 2866 917 2916 evincat:
944 2884 966 2914 v.
986 2867 1042 2914 549.
1060 2875 1149 2931 pugnat
1170 2881 1288 2928 resurgere
1296 2882 1307 2922 ,·

264 2953 325 2996 esse,
337 2938 371 2986 ire
382 2939 509 2988 volentem.
542 2940 634 2988 Neutra
648 2938 760 2987 emenda·
810 2943 866 2994 354.
884 2942 984 2989 remoliri
1005 2938 1232 2995 luctetur-Molles,
1253 2937 1308 2985 dul·

265 3012 298 3059 tio
307 3011 504 3060 nobissatisfacit.
525 3013 580 3060 Non
590 3015 662 3077 probo
672 3023 761 3062 euntem
810 3031 857 3072 ces,
876 3030 967 3064 suaves.
1000 3012 1079 3061 Etiam
1091 3011 1182 3061 Graecis
1195 3011 1308 3076 μαλακὸς

266 3086 361 3132 duran:
383 3101 437 3132 nam
455 3085 476 3133 is
490 3085 540 3151 ipse
556 3095 679 3150 rogaverat
696 3089 760 3136 Mer·
811 3089 899 3147 ὕπνος.

265 3157 366 3214 curium,
378 3166 406 3206 ut
420 3159 493 3208 vellet
507 3158 552 3208 sibi
567 3168 661 3226 tempus
678 3160 760 3210 fallere
843 3164 900 3211 689.
912 3163 969 3210 Tum
978 3161 1064 3223 Deua]
1080 3158 1211 3210 Commode
1221 3157 1308 3207 intexit

265 3231 447 3282 confabulando.
481 3233 530 3282 Cur
541 3234 612 3297 igitur
623 3251 685 3283 nunc
697 3235 760 3284 abire
810 3236 916 3286 fabulam
942 3234 972 3283 de
993 3236 1092 3298 Syringe
1118 3232 1231 3296 nympha,
1252 3247 1306 3296 quse

264 3313 382 3370 properat,
403 3305 445 3354 ubi
467 3306 508 3354 ille
529 3308 568 3355 vix
591 3307 685 3356 initium
705 3309 761 3357 fecit
811 3326 884 3375 quum
894 3309 984 3372 fugeret
999 3323 1101 3356 amorem
1115 3305 1195 3363 Panis,
1206 3306 1231 3353 in
1242 3307 1307 3354 cala-

265 3380 450 3428 confabulandif
466 3383 498 3429 Et
508 3384 554 3429 dur
568 3381 598 3429 ds
613 3382 708 3431 custode
719 3382 761 3430 bo·
811 3400 861 3432 mos
875 3391 966 3431 mutata
976 3392 1019 3438 est,
1029 3381 1092 3430 unde
1103 3382 1156 3429 Pan
1166 3381 1210 3429 sibi
1221 3379 1308 3428 struxit

264 3454 300 3502 vis
317 3453 421 3502 insolens
437 3453 495 3502 mihi
509 3453 616 3514 videtur3
632 3455 708 3503 visum
725 3464 761 3504 est
809 3456 991 3506 fistulam-Sub
1003 3457 1114 3503 montibus
1123 3453 1212 3503 versari
1222 3452 1306 3501 dicun-

264 3526 337 3576 etiam
347 3527 450 3592 Heynio,
463 3529 563 3576 Observ.
574 3527 604 3576 ad
615 3528 693 3576 Tibul.
705 3529 726 3577 I.
737 3546 760 3577 x.
809 3539 855 3588 tur,
875 3528 960 3594 quiin
979 3528 1106 3583 montibus,
1124 3538 1165 3576 aut
1183 3527 1248 3575 circa
1266 3543 1307 3575 eos

266 3602 305 3650 10.
321 3601 374 3650 Nec
385 3601 464 3666 placet
474 3602 539 3650 verb.
549 3605 659 3650 diminuit
668 3611 762 3666 propter
811 3611 989 3653 commorantur.
1010 3601 1090 3650 Etiam
1100 3605 1141 3650 sub
1151 3603 1256 3657 uallibus,
1265 3603 1307 3649 sub

264 3684 362 3732 euntem,
378 3675 394 3724 i.
411 3692 432 3724 e.
447 3683 583 3739 vergentem
599 3675 629 3723 ad
645 3690 762 3724 occasum.
811 3695 884 3733 amne,
897 3679 937 3725 rub
947 3681 991 3725 oris
1001 3674 1026 3723 in
1036 3692 1096 3723 usu:
1109 3674 1163 3724 vide
1174 3675 1307 3724 Burmann.

264 3748 336 3813 Apud
352 3749 404 3798 Cic.
419 3749 516 3814 quidem
531 3751 656 3797 diminuere
675 3759 760 3812 tempus
840 3751 896 3798 690.
914 3750 1097 3811 Hamadryadas,
1109 3747 1237 3813 Nympha,
1251 3763 1305 3810 quae

264 3822 337 3886 paulo
351 3823 418 3871 aliter
432 3822 532 3882 dicitur;
550 3823 671 3888 multoque
682 3824 760 3872 minus
808 3824 860 3890 ἅμα
873 3825 927 3882 ταῖς
939 3822 1018 3888 dpvoi,
1031 3837 1085 3870 cum
1096 3821 1230 3886 quercubus
1241 3820 1305 3868 aliis·

264 3893 326 3942 trahi
341 3894 388 3943 huc
403 3905 500 3960 possunt
510 3895 606 3960 phrases
620 3896 667 3944 illm
679 3897 757 3945 Hora·
808 3915 855 3962 que
871 3897 992 3947 arboribus
1005 3897 1073 3960 (narn
1089 3893 1145 3960 δρῦς
1158 3893 1213 3942 olim
1229 3891 1306 3941 omnis

265 3967 344 4016 tiana.
355 3968 475 4016 Gebhard.
488 3969 558 4033 Crep.
568 3969 589 4019 Ι.
600 3969 632 4017 ix.
646 3969 758 4033 explicat,
808 3972 884 4029 arbor,
901 3971 980 4019 Schol.
998 3971 1070 4017 Hom.
1085 3968 1116 4016 ad
1131 3968 1162 4015 11.
1172 3972 1205 4016 Α.
1217 3967 1262 4026 86)
1279 3973 1304 4013 et

265 4039 394 4089 consumsit
412 4041 585 4091 confabulando
605 4050 629 4090 et
646 4042 759 4106 transegit
809 4044 874 4090 nasci
889 4052 913 4091 et
925 4042 1020 4090 interire
1034 4040 1206 4089 credebantur:
1224 4038 1305 4086 Schol.

265 4111 327 4162 diem
335 4113 386 4178 Jam
398 4113 428 4162 ad
439 4130 549 4163 occasum
560 4122 703 4178 vergentem.
728 4117 760 4163 Et
808 4115 920 4181 Apollon.
935 4115 984 4164 Ru.
1001 4115 1032 4164 ad
1047 4132 1095 4165 ver.
1112 4116 1175 4176 47&
1193 4113 1259 4162 Plut.
1273 4111 1306 4160 ds
