2812 5010
356 349 848 419 METAMORPHOSEON.
932 296 934 301 ·
1085 360 1130 424 lix

77 527 107 589 in
128 525 254 610 praelio,
270 546 370 610 quum
392 526 543 589 arborum
566 523 649 588 mole
669 525 873 602 obrueretur,
891 527 925 590 in
944 548 1033 591 noem
1051 549 1127 594 oon·

79 662 218 720 versum,
248 663 346 727 quam
369 642 497 706 omnino
520 659 662 724 pugnem
689 641 1008 709 emmeramum
1027 646 1130 732 Lapi-
1265 669 1280 695 ·

78 759 150 836 this,
162 780 303 843 quorum
316 780 394 842 pars
408 756 548 822 Caeneus
562 755 677 821 fueret.
710 758 774 822 His
788 761 1006 844 appendicula
1017 764 1129 829 addita

78 875 119 939 de
132 875 356 959 Periclymene
373 876 408 938 in
421 874 563 958 aquilam
580 875 816 940 transformato.
863 878 1039 963 Neptunus
1051 900 1130 946 voro

80 991 182 1077 Cycni
200 1000 338 1057 mortem
357 989 470 1055 dolens
489 990 636 1054 exoravit
658 989 854 1075 Apollinem,
874 1004 912 1058 ut
930 994 1059 1060 Paridis
1079 1017 1129 1060 ιι·

79 1111 193 1194 gittem
207 1109 242 1174 in
256 1109 412 1174 Aetnen
423 1107 581 1185 flecteret,
597 1130 662 1193 qua
676 1108 728 1174 ille
742 1110 849 1193 periit.

122 1225 201 1290 Lib.
217 1224 317 1290 XlII.
342 1226 396 1290 De
414 1224 552 1290 Achillis
571 1226 666 1289 armis
682 1227 775 1310 Ajnn
793 1238 827 1292 et
848 1228 979 1312 Ulysses
998 1241 1129 1296 coutur-

79 1343 181 1407 duntt
210 1364 249 1407 ae
271 1341 356 1405 illius
378 1341 519 1425 quidem,
542 1362 602 1406 sua
623 1343 724 1426 ipsius
746 1360 843 1408 uuum
863 1346 1034 1423 interfecti,
1058 1368 1130 1412 san·

79 1462 152 1545 guis
166 1461 202 1524 in
215 1461 419 1544 hyacinthum
432 1460 578 1524 vertimr.
616 1458 723 1544 Capta
733 1463 800 1542 jam
815 1459 929 1547 Troia,
945 1463 1084 1529 Hecabe
1096 1467 1130 1530 in

79 1576 236 1655 Thracia,
260 1579 317 1643 ubi
336 1576 611 1660 Polymnestorem
633 1580 820 1658 exeaecavit,
837 1579 876 1644 fit
898 1581 996 1645 ensis.
1046 1581 1129 1667 Ejus

79 1693 291 1760 infortrmium
320 1714 419 1780 quum
448 1694 505 1760 Dii
533 1710 643 1760 omnes
670 1696 889 1781 deplorarent,
913 1698 1043 1763 Aurora
1067 1698 1130 1762 olio

80 1810 170 1879 uem
187 1815 373 1890 musar,
389 1813 569 1877 Manae
587 1812 707 1878 auat
728 1812 796 1889 stu,
812 1815 905 1898 enjus
920 1796 946 1878 'e
969 1815 1131 1881 ernanum

83 1931 301 1995 Memnonides
319 1952 394 1996 ures
410 1931 612 2015 pnodienmt
650 1931 777 1996 AEneae
795 1951 894 2016 porro
912 1932 1072 2018 profugus
1087 1932 1131 1997 ad

82 2045 324 2130 Arriun‚oujus
332 2047 419 2132 filim
437 2048 471 2110 iu
492 2047 651 2110 tolerabas
671 2058 763 2111 erent
781 2066 956 2126 conversae,
976 2058 1052 2133 post
1070 2048 1132 2114 alit

82 2164 238 2251 deinceps
252 2160 326 2230 loos
343 2162 675 2230 trausiomtatiombus
686 2165 786 2243 alara,
801 2167 834 2229 in
849 2164 990 2230 Siciliam
1002 2165 1131 2231 delanio

85 2293 144 2359 est,
172 2284 232 2347 ubi
260 2283 383 2367 scyno,
409 2283 463 2346 oui
487 2282 632 2346 (inlotae
657 2294 766 2348 narrat
790 2280 979 2368 Polypheme
1007 2300 1131 2348 amores

85 2399 262 2485 Aetolaque
281 2402 422 2478 obitum3
446 2424 511 2485 quo
526 2403 622 2479 facto,
643 2401 796 2476 Galatam,
812 2403 845 2463 in
860 2401 965 2464 Deum
979 2402 1132 2464 marinum

85 2529 236 2597 mutatus,
250 2529 397 2604 apparet.

127 2633 204 2699 Lib.
221 2634 318 2699 XIV.
343 2635 484 2718 Scyllam
500 2634 592 2698 Circe
610 2637 715 2698 ‘mutat
734 2635 767 2696 in
783 2643 960 2697 monestrum.
1006 2633 1132 2698 AEneas

86 2761 192 2816 autem
210 2751 245 2814 in
260 2750 404 2814 Africam
419 2751 516 2824 venit,
532 2751 589 2813 ubi
608 2772 681 2814 eum
696 2751 787 2813 Dido
807 2751 937 2833 excipit.
983 2750 1132 2815 Tandem

86 2879 132 2944 ut,
152 2867 345 2932 Pithecusas
367 2878 609 2951 praetervectus,
627 2870 683 2932 ubi
707 2870 863 2952 Cercopes
885 2891 927 2932 ex
950 2868 1132 2933 hominibus

87 2988 118 3049 in
139 2987 251 3050 simias
277 2987 400 3062 mutati,
423 2987 456 3048 in
481 2984 574 3048 Italia
600 2983 736 3069 appulit,
762 2985 795 3046 in
819 2985 974 3048 Caietano
999 2985 1091 3050 litore
1115 3011 1133 3052 e

88 3103 242 3168 Macareo
256 3101 356 3166 multa
370 3103 412 3166 ‹le
434 3102 550 3185 Ulysse
563 3113 660 3185 atque
680 3103 789 3164 Circes
797 3101 951 3165 veneficio
966 3106 1133 3186 comperit,

88 3243 151 3304 quo
171 3221 269 3285 etiam
284 3221 384 3284 Piens
403 3243 463 3285 rex
482 3221 514 3283 in
531 3222 641 3306 picum
661 3242 750 3284 avem
767 3229 907 3283 mutatus
927 3231 1004 3284 erat.
1051 3221 1134 3287 Mox

87 3337 205 3401 bellum
217 3358 291 3401 cum
308 3338 413 3400 Turno
429 3337 572 3420 suscipit.
608 3337 640 3400 Is
652 3359 751 3421 quum
761 3358 821 3420 per
832 3335 995 3400 Venulum
1009 3348 1136 3419 peteret

88 3454 242 3520 auxilium
256 3478 276 3518 a
285 3456 452 3531 Diomede,
466 3457 558 3540 cujus
571 3456 650 3518 sotii
665 3457 697 3517 in
711 3477 786 3518 aves
800 3463 892 3516 erant
907 3453 1133 3530 transformati,

87 3571 251 3656 repulsam
269 3572 361 3636 tulit:
386 3574 543 3638 redeunte
562 3570 693 3637 Venulo
717 3592 776 3655 per
798 3592 837 3634 ea
854 3567 937 3644 loca,
962 3569 993 3630 in
1017 3570 1134 3651 quibus

88 3688 237 3774 Appulus
246 3702 357 3774 pastor
365 3691 527 3773 quondam
541 3690 575 3751 in
589 3689 756 3751 oleastrum
770 3707 942 3750 conversus
957 3695 1035 3747 erat.
1071 3683 1135 3747 Po-

89 3815 158 3869 stea
174 3805 294 3871 AEneae
315 3830 411 3871 naues
432 3809 594 3892 Nymphae
618 3807 701 3870 fiunt
725 3807 757 3868 in
782 3801 905 3887 praelio,
930 3803 1012 3864 sicut
1036 3811 1134 3865 etex

88 3920 217 4002 Ardeae,
233 3923 322 3986 urbis
336 3924 484 3987 incendio
499 3921 625 3999 deletae,
641 3923 801 3985 cineribus
816 3921 916 3982 ardeo
931 3919 1014 3994 avis3
1038 3929 1135 4002 atque

89 4039 218 4101 AEneaa
242 4040 275 4101 in
298 4039 404 4102 Deum
426 4040 549 4103 transit.
595 4038 826 4101 Successerunt
853 4035 926 4098 huic
951 4056 1044 4118 reges
1070 4034 1135 4111 alii,

89 4176 226 4237 quorum
250 4157 334 4218 inter
356 4166 490 4219 caeteros
515 4157 574 4218 sub
593 4155 705 4218 Phoca
730 4154 838 4217 floruit
861 4153 1019 4225 Pomona‚·
1041 4173 1135 4234 quam
