2812 5010
70 315 136 381 134
339 313 401 379 1Ρ.
426 311 585 379 OVIDII
610 310 822 377 NASONIS

71 489 233 587 Dejicit;
256 498 294 561 et
313 487 478 561 maculat
495 495 722 585 praeruptam
740 483 921 581 sanguine
940 491 1107 557 cautem.

70 605 183 702 Arge,
198 606 326 701 jaces:
348 603 526 701 quodque
550 602 588 674 in
611 601 668 676 tot
684 600 826 675 lumina
849 600 976 673 lumen
998 598 1118 672 habe-

221 721 288 793 bas
344 782 351 797 .
1046 719 1122 788 720

71 836 312 910 Exstinctum
339 845 418 924 est;
445 845 675 933 centumque
702 829 930 908 oculos'nox
956 841 1121 930 occupat

72 950 227 1050 Excipit
236 952 317 1039 hos,
329 951 564 1048 volucrisque
582 975 659 1025 suae
673 948 849 1024 Saturnia
861 947 995 1047 pennis
1010 950 1117 1045 [uua.

73 1067 266 1157 Collocat3
288 1078 327 1142 et
344 1069 503 1165 gemmis
521 1067 683 1142 caudam
700 1065 936 1141 stellantibus
955 1063 1100 1162 implet.

40 1200 46 1209 ·
122 1185 301 1258 Protinus
319 1187 472 1272 exarsit,
492 1211 562 1260 nec
581 1196 753 1282 tempora
769 1180 916 1257 distulit
932 1180 1010 1267 irae,
1044 1182 1118 1252 724

73 1299 378 1399 Horriferamque
397 1302 515 1376 oculis
533 1302 735 1397 animoque
753 1297 894 1395 objecit
912 1296 1086 1394 Erinnyn

103 1558 160 1607 719.
185 1560 217 1607 Et
236 1561 479 1624 νοσοίη-ναοῖσι]
509 1561 568 1611 Haec
618 1561 698 1623 quidm
713 1561 792 1607 amosa
809 1558 897 1605 lumina
915 1558 1039 1612 iudicaret,
1053 1572 1121 1605 orna·

69 1631 142 1680 verba
151 1640 262 1697 poterant
272 1632 355 1690 omitti,
367 1633 471 1698 quiores
487 1643 569 1699 sponte
620 1637 661 1683 uit.
694 1632 732 1682 Cf.
743 1630 849 1695 Martinl.
860 1629 908 1679 xiv.
918 1629 1000 1695 Epigr.
1011 1631 1052 1680 86.

69 1703 217 1769 intelligitur.
241 1706 331 1754 Verum
341 1708 510 1757 Jac-a-Cruce
521 1725 569 1757 sar-
652 1708 789 1756 724-750.
815 1706 927 1753 Protinus
945 1708 1038 1763 martit,
1059 1704 1120 1767 etc.]

71 1793 177 1827 cosmum
189 1779 258 1828 illum
271 1789 355 1844 poeta,
367 1783 570 1846 Argc,juces,etc.
620 1783 676 1831 Duo
693 1778 804 1847 postremi
823 1778 910 1827 labulae
926 1785 1002 1836 actus,
1020 1794 1122 1842 quorum

70 1867 121 1907 esse
136 1852 283 1919 epitaphium
298 1856 407 1920 putabat,
423 1873 478 1921 quo,
494 1859 571 1906 subito
620 1856 680 1905 alter
697 1854 727 1904 de
749 1855 869 1909 ιντοτὶσιιι,
889 1867 948 1916 quos
969 1851 1063 1917 copiose
1082 1851 1123 1901 alii

70 1935 193 1992 concepto,
207 1928 341 1978 Mercurius
357 1933 507 1980 nmculouertt
522 1933 571 1997 (in-
620 1936 751 1986 recensent,
763 1929 833 1977 verbo
844 1926 976 1990 attingitur.

70 1999 201 2066 scripserit)
222 2002 358 2066 sanguineis
374 2004 449 2054 literis
469 2010 571 2056 caraem.
654 2007 710 2054 726.
728 2004 837 2066 Erinrryu
851 2003 916 2051 Juno
926 2000 1034 2050 immittit
1049 2000 1123 2050 etiam

71 2072 185 2139 Antiquis
199 2077 276 2125 tomen
290 2094 390 2135 emere,
402 2077 465 2144 φάος
478 2077 571 2145 dipers-
622 2078 687 2145 apud
697 2077 778 2129 Valer.
789 2077 826 2124 Fl.
845 2075 1001 2141 Cumfoct'bus
1014 2078 1124 2140 spirisque

72 2147 121 2205 om,
138 2156 190 2199 erat
206 2149 295 2200 vivere.
327 2152 388 2203 Inde
404 2153 493 2217 pendet
508 2154 572 2219 prius
621 2164 643 2202 et
665 2162 765 2201 tartareo
783 2153 880 2200 ululatu
897 2149 1034 2212 Tisiphonen
1053 2153 1125 2200 uldst.

70 2225 183 2273 sarcasmi
197 2239 305 2281 acumen,
316 2228 425 2290 psodqus.
436 2236 482 2276 etc.
492 2227 572 2277 lumen
621 2227 682 2277 Tum
696 2227 796 2275 utmutor
809 2223 1124 2289 strenuissumus

72 2311 119 2347 nou
130 2297 231 2363 amplius
241 2299 326 2355 cernis,
335 2316 383 2363 quo
393 2317 435 2366 per
447 2309 481 2350 tot
492 2302 573 2351 oculos
621 2307 666 2357 rat,
676 2299 784 2365 ιὲντροις
798 2297 972 2364 φοιταλέοισιν,
980 2301 1081 2349 stimulis
1094 2304 1125 2353 ad

72 2370 194 2423 fruebaris.
228 2373 262 2422 Ut
283 2373 340 2423 alibi
361 2375 525 2441 Epiphanema
546 2377 573 2425 in
621 2391 713 2423 σιιτιιισι
724 2375 882 2422 excitantibus.
899 2372 939 2421 Ab
949 2373 1034 2422 eodem
1045 2381 1126 2425 tamen

73 2445 198 2497 defunctos
208 2447 312 2505 additur,
320 2467 343 2500 v.
352 2465 374 2500 c.
382 2449 469 2515 Virgil.
476 2450 573 2500 AEneid.
623 2463 671 2497 uer.
682 2450 739 2498 660.
750 2457 815 2497 aertro
830 2447 921 2512 agitata
935 2447 1030 2505 dicitur,
1040 2457 1065 2499 et
1076 2465 1125 2501 ver.

71 2520 104 2571 ir.
127 2523 174 2572 446
181 2540 188 2583 ;
212 2521 247 2572 sic
268 2523 292 2574 h.
308 2525 325 2573 l.
343 2540 484 2575 sarcasmus.
518 2526 573 2575 Jarn
623 2523 680 2572 607.
701 2530 729 2571 ut
749 2529 774 2573 et
794 2537 808 2571 a
827 2522 952 2588 Sophocle,
969 2521 1126 2588 οἰστροπλὴξ

72 2603 144 2659 poeta
160 2595 276 2645 convertit
290 2596 420 2651 orationem
431 2597 462 2647 ad
473 2597 573 2662 Argum.
624 2605 729 2647 vocatur.
748 2596 786 2645 Sic
797 2603 823 2645 et
833 2595 945 2661 Apollod.
957 2595 1026 2661 Virg.
1037 2597 1127 2662 Georg.

72 2668 162 2726 Jeme,
173 2670 258 2727 ιεῖθαι,
270 2669 382 2726 dicuntur
392 2671 485 2722 mortui.
624 2670 659 2722 iii.
675 2672 730 2720 162.
739 2679 764 2719 et
779 2669 828 2719 alii.
862 2670 958 2725 OErtrus,
971 2670 1074 2736 οἶστρος,
1084 2688 1126 2737 pro

106 2742 163 2791 720.
189 2744 261 2808 Arge,
271 2744 358 2807 jacea]
388 2744 456 2809 virg.
472 2746 529 2794 AEn.
550 2763 574 2795 x.
624 2761 672 2810 quo
692 2753 773 2793 tamen
795 2741 874 2793 Latini
893 2743 1029 2793 maluerunt
1050 2749 1128 2810 mytra

73 2815 136 2865 55⁷2
156 2816 212 2866 Istic
223 2835 293 2875 nuuc,
304 2821 432 2874 metueritis,
433 2823 497 2882 joce.
522 2821 573 2870 Ho·
625 2817 714 2876 dicere,
727 2817 808 2882 (Virg.
822 2816 846 2865 d.
858 2817 876 2865 l.
889 2817 935 2866 147
946 2833 999 2882 sqq.
1016 2819 1128 2871 Lactant.

72 2903 131 2939 mer.
147 2890 217 2939 Iliad.
235 2908 259 2941 x.
272 2907 321 2941 ver.
337 2893 399 2941 386:
419 2895 506 2943 Kaisar
524 2896 574 2960 πὰρ
625 2894 657 2953 ad
671 2893 733 2942 Stat.
745 2891 822 2940 Theb.
834 2890 850 2940 i.
867 2889 920 2953 32.)
935 2895 1011 2954 genus
1024 2891 1126 2943 inrecto

74 2961 161 3022 νήεσσι
170 2963 241 3023 νέκυς
250 2966 391 3025 ἄκλαυστος
399 2967 513 3026 ἄθαπτος
524 2967 574 3021 [ld-
625 2983 677 3017 rum
689 2966 834 3032 dipterorum
848 2973 892 3024 est,
901 2965 980 3030 vespis
995 2966 1127 3018 simillimo-

73 3038 192 3102 τροιλος;
213 3047 238 3108 et
254 3039 320 3088 alibi.
354 3041 392 3091 De
410 3040 439 3090 iis
456 3041 497 3106 qui
515 3043 576 3093 ferro
625 3057 686 3099 rum,
697 3057 751 3106 qua
761 3039 907 3089 oriunturex
917 3039 1022 3089 bestiolis
1033 3042 1127 3107 aquati-

73 3120 183 3176 persunt,
191 3112 233 3177 qui
244 3128 291 3162 non
302 3129 346 3163 sua
356 3123 430 3164 morte
441 3115 575 3182 defungun-
625 3115 696 3174 libus,
707 3113 800 3164 Nostris
811 3114 926 3162 Bremsso.
948 3115 1004 3162 Jam
1014 3117 1129 3180 pecudes,

74 3191 128 3245 tur;
145 3185 184 3234 cui
196 3187 338 3236 contrarium
349 3197 422 3246 stare,
433 3189 576 3242 incolumem
626 3205 700 3254 quum
717 3190 748 3238 ab
765 3188 794 3237 iis
810 3196 947 3253 punguntur
963 3197 989 3237 et
1003 3199 1128 3248 vexantur,

76 3274 145 3319 εικῆ
160 3260 228 3326 Virg.
238 3261 337 3314 AEneid.
350 3262 376 3314 ii.
387 3265 435 3314 88:
453 3264 517 3314 Dum
530 3276 576 3315 sta·
625 3261 775 3327 gravissimos
790 3261 896 3311 sentiunt
910 3261 1010 3319 dolores,
1026 3262 1086 3313 adeo
1102 3275 1129 3315 ut

76 3335 114 3383 lat
126 3351 195 3399 regno
206 3337 333 3387 incolumis.
619 3337 705 3401 jin-ere
718 3334 841 3400 incipiant.
873 3333 1005 3399 Virg.d.l.
1018 3337 1065 3386 149
1075 3354 1129 3403 sqq.

108 3409 165 3459 723.
182 3409 451 3475 commonstrandae]
471 3413 575 3462 Maculae
627 3409 691 3458 Hinc
710 3420 790 3459 oestrus
810 3407 899 3473 tropice
917 3407 1005 3458 dicitur
1021 3426 1076 3460 mox
1098 3412 1129 3461 de

75 3483 101 3533 iu
115 3483 193 3535 cauda
205 3482 303 3549 pavonis
319 3485 349 3533 ob
360 3484 499 3536 varietatem
512 3486 576 3536 colo·
626 3498 769 3548 quocunque
792 3482 895 3541 stimulo,
915 3497 971 3531 mox
992 3481 1022 3532 de
1043 3485 1130 3553 surore,

74 3573 128 3607 rum
143 3566 168 3607 et
183 3557 341 3622 splendorem,
357 3560 477 3622 eleganter
490 3575 575 3609 vocan-
627 3564 669 3606 aut
680 3555 740 3606 adeo
757 3556 787 3605 de
797 3556 882 3614 Furiis,
893 3571 947 3620 quae
957 3555 1059 3606 furorem
1073 3559 1128 3624 inji-

77 3640 215 3698 turgemmae
224 3634 347 3684 nethota.
380 3634 576 3691 Intraruassdr
627 3631 694 3680 ciunt
714 3629 861 3679 hominibus:
890 3629 940 3678 vid.
958 3631 1071 3680 Munlter.
1097 3633 1129 3681 ad

79 3707 135 3762 Quoe
145 3709 220 3756 raudo
229 3710 304 3757 suaa
312 3718 400 3771 portat.
430 3707 493 3758 Plin.
503 3708 536 3758 H.
545 3709 577 3757 N.
627 3703 776 3770 Hyginsab.
796 3704 849 3752 145.
882 3703 930 3762 Qui
945 3703 973 3751 Io
988 3703 1014 3751 in
1029 3719 1129 3755 vaccam

78 3798 102 3832 x.
123 3783 163 3830 20.
183 3782 317 3846 pavonibus
341 3782 423 3848 tribuit
440 3792 579 3848 gemmantes
627 3787 744 3829 mutatam
764 3777 920 3835 tradidemnt,
932 3793 1013 3828 eorum
1033 3779 1129 3844 plurimi

76 3857 168 3912 aalma,
176 3864 200 3904 et
207 3864 287 3919 guttas
294 3855 320 3904 in
330 3856 410 3906 cauda
417 3867 487 3907 vocat
496 3859 578 3906 mutor.
601 3890 603 3894 -
628 3863 721 3904 cestrum
741 3851 896 3903 hauddubie
915 3852 1008 3919 proprie
1029 3868 1130 3920 acceps-

79 3928 174 3979 Phadr.
184 3930 233 3979 ΙΙΙ.
244 3930 303 3980 Fab.
314 3929 419 3983 xviiiss:
439 3931 513 3980 Pictis
523 3933 577 3994 plu·
628 3936 694 3978 runt.
726 3927 774 3992 Ap.
795 3925 905 3991 AEschyl.
929 3942 983 3976 uero
1004 3927 1131 3978 Schutzius

77 4007 319 4068 misgcmmeacauda.
351 4005 493 4071 InArgum.
518 4007 578 4056 Lae-
628 4009 718 4057 monet,
739 4000 833 4050 omnino
853 4000 1072 4053 terriculamentum
1092 4002 1130 4052 in-

78 4085 140 4127 taut.
155 4078 219 4126 Juno
235 4079 326 4145 Argum
341 4082 368 4129 iu
384 4081 496 4130 uolucrem
510 4097 579 4142 pano-
629 4076 783 4142 telligendum
797 4093 858 4136 esse,
870 4078 928 4128 sorte
939 4079 1048 4129 umbram
1061 4079 1129 4143 Argi,

80 4168 131 4200 uem
139 4152 319 4215 transformavit,
328 4157 435 4216 etpeunis
445 4156 579 4219 insignitas,
629 4169 683 4217 quae
694 4167 741 4205 non
755 4153 839 4211 oculis,
849 4154 893 4203 sed
903 4154 978 4204 menti
988 4152 1030 4203 Ids
1039 4170 1082 4220 per
1091 4153 1130 4211 iu·
