2812 5010
353 343 824 412 METAMORPHOSEON
846 344 938 412 LIB.
962 345 1032 413 ΙΙΙ.
1150 347 1215 418 227

174 520 265 595 Arte
282 519 493 595 laboratum
510 519 636 594 nulla:
665 518 907 594 simulaverat
924 529 1043 595 artem

174 635 330 733 Ingenio
347 644 482 711 natura
499 659 588 723 su0;
617 659 705 709 nam
722 634 873 733 pumice
890 634 985 723 vivo,

173 752 222 828 Et
238 754 384 828 levibus
402 753 529 852 tophis
548 752 716 828 nativum
733 753 894 826 duxerat
909 777 1050 827 arcum.
1147 757 1217 827 160

173 870 272 944 Fons
288 882 401 956 ‚sonat
418 896 441 946 a
458 871 604 959 dextra,
624 870 728 945 tenui
746 869 962 969 perlucidus
980 868 1092 956 unda,

174 985 346 1083 Margine
364 986 555 1083 gramineo
574 987 723 1085 patulos
742 985 927 1059 incinctus
942 983 1080 1058 hiatus.

174 1099 246 1174 Hie
267 1101 352 1175 Dea
368 1101 544 1177 silvarum
561 1113 699 1176 venatu
715 1100 828 1188 fessa,
846 1100 1013 1210 solebat,

173 1216 371 1313 Virgineos
390 1227 492 1291 artus
509 1216 653 1315 liquido
671 1216 896 1316 perfundere
914 1240 1008 1290 rore.

176 1329 260 1416 Quo
270 1344 473 1431 postquam
487 1333 614 1421 subiit,
624 1333 888 1432 Nympharum
898 1331 1054 1407 tradidit
1062 1333 1127 1406 uni
1145 1338 1215 1408 165

175 1446 378 1547 Armigerae
385 1450 566 1546 jaculum,
578 1449 880 1548 pharetramque,
893 1472 1080 1547 arcusque
1092 1459 1215 1524 reten-

176 1562 305 1640 Altera
321 1564 503 1663 depositae
521 1564 684 1663 subjecit
700 1565 855 1639 brachia
870 1565 993 1663 pallae.
1124 1565 1213 1662 [toa.
1268 1592 1272 1600 ·

177 1829 291 1879 Simulata
309 1831 373 1897 apud
392 1829 471 1881 Cicer.
490 1832 525 1881 N.
541 1831 574 1881 D.
588 1831 614 1880 ii.
632 1833 673 1883 ³5.
722 1831 853 1889 Clitumna,
876 1835 991 1881 eluctatus
1008 1831 1074 1896 fucit
1093 1834 1217 1897 gurgitem,

178 1919 228 1968 qua
249 1904 281 1954 ad
302 1906 437 1971 exemplum
455 1914 545 1954 naturae
562 1922 673 1973 expressa
721 1911 762 1971 qai
782 1911 828 1956 lato
842 1909 929 1974 gremia
946 1910 1042 1970 patescit
1055 1924 1129 1970 patrm
1144 1918 1167 1956 et
1184 1911 1218 1956 ul-

177 1987 236 2027 sunt.
270 1978 395 2045 Ingentum
413 1982 472 2029 bene
494 1979 603 2029 tribuitur
621 1981 673 2029 Na·
723 1993 792 2032 treus.
810 1983 1000 2031 Patalashz'atus.
1017 1982 1219 2048 Patentesripas3

176 2058 232 2102 barse
248 2053 350 2103 ludenti.
385 2054 481 2111 Pumea,
494 2055 554 2119 lapis
566 2070 639 2104 cavus
649 2064 673 2106 et
722 2058 787 2106 hiare
802 2057 865 2105 enim
875 2055 985 2105 videntur
995 2055 1052 2120 ripe
1063 2064 1091 2105 ut
1102 2056 1168 2105 fluvii
1184 2056 1219 2103 al-

176 2124 290 2191 pentlens,
305 2126 347 2192 qui
365 2126 436 2177 facile
453 2127 559 2177 imitatur
574 2128 672 2177 formam
721 2147 792 2180 veum
807 2130 904 2178 iaciant.
933 2130 1002 2185 Rure,
1014 2143 1086 2194 aqua,
1101 2144 1150 2194 qua
1164 2129 1219 2194 quis

177 2208 295 2250 annerum
311 2209 336 2250 et
353 2217 459 2252 arcuum.
490 2204 567 2260 Vivus,
580 2219 608 2253 eo
622 2204 673 2269 ipso
720 2204 879 2271 perfunditur.
894 2204 912 2252 i.
928 2206 985 2253 371.
1001 2206 1094 2267 lquida,
1111 2203 1219 2269 limpido.

177 2274 227 2324 loco
247 2283 326 2324 natus.
361 2276 450 2338 Taphus
466 2277 539 2326 oritur
555 2294 584 2326 ex
605 2278 672 2342 aquis
723 2280 875 2346 Persuadere,
887 2294 972 2343 nempe
981 2293 1010 2327 ex
1022 2279 1218 2335 urna,ver.172.

177 2365 228 2398 cum
250 2348 318 2399 calce
343 2349 425 2398 mixtis
446 2359 469 2400 et
489 2350 673 2401 destillantibus.
722 2355 778 2404 Non
788 2354 944 2418 immergebat
952 2369 1044 2417 corpus.

176 2424 277 2473 Simulat
291 2431 371 2474 autem
384 2424 423 2474 hic
436 2425 498 2491 lapis
513 2425 584 2475 miras
598 2442 672 2492 saepe-
756 2430 809 2477 165.
831 2427 930 2489 Subiit]
957 2428 1038 2474 Subita
1057 2433 1082 2474 et
1102 2428 1219 2474 amaedeus

177 2514 272 2547 numero
288 2499 384 2563 figuras,
394 2509 421 2549 ut
431 2500 470 2549 vel
490 2501 673 2550 Baumanniana
722 2501 770 2551 vim
798 2498 1003 2566 appropinquandi
1029 2497 1126 2547 habent.
1161 2498 1219 2552 Qua.

176 2573 596 2640 speluncaquemquedocercpotest.
611 2576 672 2624 Tum
723 2576 788 2623 Num
809 2575 884 2637 quedl
916 2574 956 2622 De
982 2571 1093 2638 nymphis
1113 2571 1219 2620 Dianam

176 2651 274 2710 pumices
294 2656 319 2696 et
339 2650 400 2711 taphi
419 2649 514 2697 omnino
533 2657 588 2697 sunt
604 2665 671 2709 saxa,
722 2649 899 2706 comitantibus,
916 2646 1054 2711 variumque
1073 2645 1095 2695 ei
1113 2645 1220 2694 ministe-

177 2722 262 2787 quibus
279 2723 386 2771 Dcarum
403 2723 615 2788 Nympharumque
631 2740 672 2772 an-
721 2723 782 2772 rium
805 2721 981 2788 prestantibus,
1001 2720 1055 2769 vide
1076 2718 1219 2769 Callimachi

177 2804 212 2845 tra
230 2802 366 2845 comtructa
382 2797 540 2861 fingebantur.
556 2797 606 2845 viii.
624 2799 672 2859 56;
722 2799 837 2865 hymnum
847 2797 878 2845 ad
889 2796 962 2845 Dian.
970 2811 1020 2844 ver.
1032 2796 1062 2843 18
1073 2811 1126 2859 sqq.

177 2887 199 2921 x.
217 2871 276 2919 692.
298 2870 333 2918 11.
352 2873 417 2920 Fast.
432 2873 496 2921 3152
515 2873 592 2920 Antra
613 2875 673 2921 tabit
756 2872 812 2920 167.
824 2871 924 2934 subjecit
939 2869 1054 2933 brachia]
1072 2866 1220 2933 Exquisitius

178 2947 248 3008 tophis
266 2946 414 3008 laqueataque
428 2948 517 3008 mutire
531 2948 588 2994 aiva.
609 2947 673 2996 Plin.
722 2962 802 3011 quam,
813 2945 918 3009 suscepit
928 2946 1031 3010 pallam3
1048 2942 1144 2991 modum
1155 2941 1219 2990 enim

178 3019 257 3069 xxxvi.
268 3020 314 3068 21:
335 3019 388 3067 Nau
399 3024 594 3083 pretermittenda
609 3031 673 3070 estet
722 3020 755 3069 rei
782 3019 898 3069 faciendas
920 3017 1039 3084 exprimit.
1071 3017 1154 3065 Vincla
1179 3034 1219 3079 pe·

176 3096 291 3155 pastuum
301 3102 395 3142 tratura.
421 3096 575 3156 Appellantur
585 3099 673 3159 quidem
722 3098 785 3151 dam,
801 3108 950 3157 quaeeunque
965 3092 1137 3140 calceamenta.
1164 3091 1218 3142 Vir·

178 3170 210 3216 t'ta
225 3177 248 3216 et
262 3184 325 3216 erata
340 3169 609 3232 saraiaaedifieiis,quoe
624 3187 674 3218 mu·
723 3170 765 3233 gil.
786 3167 886 3216 AEneid.
905 3167 951 3216 lv.
969 3183 991 3214 v.
1008 3167 1032 3213 8.
1057 3166 1134 3213 Unum
1152 3176 1220 3215 eruta

178 3259 212 3292 tta
228 3251 318 3299 amant,
334 3245 536 3304 dependentium
553 3245 674 3308 imaginun
722 3247 799 3305 pedem
809 3245 908 3300 uinclis,
925 3240 974 3290 viii.
983 3241 1039 3289 418.
1052 3240 1171 3303 Tyrrhum
1179 3258 1219 3302 pe·

178 3332 253 3379 epactas
270 3325 322 3364 arte
339 3318 485 3364 reddendam.
513 3317 634 3375 Natiaum,
657 3334 672 3366 a
721 3319 875 3366 tumultuata.
899 3313 1046 3364 Venantium
1061 3313 1156 3363 calceus
1169 3322 1220 3362 erat

178 3388 369 3439 saturalactum.
396 3390 512 3438 Faasluit
526 3389 615 3456 inipso
629 3407 672 3440 an·
720 3392 854 3446 cothurnus,
876 3387 942 3453 quali
963 3387 1035 3436 etiam
1055 3386 1125 3435 hodie
1146 3403 1220 3436 vena·

178 3471 220 3523 tro,
231 3480 282 3513 ver.
298 3465 353 3512 177.
370 3464 460 3529 Hygia.
479 3465 528 3514 lab.
545 3467 600 3514 181.
618 3482 671 3514 eum
721 3472 783 3514 tores
803 3461 883 3515 lutici
908 3469 1015 3517 utuntur,
1036 3458 1167 3508 ascendens
1188 3459 1220 3507 ad

178 3546 247 3587 vocat
257 3537 419 3588 Parthenium.
436 3539 539 3588 Pausan.
554 3540 580 3588 in
593 3541 673 3590 Boeot.
722 3536 826 3585 mediam
846 3535 938 3584 tibiam.
975 3533 1050 3582 Pellis
1070 3531 1143 3580 scissa
1168 3538 1220 3580 erat

178 3627 199 3676 p.
210 3613 267 3662 714.
284 3620 371 3669 narrat,
382 3613 489 3678 Megaris
507 3614 609 3662 Plataeas
620 3630 673 3680 pro·
721 3611 802 3661 multis
812 3609 881 3667 locis,
892 3609 1043 3671 habebatque
1053 3604 1168 3654 foramina
1177 3622 1220 3670 per

177 3684 337 3736 ficiscentibus
350 3687 381 3736 ad
395 3687 502 3736 dextram
518 3704 569 3737 esse
585 3688 673 3737 sontem
723 3684 845 3750 qua'lora
864 3683 1041 3748 trajicerentur:
1059 3679 1114 3728 vide
1130 3681 1220 3744 Spanh.

177 3767 201 3808 et
214 3775 308 3817 saxum,
320 3761 385 3825 quod
399 3761 519 3812 Actaeonis
536 3777 621 3810 saxum
636 3763 673 3811 di·
724 3760 755 3808 ad
773 3757 871 3808 Gallim.
888 3756 913 3804 d.
926 3757 944 3804 l.
957 3771 1006 3804 ver.
1022 3755 1061 3802 16.
1081 3752 1123 3801 ubi
1138 3754 1220 3804 Diana

178 3834 290 3891 catania
304 3850 352 3899 quo
365 3835 675 3887 Aetaeonevenatusessus
724 3831 814 3897 expetit
839 3829 884 3878 sibi
907 3827 992 3893 viginti
1018 3827 1136 3891 nymphas
1162 3828 1220 3878 Cre·

178 3908 262 3957 cubare
272 3909 355 3958 solitus
366 3910 444 3967 suerit,
454 3918 479 3959 er
489 3911 552 3960 unde
562 3927 674 3977 prospex.
724 3911 812 3963 tenses,
823 3905 909 3970 quibus
919 3903 1052 3952 calcemum
1064 3917 1145 3950 curam
1155 3918 1220 3952 conr-

178 3980 220 4031 erit
232 3981 338 4031 Dianam
355 3983 380 4032 'm
393 3983 499 4049 proximo
515 3984 579 4033 1⁴0„oe
591 3985 674 4034 lavan.
724 3979 819 4042 mittat3
840 3995 896 4027 nam
913 3979 975 4027 inter
995 3977 1122 4026 Cretenses
1140 3986 1165 4026 et
1181 3977 1219 4026 in·

179 4061 233 4105 tem.
263 4057 354 4116 Tenuis,
371 4074 418 4107 non
436 4059 561 4124 profunda,
579 4067 605 4107 ut
620 4058 674 4110 Liv.
724 4055 789 4102 venti
805 4063 830 4104 et
846 4053 948 4102 maxime
961 4052 987 4101 in
1002 4069 1047 4102 usu
1060 4060 1128 4100 erant
1140 4051 1219 4101 istius·

180 4126 195 4176 i.
206 4130 228 4178 4.
256 4131 351 4189 Hiatus,
361 4131 412 4181 sine
427 4132 500 4182 dubio
510 4134 576 4182 lacus
587 4149 674 4198 aquam
724 4128 787 4176 modi
801 4128 885 4186 calcei,
896 4125 987 4178 Graecis
1001 4124 1139 4191 ἐνδρόμιδες
1154 4127 1220 4176 dicti.

181 4202 301 4270 colligens.
327 4199 393 4256 Plin.
405 4206 477 4256 VIII.
489 4207 536 4271 Ep.
548 4205 597 4255 viii.
608 4208 632 4256 7.
642 4207 673 4256 da
723 4201 763 4251 Sic
779 4202 865 4253 muniti
880 4202 953 4269 pedes
968 4199 1055 4250 Dianae
1072 4200 1098 4248 in
1115 4200 1221 4266 Lipperti
