2812 5010
254 331 727 403 METAMORPHOSEON
752 334 843 400 LIB.
860 334 910 400 ΙΙ.
1039 338 1107 405 177

62 503 192 592 Haesit,
211 516 251 580 et
267 508 414 607 accepti
432 509 582 584 caluere
600 509 671 583 sub
690 507 839 583 ossibus
854 510 974 607 ignes.
1027 515 1103 587 410

61 621 146 694 Non
165 632 245 696 erat
262 622 374 720 hujus
392 649 488 723 opus
505 625 632 699 lanam
649 626 794 700 mollire
811 627 995 702 trahendo
1011 656 1021 715 ;

60 735 142 810 Nec
160 739 288 836 positu
305 741 447 815 variare
465 765 614 816 comas:
644 739 709 815 ubi
726 741 844 815 fibula
860 754 1019 831 vestem,

59 853 165 928 Vitta
182 867 401 934 coercuerat
418 859 612 955 neglectos
631 857 718 931 alba
735 859 905 956 capillos,
988 863 1105 957 [cum

63 966 113 1042 Et
130 971 244 1045 modo
259 972 351 1047 laeve
368 997 481 1047 manu
494 975 676 1070 jaculum,
688 975 801 1048 modo
818 988 1031 1074 sumpserat
1048 1002 1105 1051 ar-

62 1083 176 1160 Miles
194 1098 277 1162 erat
294 1088 480 1178 Phoebes;
500 1113 572 1164 nec
587 1089 778 1164 Maenalon
791 1090 917 1188 attigit
931 1093 1007 1166 ulla
1031 1098 1106 1168 415

63 1201 215 1276 Gratior
231 1204 303 1279 hac
321 1205 475 1282 Triviae:
496 1208 565 1282 sed
581 1207 685 1280 nulla
701 1207 870 1305 potentia
886 1209 1088 1306 longeest.

63 1317 230 1395 Ulterius
245 1322 370 1396 medio
384 1322 547 1422 spatium
565 1323 621 1396 sol
639 1323 739 1398 altus
757 1324 942 1413 habebat3

62 1432 189 1518 Quum
207 1437 311 1512 subit
324 1439 390 1514 illa
405 1465 551 1527 nemus,
565 1439 668 1538 quod
678 1442 783 1515 nulla
796 1441 985 1516 ceciderat
998 1424 1102 1517 aetas.

62 1726 137 1776 lesere
147 1728 271 1786 Eumelus,
283 1729 381 1782 Hesiod.
393 1731 497 1780 Pausan.
506 1732 558 1797 Hy·
609 1731 698 1781 nodum
715 1731 862 1796 negligenter
875 1732 996 1790 collectos,
1012 1749 1042 1782 ne
1059 1733 1108 1783 dis-

61 1796 108 1865 gin'.
130 1809 156 1850 et
175 1811 258 1852 auctor
272 1821 383 1854 versuum
404 1807 559 1863 Creticorum‚
609 1804 670 1872 persi
683 1806 794 1872 jacerent
808 1806 834 1854 iu
852 1805 964 1857 humeris.
996 1807 1071 1863 Luae,
1081 1817 1109 1857 ut

61 1889 120 1938 quos
137 1875 180 1925 ille
200 1877 294 1926 laudat.
330 1878 380 1927 Alii
402 1880 483 1929 aliter:
504 1880 559 1929 vide
610 1879 668 1929 alibi
678 1882 761 1929 habilis
771 1897 847 1930 arcus.
869 1880 1003 1931 Ctautem.
1022 1882 1108 1948 Virgil.

62 1947 177 2014 Apollod.
610 1954 709 2004 AEneid.
721 1956 738 2003 i.
746 1956 795 2005 tlt
806 1971 860 2021 sqq.
873 1974 879 2002 z
899 1956 1003 2020 Namque
1011 1959 1109 2007 humeris

93 2024 151 2073 410.
168 2025 262 2088 decepti
284 2042 333 2076 non
355 2036 391 2078 est
412 2031 561 2080 mutandum.
610 2032 638 2079 de
658 2048 718 2079 more
738 2033 834 2080 habilem
854 2034 1001 2093 tmpendarat
1020 2049 1109 2091 arcum,

63 2097 149 2162 Virgil.
161 2100 261 2149 AEneid.
270 2100 320 2149 viii.
332 2103 396 2152 389:
415 2104 455 2152 ille
471 2115 562 2167 repente
611 2113 659 2154 etc.
686 2106 756 2154 Miles
768 2106 867 2163 Phaebes,
879 2105 986 2154 venatrix
996 2114 1021 2155 et
1031 2123 1110 2156 comes

63 2173 156 2235 Accepit
167 2175 388 2240 tolttnmflanuuam.
422 2178 521 2236 Sabin.
611 2178 744 2238 Diuuae,ut
758 2179 845 2228 Peneis
860 2178 879 2227 i.
893 2180 941 2229 475
957 2196 1010 2245 sqq.
1026 2188 1052 2228 et
1065 2182 1109 2245 Sy-

94 2248 234 2299 411-416.
256 2251 311 2300 Non
331 2262 381 2300 erat
407 2254 477 2316 liujus
499 2271 561 2317 opus,
611 2252 673 2311 rinx,
690 2269 740 2302 rer.
758 2254 807 2302 694
825 2270 879 2318 sqq.
911 2255 1009 2319 Propter
1026 2254 1109 2303 simili·
1184 2286 1188 2293 -

62 2322 122 2386 etc]
144 2323 260 2390 Apollod.
281 2325 405 2392 σύνθηρος
422 2326 563 2394 Ἀρτέμιδος
612 2326 719 2376 tudinem
735 2326 793 2375 belli
810 2335 835 2375 et
854 2333 964 2383 venatus,
981 2326 1068 2376 milites
1085 2335 1110 2376 et

62 2399 112 2458 τὴν
132 2399 216 2460 αὐτὴν
232 2400 310 2466 ἐκείνῃ
330 2403 426 2462 στολὴν
445 2406 561 2469 φοροῦσα.
611 2411 734 2450 venatores
755 2399 816 2449 iuter
840 2415 865 2449 se
889 2408 1063 2464 comparantur,
1084 2409 1110 2450 et

61 2473 116 2523 Hoc
133 2473 226 2525 ornarit
241 2475 338 2533 Noster,
350 2476 423 2527 etiam
436 2493 480 2542 per
495 2493 560 2526 com·
611 2473 724 2540 pleraque
735 2473 852 2522 vocabula
862 2473 969 2538 utrisque
978 2481 1034 2521 sunt
1045 2489 1109 2523 com-

61 2547 210 2612 paratinnem
233 2566 288 2599 cum
307 2551 406 2600 aliarum
427 2552 562 2617 puellarum
611 2548 702 2598 munia.
734 2548 818 2597 Horat.
828 2547 849 2596 I.
860 2549 906 2613 Ep.
915 2547 943 2596 ii.
955 2548 995 2596 67.
1008 2550 1110 2597 saltitare

62 2620 157 2672 studiis.
185 2623 227 2675 cf.
238 2623 287 2674 xiv.
298 2627 346 2673 264
357 2641 410 2690 sqq.
430 2625 516 2674 Verbis
527 2628 561 2675 la·
612 2621 642 2671 de
653 2637 711 2672 cane
722 2621 840 2671 venatico.

62 2714 117 2746 anm
128 2700 219 2749 mollire
235 2701 345 2748 tralundo
359 2699 500 2748 describitur
510 2715 561 2748 car-
645 2698 701 2746 416.
719 2697 823 2759 Triuia]
837 2695 918 2744 Diana
930 2695 1112 2761 Triviapraesss

62 2771 184 2821 minaria·
202 2773 323 2839 Mauipnli
346 2775 408 2822 lauae
434 2773 500 2822 rudis
520 2790 563 2839 per
612 2770 741 2828 triviorum,
760 2786 813 2835 quse
829 2768 911 2818 venari
929 2769 1021 2818 solebat
1036 2769 1110 2819 etiam

63 2844 246 2897 instrumentum
265 2848 384 2912 quoddam
401 2847 503 2897 ferreum
515 2856 562 2897 tra·
611 2843 637 2896 iu
648 2845 756 2902 Maricla,
768 2845 798 2893 de
810 2860 857 2909 quo
865 2843 897 2892 ad
907 2842 923 2891 i.
931 2845 988 2893 216.
1005 2843 1110 2893 Gratior.

63 2918 161 2978 huntur,
179 2929 208 2970 ut
227 2937 244 2970 a
264 2921 372 2971 sordibus
390 2929 520 2987 purgentur
539 2930 564 2970 et
612 2919 702 2984 Hygia.
713 2918 849 2969 P.A.d.l.
866 2933 896 2967 ex
912 2917 1050 2976 Hesiodus
1065 2935 1111 2982 qua

63 2993 216 3044 mollescant:
237 2995 291 3044 vide
306 2995 421 3059 Scaliger.
436 2995 468 3044 ad
483 2994 563 3045 Tibul.
612 3011 658 3041 acu
674 2996 817 3043 mediocriter
835 3009 878 3042 csse
897 2994 1003 3041 dllectm
1018 3003 1112 3055 propter

63 3066 85 3115 1.
96 3067 131 3116 vi.
143 3069 184 3118 80.
612 3072 731 3132 utriusque
736 3069 872 3117 consimilem
879 3077 999 3125 naturam
1006 3068 1111 3116 H.Fast.

95 3142 152 3192 412.
172 3143 253 3191 Posito
268 3146 360 3191 tumore
376 3143 469 3206 camna]
489 3143 563 3193 Varia
615 3143 671 3192 157.
705 3142 787 3192 Diana
808 3157 871 3198 eam,
890 3149 1016 3206 postquam
1032 3141 1113 3205 jurata

63 3216 235 3281 compositione
244 3233 326 3266 ornare
337 3217 444 3283 capillos,
454 3217 563 3267 solebant
613 3225 750 3282 perpetuam
777 3215 936 3280 virginitatem
966 3214 1111 3280 promiserat,

63 3291 184 3357 Nymphas
194 3293 268 3341 amori
278 3292 438 3356 indulgentes.
468 3292 561 3342 Medic.
612 3291 743 3357 principem
765 3290 824 3339 facit
844 3291 965 3338 comitum.
1001 3291 1112 3354 Sequitur

63 3367 123 3414 Fac.
140 3367 184 3414 19:
213 3367 288 3415 Vultis
309 3369 412 3414 odorum
427 3369 503 3428 potita
522 3385 561 3416 uu·
613 3365 731 3415 sententia
742 3381 807 3421 vera,
818 3364 882 3412 unde
892 3364 966 3412 lector
975 3362 1066 3412 exitum
1077 3364 1112 3412 rei

63 3442 127 3488 alors
144 3441 245 3502 capillos.
278 3440 399 3489 Deverbo
412 3440 562 3502 praetavid.
613 3439 720 3488 divinam
738 3446 825 3505 potest.
856 3439 900 3486 Est
915 3446 994 3486 autem
1007 3440 1111 3498 potentia

64 3511 192 3563 adim.
223 3514 506 3578 Ubifibuluoestem,etc.
532 3516 562 3562 Iu
613 3513 697 3579 gratia,
708 3529 756 3579 qua
766 3513 873 3562 valemus
884 3511 948 3577 apud
959 3511 1027 3559 alios.

63 3586 146 3636 multis
157 3587 322 3652 manuscriptis
339 3589 405 3636 locus
418 3587 512 3637 auctius
528 3587 563 3636 sic
647 3589 704 3637 417.
726 3589 829 3637 Ulterius
839 3590 911 3635 medio
921 3587 1060 3648 spatiumsol
1070 3587 1111 3633 lur-

63 3661 166 3725 legitur:
183 3664 224 3710 ulii
232 3664 312 3725 fidula
325 3671 406 3711 vestem
420 3663 561 3718 Strinaesrut,
613 3665 694 3722 bebat5
718 3663 769 3727 jam
790 3661 913 3711 meridiem
933 3658 1110 3725 pertransierat.

63 3737 161 3785 eminuit
176 3753 257 3799 emptu
266 3739 375 3799 juvenile
393 3739 520 3800 deamque,
538 3736 563 3785 iu
615 3738 706 3786 Habere
720 3741 826 3800 spatium,
842 3735 904 3784 illud
923 3750 1044 3784 emensum
1059 3751 1111 3784 esse

63 3809 564 3874 quibusmauumalienamlacileagnoscis.
614 3812 753 3872 cursu311.
773 3812 839 3860 Fast.
859 3809 918 3858 164:
938 3811 988 3858 Aut
1003 3811 1057 3872 plus
1069 3820 1112 3858 nat

96 3886 154 3934 413.
171 3886 462 3951 ΰοσνσιωνατ,0011εςεται.
480 3885 565 3934 uulua
614 3889 948 3936 mediumsoletaueutedlem.
966 3885 1055 3934 Bunsr.
1082 3886 1113 3936 In

65 3960 193 4025 consuiugi
211 3961 304 4011 solebat
328 3963 402 4019 avenis,
424 3978 472 4026 qua
498 3961 564 4009 brevi
614 3960 687 4009 sacris
702 3961 837 4009 nemoribus
848 3969 873 4008 et
883 3959 982 4007 vetustis
995 3975 1042 4007 uon
1052 3958 1112 4009 lice·

65 4034 193 4084 utebautur
214 4044 336 4092 venantes,
355 4036 395 4084 vel
416 4035 441 4084 in
462 4035 565 4084 humeris
614 4035 657 4083 bat
669 4035 763 4083 arbores
773 4034 872 4082 caedere.
900 4032 1046 4093 Cs.iii.ta;
1062 4032 1112 4083 viii.

65 4109 105 4157 rel
119 4108 184 4158 eirca
200 4118 293 4174 pectus.
327 4111 367 4159 De
383 4112 446 4159 vittis
458 4110 513 4159 vide
532 4109 563 4159 ad
614 4111 678 4170 3293
695 4110 742 4159 IV.
755 4111 820 4158 Fast.
833 4110 889 4158 649.
916 4108 975 4156 'l'ale
986 4107 1059 4172 igitur
1069 4125 1111 4156 ne-

65 4183 81 4231 i.
102 4184 158 4234 417.
197 4183 325 4250 Neglectae,
345 4184 517 4252 incompositos,
538 4186 564 4234 iu
614 4201 666 4235 mus
677 4185 776 4236 densum
787 4192 822 4233 est
832 4192 856 4232 et
864 4184 1007 4233 umbrosum.
