2812 5010
379 337 849 404 METAMORPHOSEON
874 339 964 404 LIB.
990 341 1050 405 IV.
1162 343 1227 406 319

176 508 354 584 Celdsset
371 513 507 599 vultus,
528 513 559 585 si
578 538 660 585 non
671 512 826 609 religata
842 503 986 587 fuisset.
1004 563 1007 570 «

176 623 347 712 Lumina,
368 628 469 725 quod
486 630 621 726 potuit,
641 624 804 702 lacrimis
823 629 992 727 implevit
1010 631 1162 704 obortis,

180 740 327 841 Saepius
346 742 514 828 instanti,
534 768 667 817 suane
685 744 824 818 delicta
840 745 947 818 fateri

178 854 290 931 Nolle
306 858 506 946 videretur,
526 884 662 935 nomen
681 871 866 958 terraeque
885 886 1084 959 suumque,
1151 868 1223 936 685

177 971 404 1074 Quantaque
423 987 600 1051 maternae
617 976 729 1049 fuerit
745 976 883 1049 fiducia
898 975 1038 1065 formae,

176 1088 345 1167 Iudicat:
375 1101 425 1179 et,
445 1093 612 1169 nondum
630 1093 846 1166 memoratis
864 1095 1051 1179 omnibus
1072 1086 1172 1167 unda

177 1205 372 1297 Insonuit;
392 1205 623 1305 veniensque
640 1209 823 1282 immenso
841 1211 968 1284 bellua
985 1220 1101 1308 ponto

176 1322 349 1411 Eminet;
371 1334 418 1401 ,et
431 1325 551 1398 latum
569 1327 639 1398 sub
657 1335 808 1423 pectore
827 1324 997 1424 possidet
1015 1349 1155 1422 aequor.

178 1438 402 1513 Conclamat
421 1439 522 1537 virgo
536 1467 544 1514 :
558 1492 563 1500 1-
574 1434 721 1537 ¹genitor
738 1441 917 1536 lugubris,
939 1451 978 1513 et
995 1465 1124 1515 amens
1151 1447 1225 1516 690

178 1554 305 1628 Mater
322 1555 451 1647 adest;
467 1550 600 1632 'ambo
611 1553 748 1645 miseri,
769 1557 836 1631 sed
850 1559 989 1655 justius
1007 1558 1084 1646 illa,

176 1671 261 1745 Nec
280 1697 409 1746 secum
427 1673 620 1762 auxilium,
640 1675 714 1748 sed.
725 1676 858 1770 dignos
876 1686 1046 1772 tempore
1063 1675 1190 1762 fletus

175 1786 481 1886 Plangoremque.
504 1789 647 1880 ferunt3
682 1790 882 1888 vinctoque
909 1791 946 1865 in
973 1807 1129 1892 corpore
1157 1793 1221 1865 ad-

328 1906 481 1992 haerent,

176 2020 305 2104 Quum
318 2021 372 2094 sic
385 2022 523 2120 hospes
537 2022 605 2096 ait:
628 2031 651 2060 “
665 2022 918 2096 Lacrimarum
932 2024 1044 2120 longa
1056 2049 1209 2098 manere

175 2135 368 2234 Tempora·
381 2162 446 2211 vos
473 2148 669 2236 poterunt:
699 2139 747 2211 ad
773 2163 884 2236 opem
910 2139 1032 2212 brevis
1055 2142 1148 2213 hora
1170 2140 1222 2242 fe-
1282 2227 1286 2242 ἰ

328 2250 490 2327 rendam
503 2264 562 2326 est
579 2281 587 2343 ;
1153 2261 1226 2329 695

179 2367 291 2440 Hanc
310 2392 380 2465 ego
398 2369 430 2442 si
448 2380 617 2468 peterem
636 2370 799 2444 Perseus
817 2367 912 2442 Jove
930 2380 1052 2457 natus,
1073 2381 1112 2444 et
1128 2371 1193 2444 illa

179 2483 304 2568 Quam
322 2484 490 2558 clausam
508 2485 677 2588 implevit
693 2484 865 2563 foecundo
883 2485 1033 2585 Jupiter
1051 2510 1153 2573 aum,

210 2772 268 2819 686.
286 2772 386 2825 Fiducia
395 2773 497 2836 formc3
513 2773 678 2823 italenissimo
728 2772 799 2822 IX.''
784 2773 818 2822 ui.
827 2774 881 2821 s..2
897 2774 994 2821 balmas
1011 2781 1145 2835 quaternam
1154 2776 1226 2837 J'uge

179 2846 275 2894 nornine
284 2855 408 2910 peccatum
419 2847 500 2896 matris
511 2848 779 2912 designantem
790 2855 965 2896 commemorat.
1093 2882 1095 2887 <

209 2922 267 2969 688.
288 2921 393 2984 Bellum]
412 2922 460 2970 Illa
468 2924 544 2970 hellac
554 2922 598 2971 furt
609 2934 678 2979 cetus
739 2924 815 2971 690.
834 2923 932 2970 Genitor
950 2924 1062 2986 lugubris,
1077 2920 1138 2984 ota]
1157 2922 1229 2973 Pater
1296 2975 1300 2985 Ι,

178 3001 204 3042 ut
225 2995 324 3043 tradunt
345 2995 425 3044 caeteri
449 2996 581 3061 scriptores.
620 2998 678 3046 Era·
727 3004 819 3045 tantum
839 2998 951 3060 lugubris,
970 3004 1044 3045 mater
1062 3011 1116 3045 vero
1134 3012 1229 3054 amens,-

178 3067 250 3115 tosth.
262 3071 448 3134 παρατεθεῖσαν
458 3072 495 3134 τῷ
510 3068 575 3129 κήτει
591 3069 679 3134 βοράν.
727 3071 781 3135 plus
791 3069 854 3119 enim
866 3071 1004 3118 movebatur
1021 3078 1046 3118 et
1061 3077 1087 3117 ut
1102 3069 1194 3127 mulier,
1206 3079 1230 3118 et

178 3140 328 3204 Hyginum¹
341 3147 484 3206 prrpon'tam.
517 3144 564 3192 Sed
578 3145 676 3194 etPlin.
729 3152 757 3193 ut
775 3160 848 3192 causa
870 3144 1021 3193 calamitatis.
1054 3143 1101 3192 Sed
1120 3145 1230 3201 Perseus,

177 3233 200 3264 v.
216 3218 258 3265 31.
274 3216 418 3282 simpliciter⁴
432 3220 528 3266 bellunm
546 3226 628 3266 vocat:
649 3220 679 3268 In
729 3226 757 3266 ut
771 3220 860 3267 Brutus
876 3219 939 3284 apud
950 3218 1053 3276 Livium,
1064 3219 1083 3266 i.
1095 3220 1142 3279 593
1162 3221 1230 3267 custi-

180 3292 297 3339 Pluenicc'o
307 3291 526 3353 murianteJoppem
538 3292 620 3348 Parin,
633 3302 680 3340 tota
728 3303 797 3357 gater
807 3295 917 3340 inertium
928 3289 1080 3355 querelarum.
1115 3314 1117 3317 ·

178 3367 294 3427 oppidum,
310 3367 336 3411 in
352 3368 522 3427 quc-olpectem
537 3366 615 3413 bellac
631 3367 680 3414 An·
763 3367 819 3413 697.
838 3366 912 3419 Quam
920 3367 1042 3428 clarissim]
1061 3364 1168 3413 Acrisius
1175 3380 1228 3413 ora-

178 3439 406 3503 dromedamfe'runt.
427 3437 487 3486 Vid.
501 3446 525 3486 et
536 3437 568 3487 ix.
577 3441 600 3486 5.
633 3439 680 3487 Sed
731 3439 785 3486 culo
796 3439 899 3487 monitus
906 3448 965 3496 erat,
977 3439 1034 3496 iore,
1044 3451 1071 3487 ut
1079 3438 1150 3495 filius,
1158 3455 1229 3503 quem

180 3513 266 3577 Pomp.
275 3512 351 3568 Mela,
363 3512 383 3558 I.
393 3512 420 3561 ii.
431 3513 471 3560 20.
481 3521 604 3568 memorat,
616 3512 681 3559 illius
731 3512 779 3560 filia
790 3514 929 3576 peperisset,
940 3515 1018 3578 ipsum
1032 3511 1166 3561 interficiat.
1199 3511 1229 3560 ld

177 3602 231 3634 ossa
249 3586 328 3634 adhuc
344 3587 431 3634 servari
444 3588 469 3634 in
484 3588 542 3634 urbe
556 3587 679 3651 Joppensi,
730 3594 837 3633 metuens
843 3587 946 3635 Danaen
957 3588 1109 3635 subterraneo
1118 3584 1233 3633 cubiculo

176 3661 315 3723 ibidemque
326 3668 419 3708 veteres
429 3660 545 3724 quasdam
558 3676 610 3708 aras
622 3660 678 3709 titu-
729 3660 844 3708 inclusam
860 3660 972 3709 custodiri
986 3661 1063 3725 jussit.
1097 3658 1179 3706 Nihilo
1194 3667 1230 3707 ta-

176 3736 226 3782 lum
239 3734 346 3797 ¹Cephei,
364 3733 490 3798 fratrisque
511 3734 605 3790 Phinei,
624 3751 679 3782 cum
729 3749 784 3781 men
795 3734 872 3782 minus
881 3734 966 3782 vitiata
976 3742 1020 3782 est.
1053 3733 1137 3797 Eurip.
1145 3732 1230 3795 fragm.

176 3806 291 3872 religione
319 3809 421 3873 plurima
448 3808 556 3857 retinere.
589 3810 679 3857 Verum
730 3809 837 3865 Danaes,
848 3809 989 3872 ver.6sqq.
1001 3814 1058 3854 tom.
1070 3806 1095 3854 ii.
1106 3821 1161 3870 pag.
1173 3807 1230 3857 409.

177 3883 292 3946 Pompon.
319 3882 434 3946 sequitur,
462 3892 489 3930 ut
516 3885 547 3932 Is.
582 3883 680 3932 Vossius
729 3883 770 3931 ed.
785 3883 850 3946 Lips.
868 3882 979 3948 Apollod.
996 3897 1052 3947 pag.
1069 3882 1101 3929 89
1108 3899 1115 3940 ;
1139 3879 1230 3944 Hygia.

176 3962 266 4013 monet,
279 3965 385 4005 auctores
395 3959 500 4013 Graecos,
512 3957 553 4022 qui
568 3957 592 4004 id
607 3958 679 4022 scrip·
730 3958 778 4005 sah.
786 3959 825 4005 63.
847 3956 915 4004 Nihil
921 3957 984 4004 enim
993 3968 1029 4004 est
1036 3964 1085 4003 tam
1093 3953 1229 4019 δυσφύλακ-

175 4040 265 4087 serant,
277 4039 332 4079 ante
345 4046 416 4096 quam
428 4047 482 4079 ossa
492 4032 593 4079 Romam
605 4039 679 4079 trans·
730 4049 783 4086 ταν,
805 4029 836 4088 ὡς
857 4031 931 4096 γυνή,
953 4038 980 4077 ut
1000 4036 1036 4077 est
1063 4028 1126 4094 apud
1148 4027 1230 4093 llarip.

176 4105 300 4155 ferrentur.
336 4106 447 4162 Possidet,
473 4105 559 4169 premit
586 4122 681 4169 corpore
731 4106 931 4169 fragmllanacs.
964 4103 1048 4152 Nescit
1057 4111 1137 4151 tamen
1147 4101 1231 4150 lleins.

175 4194 220 4227 suo
239 4178 315 4228 latum
333 4180 444 4244 spatium.
477 4180 540 4230 Plin.
551 4180 613 4228 llist.
624 4181 682 4227 Nat.
734 4196 764 4228 an
780 4182 866 4238 clausa,
879 4180 985 4230 absolute
1004 4179 1116 4244 positum,
1129 4177 1159 4226 sit
1175 4176 1234 4224 satis
