2812 5010
91 315 156 380 132
390 313 428 377 P.
454 312 613 396 OVIDII
638 312 849 379 NASONIS

92 488 144 561 Et
161 489 335 585 precibus
354 488 490 585 spretis
507 487 648 583 fugisse
666 511 733 584 per
750 488 832 561 avia
851 487 1082 587 Nympham,

92 603 224 676 Donec
243 603 388 677 arenosi
407 603 596 701 placidum
614 601 777 676 Ladonis
796 604 843 676 ad
861 627 1009 677 amnem

90 719 267 807 Venerit;
297 719 358 793 hic
377 719 430 791 illi
448 744 597 792 cursum
616 719 908 817 impedientibus
926 719 1049 807 undiS,
1132 752 1137 767 ·

93 833 148 907 Ut
166 859 207 907 se
225 844 424 920 mutarent,
439 834 603 932 liquidas
622 859 748 909 orasse
767 859 932 923 sorores3
1060 837 1136 906 704

92 949 286 1047 Panaque,
302 976 420 1048 quum
431 974 604 1048 prensam
615 950 684 1023 sibi
699 952 779 1047 jam
796 950 958 1047 Syringa
971 951 1135 1047 putaret,

94 1067 261 1164 Corpore
275 1092 342 1165 pro
358 1068 546 1166 Nymphae
564 1068 729 1140 calamos
746 1067 911 1139 tenuisse
924 1066 1135 1163 palustres:

94 1183 272 1280 Dumque
290 1184 342 1256 ibi
362 1185 535 1282 suspirat,
556 1196 677 1258 motos
696 1185 734 1256 in
753 1183 934 1257 arundine
950 1194 1081 1256 ventos

92 1297 275 1372 Effecisse
295 1324 427 1372 sonum
446 1310 609 1387 tenuem,
630 1301 869 1397 similemque
888 1297 1083 1396 querenti:

91 1412 183 1488 Arte
202 1439 309 1500 nova,
325 1415 503 1512 vocisque
522 1416 646 1490 Deum
665 1416 865 1490 dulcedine
883 1413 1048 1513 captum,

93 1537 117 1569 ‘⁴
134 1529 218 1604 Hoc
229 1531 320 1604 mihi
332 1530 532 1605 concilium
543 1533 705 1621 tecum,‘'
717 1533 871 1617 dixisse,
886 1541 909 1570 “
922 1530 1088 1604 manebit
1100 1527 1137 1603 :’'

93 1770 166 1833 Argi:
190 1770 271 1834 itaque
290 1770 361 1819 finem
380 1769 589 1839 narrandi-facere
639 1773 686 1821 Illa
696 1773 792 1821 iuventa
804 1770 885 1820 retulit
895 1771 962 1818 Pana
975 1768 1000 1815 in
1012 1783 1138 1816 numerum

27 1879 31 1887 .
94 1843 209 1908 potuisset
218 1854 303 1908 poeta3
319 1843 362 1893 sed
371 1830 531 1911 ncfflet
541 1845 606 1908 lec·-v
639 1846 805 1903 Deorum,sed
814 1846 844 1894 de
855 1845 932 1909 plebe.
949 1843 1032 1892 Natal.
1042 1843 1139 1899 Comes,-

92 1924 128 1966 tor
146 1918 261 1982 reliquam
278 1918 392 1975 fabulam,
405 1908 544 1984 seirpoela
560 1929 589 1968 ex'
640 1922 683 1970 lib.
698 1939 722 1969 v.
738 1937 790 1986 cap.
808 1921 840 1968 vi.
856 1920 956 1982 legatur,
974 1925 999 1965 et
1017 1915 1138 1964 Francisci

93 2006 136 2039 sna
152 2006 250 2056 persona
263 1991 373 2056 aspergit.
402 1990 530 2054 'Ingeniosa
547 1993 590 2042 tali
640 1996 731 2045 Baconi
750 1996 780 2043 de
801 1993 922 2058 Sapientia
941 1992 1064 2045 Veterum,
1082 2005 1138 2054 cap.

93 2071 226 2113 commento
246 2081 301 2114 usus
320 2075 363 2122 est,
379 2064 436 2130 quia
452 2065 590 2117 incredibile
639 2070 678 2118 vi:
698 2072 759 2125 Pan,
770 2073 814 2117 siue
827 2069 931 2116 Natura.

93 2137 169 2186 videri
190 2147 290 2203 poterat,
311 2155 360 2188 una
381 2154 435 2187 curn
457 2139 524 2189 finita
542 2141 589 2190 fab.
673 2144 727 2191 704.
740 2144 842 2205 Liquide
857 2140 959 2202 sorores]
979 2137 1137 2203 Nympbaein
1175 2136 1181 2144 '

95 2212 177 2261 oculos
187 2212 348 2262 succubuisse.

124 2287 180 2334 702.
187 2288 331 2350 Placidum]
340 2288 448 2336 Patrium
455 2288 512 2337 forte
519 2288 590 2353 scrip-

92 2358 123 2410 sit
132 2361 228 2416 Noster,
240 2369 267 2408 01
281 2362 386 2410 Ladonis
404 2361 477 2410 filiam
491 2364 591 2427 Syringa

90 2432 174 2483 iaciat.
192 2435 282 2482 limus.
315 2435 396 2483 Ladon
415 2435 500 2485 fluvius
517 2437 591 2485 Area·

92 2505 147 2564 diae,
162 2507 187 2555 in
202 2508 322 2572 Alpheum
337 2508 446 2558 influens.
477 2509 590 2558 Abunda-

91 2582 133 2633 bnt
144 2580 220 2646 aquis,
233 2598 277 2630 nec
291 2582 334 2631 ulli
347 2583 448 2632 cedebat
458 2584 588 2648 pulchritu-

92 2653 156 2710 dine,
176 2655 273 2702 Callim.
294 2655 317 2704 h.
336 2656 391 2704 Jov.
413 2659 460 2715 18;
483 2657 587 2705 Pausan.

93 2725 152 2776 Arc.
172 2744 197 2792 p.
215 2730 279 2788 651;
297 2728 398 2793 Dionys.
418 2731 511 2794 Perieg.
530 2732 587 2778 417.

93 2799 198 2849 Vocatur
215 2801 241 2848 h.
257 2802 275 2849 l.
292 2804 406 2863 placidus,
424 2803 467 2850 sed
481 2804 513 2852 V.
522 2805 587 2852 Fast.

94 2873 135 2921 89.
153 2890 223 2934 rapas
232 2891 241 2931 ,¹
259 2882 284 2922 ei
300 2876 334 2923 ΙΙ.
351 2877 417 2924 Fast.
435 2876 492 2924 274.
507 2876 529 2924 ei
548 2877 588 2925 tri·

92 2945 196 2994 buuntur
209 2951 258 2995 circ
275 2966 347 3011 aquia.
377 2949 462 3013 Itaque
478 2950 536 2999 Intt.
548 2966 589 2999 va·

92 3017 127 3067 rie
138 3019 201 3068 hunc
213 3020 344 3071 dissensum
361 3039 499 3087 componere
512 3029 589 3074 conati

93 3101 155 3142 sunt.
183 3095 273 3143 Verum
289 3095 400 3160 epitheta,
414 3097 499 3160 quibus
513 3109 588 3164 poetae

93 3167 198 3231 singulos
214 3169 297 3218 fluvios
314 3178 339 3219 et
358 3180 448 3220 montes
467 3183 589 3231 exornant,

94 3256 141 3288 non
157 3241 263 3305 urgenda
279 3252 341 3300 sunt,
352 3260 396 3292 nec
412 3254 496 3294 natura
510 3263 589 3296 eorum

93 3313 148 3362 inde
163 3314 354 3374 demonstranda,
366 3318 410 3366 nisi
422 3321 521 3369 accedat
534 3337 589 3385 geo·

92 3389 233 3453 graphorum
258 3392 394 3440 auctoritas.
435 3394 518 3457 Itaque
539 3395 590 3443 fieri

92 3468 182 3526 potest„
188 3470 215 3510 ut
230 3461 266 3511 sui
284 3463 358 3521 obliti,
373 3464 451 3514 eidem
467 3466 538 3516 fluvio
554 3468 590 3517 di·

93 3534 168 3584 versis
178 3535 236 3584 locis
247 3536 352 3587 diversas
362 3538 459 3588 virtutes
470 3541 587 3590 tribuant:

94 3608 148 3658 vide
167 3612 251 3658 Burm.
270 3611 300 3659 ad
315 3613 398 3662 Valer.
418 3616 483 3664 Flac.
497 3633 520 3664 v.
533 3619 588 3665 180.

92 3682 184 3732 Ansam
201 3684 288 3733 labulae
308 3685 374 3734 dedit
391 3696 476 3736 natura
490 3689 590 3738 Ladonis

94 3771 166 3819 quem
189 3759 318 3822 Dionysius
342 3770 421 3817 vocat,
443 3762 591 3829 Εὑκάλαμον

95 3832 209 3894 ποταμὸν
236 3834 277 3882 καὶ
303 3833 451 3900 ἐϋστέφανον
477 3837 592 3888 Andibus.

95 3902 187 3969 Σύριγξ
204 3907 288 3956 Graece
302 3909 419 3972 significat
432 3913 534 3961 fistulam
547 3930 591 3977 pa-

92 3978 209 4026 storitiam
225 3980 350 4046 ασύριζω,
361 3985 438 4034 sibilo.
459 3987 591 4043 Lucretius,

91 4050 137 4100 lib.
148 4068 179 4098 v:
200 4052 231 4099 Et
248 4054 347 4118 Zephyri
364 4075 419 4106 cava
437 4063 592 4130 perpulcrae-

92 4140 145 4173 rum
162 4127 227 4174 sibilo
246 4133 346 4188 primum
365 4133 469 4196 Agrasius
489 4137 591 4184 docuere.

640 2216 737 2265 Ladone
746 2215 889 2264 habitantes.
910 2211 1139 2262 Similiterlnacbus
1178 2252 1180 2256 .

641 2296 737 2336 vocatur
748 2291 848 2350 liquidus
855 2304 945 2350 pareus,
957 2285 1055 2334 Heroid.
1066 2287 1137 2335 XIV.

642 2363 681 2411 09.
700 2362 805 2427 Propert.
817 2363 852 2410 II.
863 2378 920 2410 xxv.
932 2361 978 2410 34:
997 2361 1091 2409 Acheloi
1107 2361 1137 2408 li-

640 2453 695 2498 quur
706 2437 777 2500 luget.

673 2510 728 2558 706.
745 2508 867 2570 colonus]
891 2509 1022 2557 Burmann.
1040 2523 1070 2556 ex
1088 2524 1137 2555 uno

638 2583 728 2632 Medic.
745 2600 831 2632 caunas
847 2585 950 2639 1000100,
967 2583 1024 2648 quia
1039 2581 1137 2646 Apulei.

638 2660 669 2707 V.
680 2660 780 2706 Metam.
805 2658 877 2706 Deam
896 2658 999 2706 Cannam
1018 2666 1095 2712 vocat,
1111 2665 1137 2704 et

638 2730 695 2795 quia
707 2747 755 2779 ver.
769 2732 824 2779 711.
851 2730 898 2779 Sed
915 2731 979 2779 Plin.
997 2731 1060 2779 Hist.
1077 2731 1137 2778 Nat.

638 2804 686 2853 xvi.
696 2807 727 2854 36
739 2821 758 2853 s.
773 2806 819 2853 66:
838 2805 979 2854 “Calamus
995 2807 1055 2854 alius
1073 2811 1137 2853 totus

639 2894 764 2934 concavus,
775 2895 845 2943 quem
855 2879 1082 2943 syringiamvocant,
1090 2878 1137 2926 uti·

638 2951 739 3002 lissimus
757 2953 850 3010 fistulis,
862 2953 973 3017 quoniam
986 2952 1046 3002 nibil
1059 2953 1082 3000 ei
1100 2960 1137 3000 est

638 3028 782 3091 cartilaginis
800 3037 872 3092 atque
888 3027 989 3076 carnis.”
1024 3028 1136 3076 Lactant.

638 3100 664 3150 in
674 3102 773 3165 Argum.
784 3105 810 3149 iu
819 3104 944 3150 arundines
954 3117 1059 3149 conuersa
1070 3111 1110 3149 est.

672 3176 727 3224 707.
746 3175 851 3237 Dumque
867 3177 898 3222 ibi
916 3175 1035 3237 suspirat]
1055 3175 1092 3222 101
1110 3174 1136 3221 10

639 3248 730 3297 calamo
756 3248 856 3312 suspirat
881 3248 974 3312 Syrias,
996 3249 1034 3296 vel
1058 3249 1137 3314 potius

639 3324 698 3380 Pan,
710 3326 740 3373 ob
752 3323 860 3372 amissam
872 3324 1017 3388 Nympham.

672 3400 727 3448 700.
743 3399 827 3446 Souum
843 3408 941 3455 tenuem,
952 3398 1048 3462 qualem
1063 3398 1136 3447 babet

639 3473 725 3529 fistula,
739 3473 802 3522 unde
815 3473 868 3537 ipsa
881 3471 1017 3529 λεπταλὲα,
1027 3481 1051 3520 01
1062 3476 1137 3521 tenuis

638 3546 735 3595 dicitur.

672 3621 727 3670 710.
745 3621 892 3683 Concilium]
917 3620 982 3668 Olim
997 3619 1065 3668 edeb.
1083 3637 1136 3667 cou-

639 3696 716 3742 silium
730 3702 772 3743 aut
789 3696 934 3757 colloquium.
965 3692 1135 3743 laea-Crura

640 3767 757 3816 suadebat
781 3770 914 3824 condilium,
936 3767 992 3830 quia
1012 3766 1037 3814 in
1057 3766 1137 3814 fistula

642 3841 710 3890 multi
725 3842 819 3899 calami,
829 3852 944 3906 tanquam
959 3841 1061 3898 annulis,
1071 3856 1137 3888 com-

638 3915 710 3979 positi
719 3916 812 3965 luerint.
829 3917 921 3966 Ciosan.
929 3933 958 3964 ex
966 3916 1058 3964 duobus
1065 3915 1136 3963 MSS.

640 3989 772 4051 proferebat
793 3994 923 4047 emolliam,
945 3989 962 4038 i.
978 4007 1000 4038 e.
1026 3987 1136 4042 societas,

641 4064 794 4120 consuetudo,
805 4065 878 4130 quod,
888 4081 960 4129 quum
972 4063 1043 4112 etiam
1053 4063 1078 4110 in
1088 4064 1136 4110 Lo,-

640 4153 696 4185 van.
710 4145 821 4194 exstaret,
833 4139 917 4202 merito
927 4146 1047 4203 receptum
1057 4145 1095 4186 est
1106 4137 1135 4184 ab
