2812 5010
258 109 729 177 METAMORPHOSEON
753 110 844 178 LIB.
866 113 915 179 II.
1046 114 1111 181 lor

63 283 264 383 Delphice,
284 286 488 383 poscebat3
518 310 604 359 nam
623 311 692 360 nec
710 288 923 364 rescindere
940 289 1066 386 magni

59 401 84 474 J
86 425 177 475 ussa
193 399 217 473 J
220 399 300 473 ovis
318 410 490 499 poteras:
520 425 602 487 nec,
623 402 655 475 si
673 403 889 479 rescindere
905 429 1051 503 posses,

60 517 169 591 Tunc
188 519 342 592 aderas:
373 518 473 605 Elin,
493 517 763 617 Messeniaque
782 546 869 595 arva
885 523 1049 596 colebas.

61 632 162 706 Illud
181 644 262 708 erat
278 645 441 732 tempuS,
462 659 537 731 quo
555 644 593 708 te
611 637 779 733 pastoria
795 638 905 735 pellis
1034 641 1108 711 680

61 749 198 839 Texit3
229 775 401 847 onusque
419 750 489 823 fuit
507 751 651 824 dextrae
672 752 853 827 silvestris
872 754 988 842 olive;

60 865 240 953 Alterius
260 867 388 964 dispar
406 867 573 965 septenis
592 865 718 942 fistula
732 870 875 942 cannis.

61 980 242 1079 Dumque
256 1003 359 1055 amor
370 993 429 1055 est
438 1006 549 1068 curae,
563 982 652 1055 dum
671 992 710 1057 te
728 995 793 1057 tua
811 984 936 1058 fistula
953 987 1105 1070 mulcet,

61 1095 308 1170 Incustoditae
327 1097 458 1196 Pylios
477 1109 732 1172 memorantur
749 1101 788 1172 in
806 1125 914 1196 agros

61 1211 301 1289 Processisse
318 1215 457 1289 boves:
478 1215 582 1289 videt
598 1215 666 1289 has
680 1216 874 1290 Atlantide
894 1215 998 1291 Maia
1032 1220 1105 1290 685

60 1428 115 1494 quid
131 1430 229 1488 viderit,
248 1431 274 1480 in
289 1432 361 1482 dicat.
395 1433 442 1482 Sed
458 1433 558 1482 eandem
608 1444 722 1499 pastores.
741 1436 822 1502 Apoll.
835 1435 860 1484 ii.
876 1436 922 1484 34:
942 1442 1014 1499 atque
1032 1433 1106 1482 etiam

60 1504 134 1553 fabul.
163 1503 236 1553 etiam
266 1506 395 1563 Hesiodus,
426 1507 558 1563 Nicander,
608 1511 672 1575 apud
684 1510 770 1574 Virgil.
783 1511 834 1559 Ecl.
844 1509 894 1558 viii.
905 1509 945 1558 16.
961 1510 1058 1556 Damon
1069 1507 1104 1555 in-

61 1578 246 1644 Didymarehus,
265 1579 406 1645 Antigonus,
418 1580 558 1647 Apollonius
608 1586 699 1634 cumbit
720 1589 785 1634 terere·
811 1587 882 1634 ottvae.
915 1587 947 1634 Et
970 1584 1107 1648 gestabatur

61 1653 170 1702 Rh⁰diu⁸
184 1666 351 1715 narraverant;
368 1656 432 1706 unde
444 1672 497 1705 eam
506 1656 557 1705 An·
608 1663 708 1718 dextera,
720 1661 820 1710 Theocr.
831 1660 869 1709 ld.
880 1659 920 1709 vii.
933 1660 1036 1708 15-19.
1047 1673 1105 1723 quo·

60 1727 163 1784 minu&
185 1729 240 1776 Lib·
260 1730 361 1779 Metam·
383 1732 424 1779 23·
445 1731 555 1796 repetiit:
608 1735 707 1785 cumhic
718 1737 897 1785 locusenostra
905 1734 1005 1784 lectione
1012 1748 1105 1797 egregie

60 1817 110 1866 que
121 1802 184 1851 ratio
194 1805 267 1868 paulo
275 1805 371 1870 propius
377 1805 557 1856 adOvidianam
608 1810 734 1874 conspirat.
761 1811 824 1858 Nam
837 1817 862 1858 et
871 1808 905 1857 ibi
914 1815 993 1873 pastor
1003 1806 1105 1855 humeris

60 1876 162 1926 accedit.
188 1877 219 1925 In
234 1894 264 1927 ea
281 1879 383 1928 occurrit
396 1881 489 1937 Battus,
507 1880 556 1945 qui,
607 1885 716 1934 indutam
730 1885 803 1933 habet
813 1885 904 1946 pellem,
916 1881 1001 1948 δέρμα,
1012 1888 1037 1929 et
1051 1885 1104 1930 dea·

59 1951 168 2000 mercede
187 1961 296 2018 accepta,
312 1952 433 2002 Silentium
449 1954 557 2019 Spondet,
608 1969 657 2008 tera
668 1959 714 2008 fert
723 1978 749 2008 es
765 1962 859 2008 oleastro
867 1961 959 2020 pedum,
972 1955 1105 2020 ἀγριελαῖω

59 2033 109 2073 eta
125 2027 248 2075 Mercurio
258 2027 380 2083 redeunte,
391 2044 464 2093 quum
475 2028 557 2077 datam
607 2032 717 2099 δεξιτερᾷ
730 2032 848 2099 κορύναν.
881 2031 933 2079 Tali
951 2030 1034 2079 habitu
1047 2044 1104 2077 con·

59 2099 129 2149 iidem
155 2100 256 2159 falleret,
277 2101 302 2150 in
329 2118 412 2151 saxum
432 2110 537 2152 mutatur
549 2123 556 2165 3
607 2107 738 2173 spiciuntur
755 2115 859 2171 pastores
876 2104 939 2170 apud
956 2103 1067 2152 Goraeum
1080 2103 1106 2153 ii.

59 2190 197 2240 quanquam
214 2175 239 2224 in
256 2176 308 2225 aliis
319 2176 460 2242 quibusdam
475 2180 554 2236 rebus,
607 2198 631 2229 n.
642 2183 668 2231 9.
679 2190 703 2229 et
718 2179 855 2230 Borionium
870 2178 895 2226 in
910 2176 1121 2241 Collect.Antiq.·

59 2256 85 2295 ut
107 2249 158 2298 suis
184 2249 244 2298 locis
269 2249 412 2308 videbimus,
440 2251 557 2300 dissentit.
606 2258 666 2305 Tab.
681 2258 721 2304 87.
756 2255 828 2310 Once,
847 2251 963 2317 quidquid
980 2257 1102 2314 gestatur:

61 2323 193 2389 Philyreius
210 2340 225 2373 a
241 2325 339 2390 Philyra
355 2335 441 2385 matre,
453 2342 556 2391 quacum
606 2331 654 2379 IV.
665 2330 728 2378 Fast.
738 2330 794 2378 241.
805 2345 861 2376 onus
870 2328 981 2392 inguinis.
1004 2325 1104 2381 Fistula,

60 2399 181 2457 Saturnus,
203 2408 299 2465 sumpta
319 2402 408 2465 equina
429 2401 510 2457 forma,
532 2400 557 2450 in
607 2420 681 2469 quum
698 2402 785 2467 Apollo
802 2400 862 2451 alias
878 2400 954 2465 lyram
970 2396 1103 2446 moderare·

59 2473 123 2522 Peho
153 2482 235 2523 monte
266 2490 404 2538 congressus
432 2474 556 2524 habuerat.
606 2488 651 2528 tur.
683 2479 721 2526 De
739 2477 790 2542 ejus
809 2475 892 2532 forma,
903 2474 953 2523 vid.
969 2473 999 2521 ad
1011 2472 1028 2520 i·
1044 2473 1103 2519 711·

60 2549 170 2614 Apollon.
186 2549 305 2610 ii.1236;
320 2549 407 2615 Virgil.
420 2551 508 2616 Georg.
519 2549 555 2600 iii.
608 2554 701 2601 Cannis.
717 2549 831 2601 Heinsius
838 2550 946 2614 putabat,
955 2546 1045 2610 abipsa
1052 2546 1104 2595 Na·
1174 2555 1177 2563 ’

58 2626 162 2674 92-94.
196 2624 235 2674 Sic
247 2624 336 2675 Chiron
351 2633 402 2674 erat
412 2627 475 2674 heros
485 2642 555 2675 sensu
605 2626 670 2675 sonis
679 2642 752 2674 manu
763 2639 814 2672 esse
825 2634 915 2685 septena
925 2622 1011 2685 fistula
1019 2637 1103 2670 conae.

58 2699 170 2765 entiqu03
187 2699 264 2764 ἥρωες
274 2701 337 2748 enim
351 2699 408 2748 olim
422 2699 481 2749 dicti
491 2708 555 2758 sunt,
638 2702 694 2748 683.
707 2700 811 2761 Dumque
822 2697 905 2759 amen]
924 2697 978 2744 Hoc
989 2694 1019 2742 de
1028 2710 1104 2743 amore

57 2775 97 2837 qui
108 2775 188 2824 aDeo
199 2775 283 2823 Deare
293 2774 403 2839 prognati
414 2783 490 2824 erant.
605 2777 663 2824 forte
685 2773 786 2823 Ovidius
809 2771 909 2827 addidit,
931 2769 988 2835 quia
1007 2769 1102 2834 Apollo,

88 2848 144 2896 677.
157 2848 205 2896 Nee
215 2848 362 2911 rescindere]
376 2848 432 2896 Non
445 2849 507 2896 eninr
518 2865 554 2897 re·
606 2866 679 2916 quum
697 2847 770 2898 serius
784 2845 882 2896 Admeti
897 2854 1004 2894 armenta
1019 2859 1102 2909 pasce·

55 2922 163 2974 scindere
174 2923 229 2973 Diis
243 2925 298 2973 licet
313 2932 368 2973 aete
378 2923 477 2973 aliomm
487 2926 553 2973 Deo·
604 2933 647 2981 ret,
666 2923 705 2972 vel
725 2921 893 2986 Hymenaeum,
911 2917 1009 2967 Admeti
1029 2933 1102 2983 nepo-

56 3013 115 3046 mm.
133 2997 204 3047 Conf.
214 2996 249 3046 iii.
259 3000 308 3047 236
319 3017 326 3058 ;
338 2998 387 3047 xiv.
398 3001 454 3047 784.
472 2999 553 3048 Fluxit
603 3008 660 3053 tem,
670 2997 770 3052 amasse,
782 2995 820 3043 vel
831 2993 905 3059 ipsius
915 2991 1014 3040 Admeti
1024 3006 1103 3040 amore

55 3072 99 3122 hoc
118 3088 149 3122 er
165 3072 275 3137 Euripid.
296 3073 369 3138 Ilipp.
384 3089 433 3122 ver.
449 3076 520 3122 1328.
539 3090 553 3122 a
604 3071 687 3120 arsisse
705 3068 812 3118 traditur.
846 3068 951 3116 Mulcere
966 3065 1054 3130 passim
1072 3064 1102 3112 de

55 3164 102 3213 quo
116 3148 169 3196 htec
185 3147 292 3196 Deorum
308 3147 348 3196 lex
365 3148 473 3197 confecta
487 3149 552 3198 vide·
603 3146 733 3196 carminum
746 3153 771 3192 et
786 3143 889 3192 musices
899 3141 1024 3190 suavitate.
1053 3141 1102 3202 Py-

54 3231 106 3269 tnr:
126 3221 231 3270 Valken.
246 3222 277 3270 ad
294 3221 318 3269 d.
330 3223 346 3270 1.
379 3223 476 3278 Aderat,
489 3221 553 3271 scili·
606 3224 640 3270 lus
657 3220 727 3268 dictae
741 3228 797 3267 sunt
810 3218 879 3265 urbes
893 3224 940 3263 tres
950 3214 975 3262 in
985 3215 1102 3279 Pelopon·

53 3303 94 3344 cet
100 3294 263 3352 inThessalia,
271 3294 312 3344 ubi
319 3296 443 3344 habitabat
451 3295 553 3355 Chiron;
605 3311 669 3344 neso.
696 3295 768 3342 Nunc
782 3291 856 3356 Pylus
867 3287 936 3338 Nelei
946 3289 971 3335 in
981 3286 1103 3351 Triphylia

52 3369 143 3419 etenim
159 3386 207 3418 non
221 3369 267 3418 nisi
282 3387 387 3434 presens
402 3372 470 3419 Deus
485 3387 555 3435 opem
604 3385 676 3434 prope
695 3366 751 3415 Elin
765 3364 915 3428 intelligitur.
945 3360 1028 3409 Posuit
1043 3360 1100 3408 sem.

52 3445 114 3493 serre
130 3452 225 3509 poterat
240 3444 341 3493 afflictis.
374 3444 461 3510 Apollo
474 3453 554 3492 antem
605 3444 746 3492 incustodita
753 3458 761 3498 ,·
779 3447 847 3488 erant
864 3437 936 3492 enim,
948 3453 972 3483 v.
990 3434 1061 3482 Hom.
1076 3432 1101 3481 in

52 3519 155 3574 abierat,
170 3519 245 3566 boves
262 3534 379 3583 querens,
397 3517 422 3567 in
438 3519 553 3584 Pelopon·
605 3519 683 3565 Merc.
697 3517 751 3563 192.
763 3516 843 3562 πᾶσαι
853 3511 959 3572 θήλειαι.

51 3606 147 3649 nesum,
165 3592 207 3640 nbi
226 3593 276 3640 Elis
292 3600 317 3640 et
333 3593 445 3641 Messenia
462 3592 511 3640 sive
526 3593 553 3657 (e
636 3592 693 3638 685.
712 3589 778 3636 Videt
799 3586 860 3649 hoa]
882 3587 933 3633 Has
953 3585 1012 3632 uidit
1033 3583 1100 3630 Mer·

52 3665 157 3714 dialecto
167 3664 269 3728 Dorica)
282 3665 397 3714 Messania
408 3682 472 3715 arva.
603 3664 689 3720 curius,
710 3661 798 3727 quippe
817 3661 842 3708 in
853 3660 970 3724 ¹Cyllene,
990 3656 1101 3705 Arcadiae

85 3738 143 3788 630·
156 3740 207 3794 Quo
220 3748 242 3787 te
257 3743 358 3802 pastoria
371 3741 458 3804 pellis]
472 3741 554 3788 Paeto·
604 3745 691 3793 monte,
703 3742 781 3782 natus.
806 3736 865 3781 Arte
872 3749 922 3789 sue,
932 3741 988 3780 nota
994 3730 1045 3787 illa,
1054 3747 1101 3795 qua

50 3831 104 3864 rem
114 3815 145 3864 ab
155 3814 240 3864 habitu
250 3830 330 3863 mrsus
339 3815 455 3878 designat.
482 3816 555 3863 Pellio
604 3811 744 3866 excellebat,
756 3808 898 3858 calliditate.
915 3807 986 3855 Hom.
993 3805 1018 3853 in
1025 3807 1102 3853 Merc.

50 3889 164 3938 humeros
173 3897 293 3954 pastorum
301 3897 379 3953 tegere
390 3888 489 3937 solebat.
506 3889 554 3937 Ba·
605 3887 651 3935 76:
669 3884 754 3944 δολίης
764 3881 782 3930 d
794 3883 822 3930 οὐ
832 3881 921 3940 λήθετο
931 3879 1032 3945 τέχνης.
1056 3880 1101 3926 llle

50 3965 136 4013 culum
159 3964 309 4028 oleagineum
330 3974 423 4028 gestare
447 3963 555 4012 solebant
605 3961 668 4009 enim
679 3962 784 4015 collidus,
796 3958 906 4018 qtridqaid
919 3957 1101 4017 placuitjocoso
