2812 5010
175 340 239 406 118
470 341 509 405 P.
533 338 694 406 OVIDII
718 338 930 404 NASONIS

178 515 253 588 Vix
270 539 382 614 prece
400 513 516 598 finita,
538 525 664 612 torpor
678 513 799 610 gravis
820 513 949 609 alligat
968 522 1090 586 artus:

179 633 312 708 Mollia
330 633 530 728 cinguntur
547 632 652 706 tenui
671 631 876 730 praecordia
892 631 1008 704 libro:

178 749 223 823 In
238 748 407 823 frondem
418 749 554 837 crines,
568 750 606 822 in
620 773 742 822 ramos
754 747 907 820 brachia
919 755 1116 820 crescunt:
1146 748 1220 818 550

178 866 267 947 Pes,
288 866 399 938 modo
416 876 494 938 tam
512 865 634 951 velorr,
653 864 769 962 pigris
788 863 977 936 radicibus
995 862 1112 935 haeret
1130 849 1140 935 :'

179 981 257 1055 Ora
274 1006 455 1055 cacumen
474 981 572 1056 obit:
603 991 771 1056 remanet
788 981 885 1055 nitor
899 1005 995 1052 unus
1014 980 1050 1051 in
1066 978 1142 1052 illa.

177 1095 287 1171 Hanc
306 1122 458 1195 quoque
477 1095 645 1169 Phoebus
667 1106 789 1180 amat;
817 1095 1017 1193 positaque
1036 1094 1073 1165 in
1092 1093 1220 1191 stipite

326 1214 459 1287 dextra

104 1405 111 1412 ,
179 1330 303 1404 Sentit
320 1330 443 1403 adbuc
461 1329 650 1427 trepidare
668 1355 764 1403 novo
783 1329 853 1401 sub
871 1328 1010 1401 cortice
1029 1337 1175 1425 peetus.

178 1446 488 1544 Complexusque
501 1445 578 1518 suis
589 1470 723 1531 ramos,
733 1445 964 1529 utmembra,
975 1442 1220 1527 lacertiS,555

179 1561 321 1634 Oscula
338 1562 404 1634 dat
420 1561 542 1657 ligno:
572 1560 710 1659 refugit
727 1571 852 1634 tamen
870 1561 999 1633 oscula
1018 1560 1175 1655 lignum.

177 1675 250 1748 Cui
274 1677 392 1762 DeuS,
414 1675 507 1748 “At
533 1679 671 1774 conjux
698 1675 875 1774 quoniam
903 1700 987 1748 mea
1009 1700 1084 1747 non
1108 1683 1219 1772 potes

327 1817 422 1876 esse,

176 2032 233 2097 quia
240 2032 328 2082 etalibi
340 2034 436 2082 lacrima
439 2033 534 2098 shrma:
545 2042 570 2083 et
579 2034 604 2082 in
615 2050 674 2098 qua·
723 2035 803 2090 hiscat,
821 2033 949 2097 (Heroidd.
967 2033 998 2081 vi.
1020 2034 1079 2092 144;
1101 2035 1168 2081 Fast.
1187 2032 1222 2081 iii.

176 2115 229 2156 tuor
246 2108 318 2156 MSS.
335 2123 348 2156 e
363 2107 441 2172 glossa
456 2123 506 2156 esse
522 2117 550 2156 ut
565 2111 673 2171 placeam.
724 2109 786 2168 609;
803 2107 883 2164 Silius,
899 2106 930 2154 iv.
949 2108 1005 2154 332.
1018 2108 1107 2171 jicgerc
1124 2107 1221 2169 irrfiasm

175 2180 222 2228 Sed
234 2181 269 2229 ita
282 2181 317 2229 his
330 2180 393 2229 idem
408 2179 514 2237 dixisset,
525 2196 570 2230 nec
584 2181 673 2230 exhau·
723 2192 764 2238 est,
781 2193 889 2244 terreque
905 2190 1015 2242 optantur
1033 2179 1130 2241 hiatus)
1148 2178 1222 2227 etiam

174 2253 243 2304 sisset
257 2255 306 2303 vim
322 2254 463 2304 calamitatis
481 2271 541 2303 suaa.
574 2255 673 2304 Seiden-
723 2255 762 2302 hie
773 2256 817 2303 hoc
826 2262 906 2302 votum
917 2253 1025 2302 infarcire
1038 2253 1124 2318 aliquis
1133 2253 1221 2317 potuit.

174 2331 282 2378 stueclrer
299 2329 352 2383 Qua
368 2330 472 2396 explicat
492 2334 518 2378 in
535 2349 588 2393 qao,
605 2347 671 2391 saper
721 2327 832 2378 Similiter
850 2330 896 2376 700
914 2344 968 2393 sqq.
983 2328 1059 2376 verbis
1077 2327 1220 2392 quibusdam

175 2421 227 2466 qao,
249 2412 321 2469 atque
341 2404 393 2452 haec
412 2422 457 2467 qua
476 2408 572 2452 nimiam
590 2407 671 2466 placat
721 2404 813 2460 deletis,
824 2403 963 2467 interpretes
974 2403 1057 2451 merito
1068 2403 1128 2450 duos
1139 2418 1222 2450 versus

175 2477 257 2526 addita
273 2485 351 2543 putat,
363 2477 420 2542 quia
431 2478 519 2528 Peneia
529 2478 580 2543 jam
596 2477 668 2526 dero·
720 2478 745 2526 in
764 2494 837 2526 unum
856 2479 996 2526 conflarunt.
1025 2478 1094 2526 Alias
1109 2477 1220 2526 emendd.

174 2551 219 2600 rari
233 2568 248 2601 a
263 2560 327 2600 terra
339 2552 412 2617 cupit.
445 2552 534 2602 Melius
549 2560 638 2608 tamen,
650 2554 670 2600 si
720 2552 774 2601 vide
790 2552 815 2600 in
834 2551 925 2600 Variet.
945 2552 1002 2600 lect.
1036 2550 1075 2599 De
1092 2552 1163 2600 verbo
1182 2554 1219 2599 la-

174 2625 224 2674 freri
241 2625 363 2674 commode
381 2634 469 2690 posset,
486 2644 531 2688 qua
548 2625 670 2674 referretur
720 2628 781 2682 dere,
793 2625 842 2674 vid.
851 2625 882 2673 ad
893 2626 950 2674 603.

175 2698 207 2746 ad
215 2700 330 2764 figuram,
346 2707 372 2747 ut
389 2698 415 2748 ii.
429 2700 489 2747 474:
508 2701 613 2747 Adimam
629 2703 670 2748 tibi
752 2703 809 2749 543.
821 2700 905 2748 Gravis
914 2700 945 2747 ab
964 2697 1059 2754 effectu,
1071 2698 1112 2762 qui
1127 2699 1220 2762 alligat,

173 2773 368 2836 nempcfigaram,
381 2772 671 2835 Qaatihi,qaaqacplaces
719 2773 806 2838 rigidos
833 2785 857 2822 et
883 2773 1015 2821 immobiles
1042 2772 1121 2821 reddit
1148 2781 1222 2822 artus.

175 2854 258 2901 nostro,
279 2847 416 2906 importuna,
434 2849 524 2894 marito.
552 2846 583 2894 Et
603 2847 670 2894 Peri·
721 2848 829 2897 Gravitas
845 2863 872 2895 eo
889 2863 958 2895 sensu
969 2846 999 2896 de
1014 2847 1105 2902 arbore,
1117 2845 1151 2894 xi.
1163 2849 1221 2896 244.

175 2933 227 2965 ron.
243 2917 274 2966 ad
289 2919 369 2966 Sanct.
383 2917 444 2965 Min.
460 2935 487 2982 p.
499 2920 547 2967 543
562 2934 614 2983 sqq.
628 2935 670 2967 ex·
719 2923 825 2987 Alligarc
844 2931 909 2970 artas
929 2920 959 2969 de
988 2929 1089 2986 torpore,
1111 2929 1219 2978 tremore,

174 2991 258 3056 emplis
276 2991 366 3040 idoneis
388 2991 476 3048 docuit,
496 2994 531 3040 ita
552 2992 670 3041 interdum
719 3011 805 3061 pavore
814 2994 915 3060 passim:
934 2994 988 3042 vide
999 2994 1083 3042 Heius.

175 3064 282 3130 abmmpi
296 3065 501 3122 constructionem,
515 3076 542 3115 ut
554 3067 670 3117 divellar·
752 3072 808 3118 549.
826 3069 941 3131 Libram]
959 3067 1006 3116 Hic
1028 3068 1112 3116 melius
1132 3068 1219 3133 posuit,

174 3146 220 3195 tur,
237 3139 344 3204 pluribus
358 3140 436 3188 verbis
451 3140 600 3206 interpositis,
616 3158 669 3206 quae
720 3160 792 3208 quam
804 3143 920 3192 duriorem
931 3143 1049 3192 corticem.

151 3211 318 3262 ‘cohereant
346 3212 375 3261 ld
395 3213 458 3277 quod
478 3213 503 3261 in
524 3214 552 3262 iis
568 3215 671 3264 maxime
752 3220 808 3267 550.
830 3217 962 3280 Crescunt]
993 3216 1136 3283 Mutationis
1157 3217 1220 3265 notio

176 3284 272 3334 vocibus
288 3285 366 3334 locum
381 3285 462 3343 habet,
473 3287 546 3335 virtus
564 3288 623 3336 adeo
635 3289 670 3337 vi·
718 3292 810 3341 variata
825 3292 902 3340 verbis
918 3308 1023 3348 cresccre,
1042 3293 1134 3348 harere,
1149 3295 1219 3341 obire.

175 3358 225 3407 deri
241 3358 323 3424 possit,
340 3375 402 3423 quae,
419 3368 446 3408 ut
465 3359 516 3409 brec
533 3360 558 3409 in
577 3377 669 3411 summa
722 3367 868 3414 Postremum
877 3365 911 3414 sic
922 3375 946 3414 et
954 3365 995 3414 vii.
1007 3367 1074 3425 7753
1090 3365 1124 3413 ix.
1135 3367 1192 3415 290.

174 3434 260 3482 mentis
267 3433 441 3500 perturbatione
448 3435 604 3500 proferuntur.
621 3436 669 3485 Sed
751 3441 806 3488 551.
822 3440 909 3504 Pigris,
920 3438 1088 3495 immobilibus,
1102 3441 1132 3488 ab
1144 3439 1219 3487 homi·

173 3505 285 3570 quoniam
299 3506 377 3572 plures
387 3508 457 3556 MSS.
468 3507 506 3556 hic
521 3508 591 3573 plura
600 3510 669 3557 omit·
719 3520 890 3578 resumptum.

173 3588 235 3637 tunt,
254 3580 365 3645 quoniam
379 3581 464 3630 mimm
480 3591 524 3639 est,
541 3583 668 3649 nympham
750 3588 806 3635 552.
824 3588 934 3635 Remaact
944 3586 1027 3650 sitan]
1042 3587 1126 3635 Nitida
1136 3589 1217 3636 maras

172 3662 226 3720 post
243 3663 334 3720 patrem
349 3654 413 3704 illico
429 3665 453 3705 et
465 3656 584 3705 Tellurem
603 3657 669 3706 invo-
718 3659 790 3708 etiam
807 3658 854 3708 xiv.
867 3661 933 3720 720;
950 3659 1013 3708 Plin.
1030 3660 1061 3708 V.
1080 3661 1127 3724 Ep.
1145 3659 1177 3708 vi.
1195 3662 1218 3708 4.

174 3743 236 3785 care,
256 3745 333 3793 neque
350 3730 409 3778 adeo
428 3738 534 3796 apparet,
546 3740 598 3780 uter
615 3748 668 3780 eam
719 3734 800 3798 Atque
820 3733 892 3782 etiam
911 3734 997 3797 puellis
1018 3737 1080 3782 nitor
1100 3734 1218 3792 tribuitur,

173 3801 306 3859 mutaverit,
328 3803 439 3867 quoniam
460 3803 562 3869 denique
579 3805 604 3852 in
622 3806 668 3853 Ar·
718 3807 734 3856 i.
745 3824 766 3856 e.
785 3807 943 3874 pulchritudo,
953 3808 986 3856 ri.
996 3809 1052 3856 272.
1086 3808 1138 3856 Hoc
1149 3824 1217 3857 suum

173 3891 238 3938 gum.
252 3877 371 3924 Lactantii
385 3894 446 3926 unns
460 3885 527 3943 pater
538 3878 668 3936 invocatur,
718 3881 791 3930 decus
809 3882 912 3946 Daphne
931 3890 1008 3931 servat
1026 3889 1125 3939 mutata,
1144 3891 1169 3930 ut
1187 3882 1218 3933 ad

171 3955 295 4012 propterea
312 3949 397 3997 malim
406 3951 449 3999 hos
467 3951 525 4000 duos
538 3967 619 4000 versus
634 3952 669 4001 ita
718 3956 766 4003 237
778 3955 930 4004 admonitum.

173 4020 323 4070 contrahere:
343 4023 394 4076 Qua
409 4025 503 4074 simiam
519 4025 606 4086 placui,
617 4043 667 4074 mc·
750 4029 806 4076 554.
825 4028 968 4091 Trepidam]
993 4028 1102 4092 Palpare,
1122 4028 1218 4086 micare,

172 4097 241 4143 tando
255 4097 324 4158 perde
331 4097 446 4162 figuram,
460 4097 557 4162 reliquis
572 4098 666 4148 deletis.
717 4101 748 4150 de
759 4109 824 4150 motu
833 4102 917 4153 cordis.
934 4102 1097 4153 (leviticos.

173 4167 290 4225 Quoniam
300 4168 379 4219 miseri
389 4187 451 4236 saepe
464 4179 555 4236 optant,
567 4181 593 4220 ut
604 4182 667 4221 terra
749 4176 805 4226 557.
824 4177 937 4241 florejus]
956 4177 1019 4227 Vide
1030 4176 1060 4226 ad
1074 4178 1130 4226 490.
