2812 5010
287 337 352 405 238
578 337 617 403 Ρ.
641 334 804 403 0V1DII
827 334 1039 401 NASONIS
1068 431 1070 435 y

290 511 540 611 Imperfectus
558 511 680 586 adhuc
698 510 820 584 infans
839 509 1041 606 genetricis
1060 511 1107 583 ab
1126 509 1208 582 alvo
1260 511 1340 580 310

291 626 470 727 Eripitur,
490 627 688 726 patrioque
704 638 823 714 tener,
843 626 875 700 si
893 628 1046 727 credere
1064 627 1233 723 dignum,

291 742 458 817 Insuitur
474 743 626 833 femori;
656 753 900 840 maternaque
919 754 1091 841 tempora
1108 743 1293 840 complet.

291 859 436 935 Furtim
453 862 559 935 illum
577 862 706 961 primis
726 862 794 935 Ino
809 870 1011 934 matertera
1028 861 1135 933 cunis

290 975 460 1053 Educat:
489 979 575 1054 inde
592 980 722 1052 datum
741 976 777 1049 N
780 976 931 1074 ymphae
951 975 1140 1074 Nyseides
1159 974 1278 1048 antris

292 1091 503 1168 Occuluere
521 1094 620 1184 suis;
649 1093 835 1189 lactisque
852 1091 1031 1165 alimenta
1048 1089 1199 1165 dedere.
1263 1093 1341 1161 315

342 1208 410 1284 IV.
441 1210 619 1308 Dumque
637 1234 683 1284 ea
699 1232 767 1307 per
783 1216 900 1281 terras
918 1205 1021 1280 fatali
1039 1207 1123 1303 lege
1143 1215 1340 1303 geruntur,

290 1440 329 1500 tit,
339 1449 364 1491 et
374 1441 466 1492 Semele
482 1443 574 1510 expirat
589 1451 663 1494 metu.
696 1444 786 1493 Secun-

290 1515 349 1564 dum
363 1516 506 1574 Lucianum,
523 1525 612 1567 tectum
628 1517 737 1583 concepit
752 1518 788 1582 ig-

291 1605 355 1647 nem,
366 1606 413 1656 quo
427 1589 470 1640 illa
479 1590 558 1657 periit.
591 1593 667 1649 Dorio,
677 1590 788 1656 insignia,

291 1664 379 1728 quibus
395 1680 429 1721 se,
440 1664 550 1729 precibus
565 1665 669 1714 Semeles
685 1673 789 1723 coactas,

292 1735 443 1786 instruxerat.
468 1739 575 1804 Jugaliu,
587 1738 702 1805 conjugis.

324 1814 381 1862 310.
392 1812 567 1878 Imperfectum]
580 1812 692 1880 Apollod.
701 1813 788 1879 ἑξαμη-

291 1889 376 1938 νιαῖον
390 1885 489 1952 βρέφος,
504 1886 547 1936 sed
562 1887 661 1938 Lucian.
679 1887 789 1953 ἑπταμη-

292 1961 385 2010 νιαῖον.
405 1960 520 2021 Eripitur.
530 1961 591 2010 Inde
599 1961 683 2026 Eurip.
691 1963 720 2010 91
730 1981 735 2010 :
745 1980 788 2023 νη·

291 2031 349 2093 δύος
359 2033 468 2097 ἔκβολος.
488 2034 597 2083 Intuitur
601 2035 696 2100 femori,
705 2051 789 2101 nempe

292 2107 370 2157 aureis
380 2107 467 2164 fibulis,
478 2122 509 2156 ne
523 2109 539 2158 J
540 2124 586 2157 uno
599 2123 654 2156 eum
669 2108 788 2174 reperiret.

290 2181 373 2247 Eurip.
384 2183 424 2231 96.
441 2179 556 2246 ῥάπτειν,
566 2190 591 2231 et
602 2182 680 2232 Graeci
696 2183 727 2232 de
742 2184 788 2232 hac

290 2271 316 2306 re
324 2255 423 2306 habent.
439 2257 455 2305 J
457 2272 495 2305 am
504 2256 625 2323 Euripidis
634 2264 703 2306 atate
713 2266 789 2316 erant,

291 2331 333 2396 qui
349 2331 411 2381 illud
428 2330 456 2381 lv
470 2332 543 2397 μηρῷ
557 2330 613 2380 inde
628 2343 704 2380 ortum
720 2340 789 2398 puta-

291 2412 352 2462 rent,
364 2405 427 2471 quod
444 2405 556 2454 Bacchus
570 2405 660 2456 Iunoni
670 2406 790 2470 quondam

292 2477 425 2545 ὡμὴρευσε,
442 2483 501 2529 obses
511 2479 600 2545 fucrit.
624 2481 717 2530 Bacch.
733 2483 790 2530 295.

291 2555 341 2603 Sed
357 2555 469 2604 Eustath.
480 2554 522 2603 sol.
533 2557 590 2604 310.
601 2556 620 2604 l.
633 2557 657 2604 7.
673 2571 721 2604 rem
733 2556 790 2606 inde

291 2627 384 2693 repetit,
396 2629 459 2695 quod
474 2629 516 2677 ille
530 2629 556 2678 in
567 2630 641 2685 Mero,
652 2639 732 2679 monte
747 2631 788 2679 In-

291 2701 347 2759 dia,
364 2702 488 2760 educatus,
509 2703 547 2752 sit.
580 2703 619 2754 CI.
638 2703 705 2752 Curt.
716 2705 790 2754 VIII.

291 2793 316 2826 x.
329 2778 356 2825 ll
367 2794 374 2838 ς
391 2776 455 2826 Plin.
463 2777 495 2825 vi.
506 2778 546 2827 21.
569 2778 631 2827 Inde
641 2787 721 2827 autem
731 2795 788 2844 poe·

291 2848 323 2898 tis
342 2849 421 2899 dictus
439 2849 599 2916 μηρορῤαφὴς
621 2858 646 2900 et
665 2869 789 2918 μηροτρα-

837 1441 903 1491 iacit.
936 1443 995 1491 Earn
1006 1450 1031 1491 ct
1042 1440 1132 1506 Hygia.
1142 1441 1191 1487 fab.
1203 1440 1260 1487 182.
1274 1453 1341 1487 com·

837 1523 960 1574 memorat,
970 1516 1061 1565 Oceani
1072 1515 1156 1563 filiam.
1178 1514 1224 1562 Pro
1235 1528 1264 1561 ea
1275 1511 1341 1561 idem

838 1590 895 1640 alibi
906 1592 995 1654 Nysam
1005 1590 1096 1639 laudat.
1125 1588 1185 1637 Inde
1197 1599 1280 1636 autem
1291 1587 1343 1635 lac-

838 1673 889 1715 tum
899 1673 936 1715 est
945 1681 1031 1714 nomen
1043 1665 1168 1727 Dionysus.

870 1741 1008 1789 ale-338.
1026 1740 1132 1802 Dumque
1151 1755 1177 1786 eu
1194 1755 1236 1800 per
1253 1747 1339 1793 terras,

837 1814 898 1878 etc]
919 1811 1341 1871 Tiresias,Thebanus,EverisfiIins,

838 1897 906 1938 vates
916 1888 940 1937 in
951 1896 1002 1937 tota
1012 1888 1153 1952 antiquitate
1164 1887 1342 1945 celeberrimus,

838 1963 881 2012 sed
891 1962 981 2011 lumine
991 1971 1084 2028 captus.
1118 1962 1193 2010 Casus
1203 1960 1267 2018 vitae,
1280 1977 1343 2026 quos

838 2053 921 2104 passus
931 2045 975 2094 est,
986 2036 1049 2086 varie
1065 2044 1196 2085 narrantur.
1228 2036 1258 2083 In
1269 2035 1341 2084 femi-

838 2127 894 2160 nam
903 2127 958 2160 eum
969 2126 1020 2160 esse
1028 2109 1217 2159 transformatum
1227 2111 1257 2157 ob
1266 2109 1343 2159 inter·

838 2185 935 2241 sectum,
946 2185 984 2233 vel
1001 2183 1026 2232 in
1043 2191 1122 2233 moute
1136 2183 1246 2247 Cyllene,
1256 2185 1296 2232 vel
1314 2185 1341 2233 iu

839 2259 981 2316 Citherone
995 2259 1122 2308 draconem
1142 2259 1246 2307 referunt
1265 2259 1342 2307 etiam

839 2333 952 2399 Apollod.
970 2333 1019 2382 ΙΙΙ.
1038 2333 1070 2381 vi.
1088 2333 1117 2391 7;
1144 2332 1260 2381 Antonin.
1282 2333 1340 2381 Lib.

839 2408 892 2468 xvi;
921 2407 1010 2472 Hygia.
1027 2408 1077 2456 sab.
1095 2409 1143 2465 753
1168 2405 1248 2455 Schol.
1267 2406 1342 2456 Hom.

840 2483 871 2530 ad
887 2481 937 2530 Od.
951 2487 982 2531 A.
993 2483 1049 2530 493.
1083 2480 1204 2530 Caecitatis
1218 2496 1273 2529 vero
1289 2482 1343 2547 ejus

840 2571 913 2605 causa
922 2555 987 2605 varie
994 2563 1197 2604 commemoratur.
1218 2554 1268 2612 Qui
1275 2556 1342 2604 Phe-

839 2630 951 2695 recydem
972 2638 1110 2696 sequuntur,
1131 2638 1158 2679 ut
1179 2631 1244 2680 Call.
1265 2630 1293 2679 h.
1317 2631 1343 2680 in

838 2705 937 2755 Iavacr.
948 2705 1010 2754 Pall.
1018 2720 1079 2753 vers.
1087 2706 1209 2754 75-103.
1221 2713 1265 2754 ete
1275 2705 1344 2754 Lati·

839 2779 876 2828 nis
887 2796 948 2829 nnus
958 2781 1064 2844 Propert.
1075 2779 1120 2828 IV.
1131 2779 1164 2828 ix.
1175 2781 1215 2828 57.
1224 2795 1278 2828 eam
1289 2782 1343 2830 cla·

839 2852 893 2901 dem
907 2853 1014 2902 tribuunt
1026 2853 1151 2911 Minerva,
1163 2869 1235 2918 quam
1251 2854 1343 2904 nudam

290 2921 350 2988 φής.
384 2924 503 2981 Materno,
521 2923 547 2974 in
562 2933 629 2974 utero
644 2925 726 2974 matris
740 2926 790 2976 exi·
839 2926 925 2977 viderit
938 2927 1040 2976 Tiresias
1051 2928 1156 2993 juvenis,
1175 2944 1229 2993 qua
1248 2939 1342 2988 tamen,

291 2996 388 3062 genda3
414 3000 516 3060 complet,
535 2999 654 3063 transigit.
690 3000 729 3049 Sic
748 3001 790 3050 ille
839 3001 954 3068 precibus
963 3001 1044 3051 matris
1059 3010 1084 3051 et
1093 3001 1230 3066 integritate
1244 3003 1344 3069 juvenis

291 3072 395 3120 bimutsr.
422 3072 462 3121 De
470 3072 514 3121 illo
525 3079 592 3138 parte
602 3072 670 3126 Jovis
681 3073 731 3139 agit
741 3075 789 3125 Lu·
839 3084 955 3144 permota,
965 3076 1111 3125 vaticinandi
1122 3077 1144 3126 ei
1160 3085 1235 3126 artem
1246 3077 1342 3128 tribue·

293 3143 386 3202 cianus,
399 3144 453 3196 d.l.
840 3150 879 3199 rit.
896 3151 957 3200 Cum
969 3149 1056 3199 Nostro
1066 3151 1216 3199 consentiunt
1225 3152 1344 3216 Apollod.

325 3220 382 3269 313.
399 3219 463 3282 Iria]
481 3218 521 3268 Sic
531 3228 556 3268 et
565 3219 792 3285 Apollodorus3sed
842 3224 931 3289 Hygia.
959 3225 1048 3273 Anton.
1074 3225 1128 3274 Lib.
1150 3224 1207 3274 xvii.
1232 3226 1343 3291 Phlegon

291 3293 356 3359 apud
375 3292 507 3342 Lucianum
521 3293 656 3343 Mercurius
673 3310 728 3343 eum
745 3304 793 3344 sta·
841 3297 914 3347 Trall.
924 3298 955 3347 de
969 3297 1058 3348 Mirab.
1068 3297 1101 3347 iv.
1118 3298 1204 3363 quibus
1220 3299 1345 3350 Hesiodus

291 3366 336 3416 tim
352 3366 377 3414 in
395 3368 483 3430 Nysam
495 3367 580 3416 desert
614 3368 700 3417 Primis
716 3373 791 3428 curru,
841 3371 976 3439 praeiverat.
996 3371 1109 3436 Elegiaco
1120 3373 1223 3421 carmine
1234 3373 1342 3424 tabulam

290 3441 322 3489 ab
338 3439 415 3490 initio.
449 3439 509 3489 Iuda
525 3444 615 3498 dotum,
634 3457 649 3490 a
665 3450 791 3493 matertera
840 3453 982 3496 tractaverat
999 3453 1125 3495 Sostratus.
1158 3448 1243 3495 Prater
1258 3449 1343 3497 vatici-

291 3523 427 3580 acceptum.
446 3515 520 3585 Nyso,
528 3516 585 3564 urbs
594 3524 619 3565 et
629 3531 696 3564 mons
706 3516 791 3568 India.
840 3521 914 3569 nandi
930 3530 1003 3569 artem
1015 3520 1155 3569 constitutus
1166 3519 1189 3568 ei
1202 3519 1275 3569 etiam
1290 3531 1343 3570 erat

289 3589 329 3637 Ibi
338 3591 447 3653 Nyseides
455 3590 565 3656 nympha
575 3590 690 3654 (quarum
696 3591 792 3641 nomina
840 3595 926 3659 longus
938 3593 993 3644 vitae
1007 3594 1129 3652 terminus,
1140 3593 1228 3659 quippe
1243 3595 1286 3659 qui
1301 3612 1344 3662 per

292 3663 396 3729 Cysseis,
404 3663 480 3729 Nysa,
490 3665 571 3722 Erato,
580 3664 685 3730 Eriphia,
695 3665 792 3716 Bromie
841 3676 939 3734 septem,
961 3675 1012 3725 aut,
1034 3677 1061 3717 ut
1082 3668 1123 3716 alii
1144 3668 1235 3725 volunt,
1256 3685 1343 3718 novem

291 3747 317 3788 et
333 3736 503 3803 Polyhymnia)
524 3736 549 3787 in
567 3739 640 3788 antris
661 3739 792 3791 educarunt
840 3750 923 3791 etates
940 3742 1033 3800 vixerit,
1051 3757 1066 3790 a
1083 3742 1174 3791 Cadmo
1191 3741 1248 3791 inde
1267 3759 1343 3808 usque

291 3810 423 3869 Bacchum,
438 3829 492 3878 qua
507 3820 543 3862 est
555 3811 660 3877 vulgaris
675 3813 747 3880 hujus
758 3814 791 3865 rei
840 3815 872 3864 ad
882 3825 964 3880 captas
978 3815 1009 3863 ab
1019 3814 1115 3880 Argivis
1129 3816 1231 3873 Thebas,
1242 3825 1268 3865 et
1278 3817 1342 3866 Lab-

291 3883 400 3933 narratio.
425 3885 531 3935 Homer.
550 3885 575 3935 h.
596 3886 687 3936 Bacch.
706 3904 732 3953 p.
750 3889 791 3938 99.
840 3889 932 3938 decidis
942 3888 1019 3939 multa
1031 3889 1127 3939 oracula
1142 3888 1252 3939 ediderit.
1285 3893 1342 3941 Fre·

290 3956 347 4004 Em.
365 3955 467 4006 Antrum
481 3959 541 4008 illud
558 3959 618 4010 duas
636 3961 697 4009 sores
714 3961 790 4012 habu·
839 3980 916 4029 quens
922 3964 993 4029 igitur
999 3964 1050 4029 ejus
1059 3964 1122 4030 apud
1130 3963 1243 4029 Tragicos
1251 3974 1344 4016 veteres

290 4027 338 4077 isse
348 4028 442 4088 dicitur,
452 4032 515 4081 unde
523 4033 645 4083 Bacchum
654 4035 790 4098 Ditbyriteu
839 4037 937 4086 mentio.
963 4037 1055 4087 Datum
1062 4037 1166 4103 denique
1176 4038 1199 4086 ei
1209 4047 1261 4088 erat
1268 4038 1343 4089 etiam

292 4094 438 4158 appellatum
457 4097 547 4147 volunt.
571 4099 639 4148 Serv.
655 4099 687 4148 ad
704 4099 790 4165 Vir-gil.
838 4101 893 4158 hoc,
912 4110 939 4151 ut
960 4102 1025 4168 apud
1044 4102 1131 4152 inferos
1150 4103 1214 4152 solus
1230 4113 1341 4170 saperet:

291 4167 345 4219 Bel.
365 4169 397 4218 vi.
411 4171 449 4219 15.
466 4171 552 4234 Nysam
566 4172 658 4222 Bacchi
673 4174 788 4224 nutricem
839 4175 936 4225 Homer.
947 4176 995 4226 Od.
1006 4183 1039 4226 K.
1050 4178 1114 4237 4905
1131 4177 1184 4226 Cic.
1194 4177 1253 4227 Div.
1264 4177 1280 4228 i.
1292 4179 1342 4228 9οι
