2812 5010
250 332 717 401 METAMORPHOSEON
740 334 831 400 ΠΒ.
855 335 916 401 Ν.
1039 338 1104 404 295

64 508 250 608 Hospes,''
268 510 341 596 ait;
371 507 599 607 simulatque
617 509 735 605 gradu
753 507 947 584 discedere
963 534 1082 586 verso.

60 625 155 699 Tum
164 648 315 722 quoque
323 624 539 722 respiciens,
548 622 1000 722 fruticumquerecondita
1010 626 1103 701 silva

60 742 242 830 Delituit;
272 742 491 840 flexumque
506 766 606 840 genu
623 742 816 816 submisit:
845 742 975 829 atille,
1028 748 1103 817 340

60 857 115 931 Ut
132 881 239 956 puer,
259 868 299 931 et
314 856 442 931 vacuis
460 869 502 932 ut
518 857 776 931 inobservatus
794 859 833 930 in
847 859 984 944 herbis,

59 973 147 1051 Huc
166 975 215 1048 it:
245 985 285 1047 et
299 973 387 1047 hinc
405 974 515 1062 illuc;
544 985 583 1048 et
600 974 638 1046 in
652 973 908 1055 ,alludentibus
925 974 1035 1047 undis

60 1089 218 1162 Summa
234 1090 386 1187 pedum,
405 1090 557 1186 taloque
575 1099 684 1163 tenus
701 1088 860 1183 vestigia
875 1088 1026 1185 tinguit.

60 1203 144 1278 Nec
163 1228 278 1290 mora,
297 1204 479 1302 temperie
496 1203 717 1277 blandarum
735 1213 868 1301 captus
887 1228 1081 1302 aquarum,

60 1319 197 1394 Mollia
213 1321 261 1394 de
279 1331 409 1394 tenero
426 1318 611 1394 velamina
628 1342 782 1418 corpore
800 1319 916 1417 ponit.
1027 1325 1100 1394 345

59 1436 158 1511 Turn
170 1460 257 1512 vero
275 1439 490 1536 obstupuit:
520 1437 707 1534 nudaeque
726 1434 902 1533 cupidine
920 1432 1046 1508 formae

61 1552 245 1628 Salmacis
268 1553 431 1628 exarsit:
460 1553 620 1649 flagrant
642 1574 793 1649 quoque
818 1548 960 1624 lumina
978 1549 1098 1649 Nym·

210 1671 329 1768 phes;

61 1784 149 1858 Non
167 1785 288 1872 aliter,
307 1807 422 1882 quam
440 1807 558 1882 quum
576 1807 668 1882 puro
688 1782 933 1856 nitidissimus
952 1785 1042 1860 orbe

61 1902 250 1999 Opposita
267 1902 410 1999 speculi
427 1901 597 1974 referitur
613 1901 776 1996 imagine
794 1898 983 1974 Phoebus:
1028 1904 1101 1975 349

59 2015 214 2116 Vixque
227 2041 369 2091 moram
383 2019 541 2116 patitur;
562 2017 624 2091 vix
637 2019 717 2115 jam
731 2040 799 2090 sua
809 2017 944 2113 gaudia
957 2016 1099 2091 differt:

58 2132 82 2205 J
85 2157 146 2206 am
165 2133 270 2232 cupit
286 2132 484 2234 amplecti:
509 2135 589 2231 jam
603 2156 644 2207 se
658 2133 755 2205 male
774 2132 941 2206 continet
957 2157 1099 2206 amens.

58 2249 143 2336 Ille,
162 2248 263 2323 cavis
280 2252 389 2324 velox
407 2251 588 2349 applausu
605 2272 760 2347 corpore
777 2249 924 2346 palmis,

60 2366 200 2441 Desilit
212 2367 251 2438 in
268 2368 420 2455 latices;
451 2368 670 2464 alternaque
688 2364 842 2438 brachia
858 2364 1000 2438 ducens

59 2483 108 2555 ln
124 2482 277 2580 liquidis
295 2484 499 2557 translucet
516 2482 646 2580 aquis:
675 2490 717 2553 ut
735 2480 900 2554 eburnea
917 2479 949 2552 si
967 2477 1052 2576 quis

60 2599 180 2695 Signa
196 2608 303 2695 tegat
320 2600 431 2686 claro,
449 2600 508 2673 vel
526 2597 687 2673 candida
702 2596 790 2683 lilia,
810 2593 917 2669 vitro.
1025 2599 1099 2669 355

58 2724 84 2753 “
98 2714 283 2788 Vicimus!
303 2740 348 2789 en
362 2740 469 2790 meus
482 2715 579 2789 estl'’
597 2714 787 2790 exclamat
801 2709 915 2786 Nais:
936 2720 986 2799 et,
998 2711 1100 2786 omni

91 2914 149 2964 340.
176 2916 311 2965 Subnittere
326 2933 387 2982 gena
403 2917 434 2982 de
449 2932 557 2983 procum-
606 2917 774 2980 frequentatur.
784 2912 808 2962 ii.
816 2915 916 2962 bobeta
925 2923 1005 2962 uetera
1015 2912 1102 2978 differt.

55 2989 130 3038 bento
141 2988 166 3038 in
177 2989 454 3055 genu,quemadmodum
464 2993 557 3051 submit·
607 2992 750 3046 Setantion,
762 2989 856 3037 retinet.
889 2989 961 3043 Mate,
972 2989 1020 3036 vix.

57 3074 106 3111 tere
123 3066 184 3115 tutus
197 3064 227 3113 de
241 3066 301 3114 bove
310 3067 487 3130 procumbente,
497 3065 557 3114 libro
638 3066 695 3113 352.
726 3064 794 3111 cavo
821 3065 891 3118 vebo,
912 3061 972 3124 eta]
1001 3059 1100 3109 Latitiae

56 3136 93 3184 iii.
109 3139 149 3186 23.
182 3137 298 3188 Absolute
313 3139 509 3203 VirgilAEneid.
523 3138 557 3188 iii,
605 3139 810 3207 puerilissignum.
845 3136 1102 3201 Covisgraphiceaddi·

55 3213 104 3260 9³:
122 3212 229 3261 Submissi
236 3217 333 3275 petimus
344 3224 436 3262 terram.
605 3223 664 3272 tum,
685 3223 779 3280 propter
799 3213 899 3278 corporis
920 3211 1101 3268 convexitatem,

90 3287 148 3334 341.
178 3287 212 3335 Ut
230 3288 344 3336 rationem
361 3287 447 3344 reddit,
465 3297 492 3336 ut
514 3288 555 3351 qui
605 3289 640 3338 ix.
655 3292 694 3338 35.
727 3288 839 3337 Similiter
854 3285 1098 3352 Virg.AEn.xii.85:

54 3376 115 3421 puer
130 3369 201 3417 esset,
210 3376 287 3425 neque
305 3362 365 3410 adeo
381 3360 443 3410 ullas
458 3360 555 3411 insidias
603 3366 811 3428 congerentibus
828 3365 938 3410 beassent
954 3360 1050 3408 Pectora
1062 3361 1102 3424 (e-

57 3441 182 3482 metueret.
217 3435 295 3482 Vacua
315 3435 377 3492 loca,
396 3450 444 3483 non
464 3435 556 3483 consita
604 3436 715 3501 quorum)
726 3439 807 3497 plausa
815 3439 884 3484 cavis.
906 3435 997 3482 Ducere
1008 3437 1101 3482 bractio

56 3508 168 3556 arbustis.
201 3508 239 3556 Sic
254 3526 351 3557 vacuum
365 3526 454 3566 artmm,
464 3509 482 3557 i.
499 3506 555 3559 533.
604 3511 634 3559 de
650 3518 754 3564 natante,
774 3518 800 3557 ut
818 3509 898 3557 Amor.
912 3507 946 3556 ΙΙ.
964 3508 996 3555 iv.
1014 3508 1054 3554 29.
1070 3506 1100 3554 de

57 3580 106 3628 Sed
117 3579 259 3646 h·l.potius
273 3582 403 3631 solitarium
417 3583 554 3647 pratumjn·
604 3584 713 3632 saltante.
737 3584 768 3632 Ut
779 3585 884 3638 ebrruea,
893 3590 940 3629 etc.
973 3581 1101 3644 Compara-

57 3653 134 3719 tetlig.
142 3654 183 3703 ubi
195 3672 263 3704 uerno
273 3665 317 3712 est,
327 3657 367 3720 qui
378 3673 432 3705 curn
439 3658 555 3706 observet.
604 3657 637 3707 tio
647 3656 765 3721 exquisita
774 3663 799 3704 et
807 3672 856 3704 rem
866 3653 959 3718 egregie
974 3654 1102 3703 illustrans.

58 3728 217 3778 Inobsmuetus
232 3730 312 3787 etiam,
329 3731 354 3779 ii.
365 3733 413 3780 544
418 3749 425 3791 ;
443 3733 507 3780 Fast.
519 3731 553 3779 iii.
637 3732 692 3784 356,
712 3732 809 3778 Vicimus
826 3746 870 3777 vox
889 3745 977 3784 eorum,
996 3727 1036 3791 qui
1048 3728 1100 3793 jam

60 3804 115 3853 lll.
132 3804 204 3853 Pueri
214 3807 286 3853 letius
294 3816 367 3854 amoto
374 3811 456 3868 possim
466 3809 556 3856 custode
605 3807 649 3855 sibi
655 3805 763 3854 videntur
773 3813 891 3868 compotes
901 3801 951 3850 fieri
958 3801 1013 3850 voti.
1040 3803 1100 3850 Mox

58 3887 185 3942 ungantur.
606 3880 630 3929 in
645 3878 743 3943 singulis
753 3877 830 3926 verbis
846 3884 882 3926 est
892 3875 927 3924 vis
939 3875 969 3924 ad
978 3875 1100 3924 declaran-

91 3953 148 4000 349.
170 3951 261 4015 Specult
281 3956 362 4018 imago,
380 3954 512 4018 speculum,
530 3960 557 4000 ut
606 3955 663 4003 dum
677 3952 795 4018 Nympha
812 3952 920 4007 furorem,
932 3954 999 4006 omni,
1009 3953 1099 4012 procul,

59 4026 167 4090 superius
184 4027 257 4076 Luae
273 4031 355 4093 imago,
373 4028 438 4076 luna.
474 4029 557 4089 Virque
598 4033 676 4092 jacta,
703 4031 788 4075 mediis.
832 4026 966 4081 Lactantio,
993 4033 1100 4081 venuste,

60 4115 175 4149 -amena
209 4101 302 4156 Verbis,
323 4117 370 4150 non
390 4103 460 4150 rebus
481 4102 555 4150 abun·
607 4102 717 4167 quoniam
744 4101 890 4166 repugnabat
917 4116 985 4164 puer.
1027 4100 1101 4148 Totus

60 4172 116 4220 dant
132 4172 193 4222 haec.
226 4175 345 4224 Gamltum
358 4174 498 4224 deveneris
512 4191 556 4223 usu
606 4175 644 4224 bie
671 4177 737 4223 loeus
762 4182 798 4223 est
825 4172 944 4238 specimen
971 4172 1101 4238 phantasia
