2812 5010
174 331 327 394 xxxvi¹
469 410 473 424 .
572 328 831 394 PRAEFATIO

170 512 171 516 ’
220 473 274 568 De
279 502 449 588 facilitate
461 524 526 566 non
541 512 601 577 est,
617 502 704 586 quod
723 501 818 586 plura
833 501 948 579 dicam,
964 514 1001 567 ut
1016 527 1090 588 quae
1108 525 1173 568 non
1191 507 1226 569 in

177 623 309 708 singulis
324 621 414 698 locis,
427 621 484 685 sed
499 622 533 684 in
547 633 658 686 tenore
674 623 773 686 totius
788 623 936 687 carminis
952 635 1111 689 cernatur.
1151 625 1226 688 Ma-

176 741 264 809 culas
289 743 397 827 potins
423 741 591 806 nonnullas
613 742 881 818 commemorabo,
903 765 983 827 quas
1006 745 1146 827 impetus
1169 743 1225 808 ille

100 860 103 866 ’
176 861 307 946 ingenii,
330 861 384 925 cui
397 859 538 924 -facilitas
561 861 710 937 debetur,
735 861 830 937 fudit,
854 883 914 927 nec
936 874 1050 946 postea
1073 865 1225 928 abstersit

175 990 282 1066 poetae
294 1001 381 1043 cura.
416 977 455 1042 ln
465 978 504 1041 iis
518 979 704 1064 'tautologiae
718 988 751 1041 et
765 978 968 1062 loquacitatis
979 981 1097 1065 ineptae
1111 982 1224 1044 vitium

175 1099 314 1184 primum
328 1096 453 1160 obtinet
467 1095 585 1172 locum,
594 1106 695 1182 >atque
710 1098 743 1160 in
758 1098 890 1183 singulis
904 1120 1007 1184 prope
1021 1099 1110 1164 libris
1122 1100 1224 1164 offen-

175 1217 234 1280 dit.
273 1215 312 1278 In
333 1213 416 1279 libro
440 1215 461 1278 i.
481 1215 591 1291 89-93,
613 1215 655 1278 ad
677 1216 810 1280 taedium
833 1239 935 1302 usque
953 1219 1056 1295 nobis,
1071 1217 1223 1295 inculcat,

175 1357 273 1400 aurea
295 1343 390 1397 aetate
410 1333 553 1396 nondum
571 1330 660 1418 leges
682 1333 792 1411 fuisse,
813 1357 873 1400 nec
892 1336 1025 1419 judicia.
1071 1336 1223 1412 Temere,

175 1453 285 1529 205-7,
302 1452 401 1515 verba
417 1448 589 1514 cumulavit
609 1451 650 1515 de
668 1451 793 1517 silentio
812 1453 834 1516 J
836 1453 902 1517 ovis
918 1455 1109 1518 auctoritate
1124 1455 1221 1519 facto,

175 1571 237 1635 Cui
250 1592 316 1634 non
331 1567 465 1633 molesta
479 1579 554 1632 sunt
567 1567 631 1645 illa,
647 1593 713 1634 ver.
727 1573 790 1635 291
809 1576 900 1656 sqq?

248 1718 375 1814 lamque
388 1755 466 1794 mare
480 1746 510 1794 et
523 1735 611 1794 tellus
624 1735 738 1794 nullum
753 1736 905 1797 discrimen
918 1739 1078 1798 habebant:

251 1830 358 1888 Omnia
370 1836 476 1908 pontus
489 1840 588 1901 erant;
610 1829 729 1889 deerant
741 1851 853 1909 quoque
866 1832 952 1890 litora
964 1843 1067 1910 ponto:

176 1992 294 2077 quibus
309 2013 396 2067 mox,
411 2013 477 2054 ver.
490 1989 566 2066 314,
582 1991 623 2055 de
639 1972 784 2056 Phocide
800 1993 980 2077 subjicitur,

251 2127 341 2186 Tarm
355 2127 445 2195 ferax,
459 2125 529 2184 dum
542 2136 619 2185 terra
631 2126 707 2198 fuit,
728 2126 779 2185 sed
792 2137 917 2205 tempora
930 2127 961 2185 in
974 2127 1024 2186 illo

252 2222 322 2281 Pars
335 2221 421 2280 maris
435 2230 466 2279 et
478 2219 556 2279 latus
569 2221 730 2279 subitarum
744 2241 861 2300 campus
875 2241 1021 2299 aquarum.

124 2393 130 2404 ·
172 2362 206 2416 et
220 2374 331 2436 rursus
345 2349 443 2435 paulo
458 2359 542 2434 post,

444 2486 477 2543 N
477 2506 523 2544 am
537 2496 638 2544 catera
651 2496 764 2545 texerat
777 2507 879 2564 aequor.

171 2633 211 2695 ln
225 2654 375 2695 saxorum
390 2630 597 2695 Deucalionis
614 2640 648 2693 et
663 2629 800 2714 Pyrrhae
819 2630 965 2693 manibus
976 2631 1137 2714 jactorum
1151 2654 1220 2696 mu-

171 2751 291 2812 tatione
311 2749 534 2823 describenda,
550 2769 633 2810 vers.
650 2747 804 2823 loo-406,
816 2748 873 2810 diu
892 2749 926 2810 in
945 2750 1093 2812 eumdem
1108 2750 1220 2813 orbem

172 2865 481 2950 circumagitrm-ii.
509 2866 566 2928 161
579 2896 582 2900 ⁴
595 2886 666 2947 sqq.
693 2875 743 2928 ter
766 2866 855 2940 dicit,
881 2864 984 2929 levem
1008 2867 1106 2929 fuisse
1134 2866 1219 2930 Solis

171 3007 311 3061 currum,
327 2994 371 3061 et,
386 2985 478 3069 quasi
497 2984 560 3048 hoc
580 2984 724 3048 noudum
745 2986 821 3048 satis
841 2985 966 3061 fuisset,
986 2986 1045 3050 165
1065 2985 1152 3050 idem
1165 2986 1218 3049 bis

170 3103 399 3190 repetit—iii.
414 3103 525 3180 87-89,
545 3112 661 3188 quater
672 3165 674 3167 ,
686 3125 824 3171 causam¹
839 3104 1001 3188 exprimit,
1025 3125 1135 3187 quare¹
1146 3103 1218 3167 leve

169 3222 267 3286 fuerit
281 3221 444 3306 serpentis,
455 3219 582 3297 vulnus,
953 3210 956 3215 ’

521 3355 598 3426 Quia
611 3375 642 3414 se
655 3356 818 3415 retrahebat
831 3357 866 3414 ab
880 3356 959 3427 ictu3

245 3452 385 3530 Lassaque
397 3449 469 3509 oolla
482 3449 567 3509 dabat
581 3461 666 3518 retro,
680 3449 851 3528 plagamque
864 3450 963 3510 sedere
1034 3492 1041 3498 -»

246 3543 383 3604 Cedendo
395 3545 518 3613 arcebat,
529 3564 583 3603 nec
594 3543 708 3622 longius
721 3544 763 3602 ire
776 3545 895 3603 sinebat.

170 3710 250 3776 Ver.
273 3712 336 3775 418
359 3721 438 3797 sqq.
453 3713 487 3776 in
509 3713 656 3778 Narcissi
676 3713 787 3779 fabula
811 3713 1003 3779 intolerabili
1022 3714 1218 3798 loquacitate

168 3828 210 3891 ad
232 3829 378 3893 eamdem
397 3831 515 3915 saepius
541 3834 703 3897 notionem
724 3832 910 3909 revolvitur,
930 3844 962 3897 et
981 3856 1056 3916 quae
1077 3834 1147 3917 ipse
1171 3836 1216 3899 sic

168 3947 307 4026 dixerat,
322 3951 435 4019 eadem
450 3951 547 4035 paulo
560 3963 635 4036 post
649 3953 838 4018 Narcissum
853 3964 1053 4038 repetentem
1064 3953 1215 4038 fingit.—

166 4067 207 4129 vi.
228 4068 288 4130 192
304 4091 374 4152 sqq.
390 4069 502 4133 Niobe
514 4071 656 4164 quinque
668 4069 822 4135 formulis
839 4082 935 4155 urget
953 4071 1027 4147 hoc,
1043 4093 1078 4135 se
1097 4069 1215 4135 libero-

165 4206 236 4250 rum
256 4210 389 4252 numero
410 4187 548 4253 Latonae
567 4191 830 4274 praestare—vii.
852 4191 912 4254 179
929 4190 1130 4277 εᾳῳΙιιιηω
1146 4214 1216 4255 cor-
