2812 5010
260 334 729 402 METAMORPHOSEON
750 336 842 403 LIB.
866 337 915 403 Π.
1044 337 1107 405 181

60 509 232 607 Cynthia
247 537 255 584 :
284 511 410 608 deque
428 535 497 584 suo
510 510 626 608 jussit
644 512 822 587 secedere
840 520 954 587 coetu.
1031 515 1105 585 465

113 625 292 713 Senserat
309 629 380 702 hoc
398 628 487 702 olim
505 629 631 725 magni
650 640 819 702 matrona
836 626 1030 712 Tonantis

58 741 345 842 Distuleratque
363 769 494 842 graves
512 745 550 818 in
569 747 705 820 idonea
724 757 895 844 tempora
911 767 1055 843 poenas,

60 857 189 934 Causa
199 885 312 934 morae
324 861 427 935 nulla
437 871 516 936 est:
537 872 577 936 et
585 862 665 959 jam
678 887 771 962 puer
784 862 916 949 Arcas
930 861 969 933 id
982 860 1107 959 ipsum

59 972 228 1049 Indoluit
244 975 268 1048 J
271 1001 360 1065 uno,
379 977 501 1051 fuerat
519 978 567 1051 de
585 979 720 1074 pellice
738 987 862 1051 natus,
1032 978 1106 1048 469

60 1087 146 1173 Quo
161 1092 272 1165 simul
290 1093 451 1166 obvertit
468 1117 605 1167 saevam
623 1119 709 1167 cum
727 1092 867 1165 lumine
881 1101 1069 1179 mentem;

61 1213 85 1243 “
106 1206 262 1282 Scilicet
278 1208 350 1282 hoc
368 1233 484 1281 unum
502 1210 681 1296 restabat,
701 1209 884 1294 adultera,
904 1207 1012 1293 dixit,

62 1321 117 1394 Ut
133 1321 311 1397 foecunda
327 1323 447 1414 fores3
477 1324 659 1422 fieretque
677 1325 813 1422 injuria
829 1335 938 1423 partu

61 1436 97 1509 N
100 1449 174 1525 ota,
194 1436 218 1510 J
221 1439 377 1536 ovisque
394 1439 468 1513 mei
484 1450 664 1514 testatum
681 1441 848 1515 dedecus
867 1448 980 1512 esset.

61 1551 175 1627 Haud
193 1555 348 1654 impune
365 1556 484 1631 feres:
505 1558 668 1631 adimam
686 1557 754 1630 tibi
772 1581 908 1654 nempe
925 1555 1104 1650 figuram3

62 1668 147 1753 Qua
160 1671 243 1759 tibi,
256 1697 409 1770 quaque
424 1675 555 1772 places
566 1686 694 1749 nostro
707 1675 922 1773 importuna
936 1670 1108 1771 marito.'’

62 1783 191 1860 Dixit:
221 1796 271 1874 et,
291 1789 447 1862 adversa
463 1790 611 1889 prensis
630 1790 786 1864 afronte
804 1789 961 1887 capillis,
1033 1790 1106 1860 476

64 1900 203 1975 Stravit
220 1902 324 1976 humi
342 1928 518 2002 pronam:
547 1907 730 1983 tendebat
746 1906 902 1979 brachia
919 1904 1104 2002 supplex;

63 2015 226 2092 Brachia
243 2032 439 2118 coeperunt
456 2023 571 2120 nigris
588 2025 803 2103 horrescere
821 2024 931 2109 villis,

63 2131 297 2232 Curvarique
315 2162 461 2225 manus,
476 2149 515 2213 et
533 2141 699 2214 aduncos
713 2164 882 2214 crescere
895 2140 934 2212 in
948 2162 1106 2233 ungues

63 2250 275 2349 Officioque
292 2254 432 2350 pedum
449 2253 575 2352 sungi3
603 2258 832 2354 laudataque
850 2255 1040 2353 quondam

64 2365 142 2440 Ora
158 2365 255 2454 lovi,
275 2370 350 2443 lato
367 2370 446 2443 fieri
465 2372 647 2449 deformia
662 2376 771 2448 rictu.
1033 2374 1103 2444 481

63 2473 169 2557 Neve
186 2489 318 2583 preces
336 2487 493 2578 animos,
513 2502 552 2565 et
567 2494 682 2567 verba
699 2488 868 2589 potentia
884 2489 1052 2573 flectant,

93 2700 150 2748 466.
168 2701 272 2750 Ssassrat
283 2704 392 2760 locatim,
404 2705 464 2768 etc]
475 2704 560 2770 Sequi·
610 2705 670 2756 mihi
690 2705 767 2755 illata.
810 2705 913 2752 Dedecus
932 2702 962 2752 de
983 2700 1107 2759 adulterio,

61 2781 99 2822 tus
117 2774 217 2824 mutatio
233 2775 294 2841 ipsa,
306 2793 378 2841 quam
397 2779 447 2835 alii,
457 2787 484 2828 ut
500 2779 560 2828 Am·
611 2780 684 2831 etism
692 2779 725 2830 ix.
733 2781 773 2829 26.
784 2778 879 2828 Similes
889 2776 990 2826 Juuonis
998 2775 1110 2840 querelas,

60 2846 113 2912 pbis
129 2856 155 2896 et
172 2849 263 2899 Tbeon.
280 2850 305 2900 in
320 2851 388 2900 Atat.
408 2851 504 2909 Dianae,
520 2852 561 2901 alii
610 2854 644 2903 iii.
655 2855 705 2902 266
715 2869 769 2917 sqq.

59 2922 125 2979 Jori,
137 2931 165 2971 nt
174 2925 290 2974 lunonem
303 2926 404 2983 falleret,
416 2926 561 2976 tribuebant.
643 2929 700 2978 474.
718 2926 823 2989 Nempe]
840 2926 896 2973 Non
905 2923 981 2974 solum
992 2923 1109 2989 affirman-

59 2996 90 3044 In
106 2995 222 3063 principio
238 3008 311 3065 poeta
326 3001 363 3049 sui
380 3011 417 3050 est
431 3001 561 3059 dissimilis,
611 3004 642 3054 tis
660 3012 696 3052 est
716 2999 820 3065 (certa)
837 3000 880 3050 sed
899 3000 944 3048 hoc
965 3000 1018 3047 loco
1037 2997 1110 3046 etiam

58 3069 183 3136 nimiaque
202 3074 316 3123 brevitate
337 3076 409 3140 paulo
425 3075 559 3137 obscurior3
611 3078 681 3127 simul
702 3075 815 3125 minantis
835 3083 860 3123 et
880 3071 1057 3123 stomachantis.
1076 3073 1108 3120 B.

58 3156 84 3197 et
99 3163 132 3197 ne
148 3147 193 3196 hoc
204 3149 301 3214 quidem
310 3160 433 3210 memorat,
444 3153 560 3216 quomodo
608 3150 715 3199 Multum
740 3148 812 3213 igitur
836 3155 933 3218 praestat
952 3147 989 3212 τῷ
1006 3162 1111 3211 namque,

58 3222 125 3272 Juno
135 3221 256 3272 interram
267 3222 423 3275 descenderit.
441 3227 560 3285 Matrona,
610 3224 674 3289 quod
685 3222 727 3271 alii
738 3222 835 3270 habent.

59 3296 148 3361 conjux
159 3304 188 3345 ut
196 3296 230 3345 vi.
241 3299 288 3347 561
298 3316 303 3345 :
316 3301 379 3348 altus
391 3300 480 3349 Tonans
487 3301 560 3350 etiam
642 3299 699 3346 477.
712 3298 825 3346 Tendebat
836 3295 949 3357 brachia]
969 3295 1029 3343 Haec
1038 3296 1111 3343 verba

56 3370 76 3420 i.
87 3371 144 3419 170.
156 3373 219 3422 olim.
233 3400 235 3404 >
245 3371 319 3438 Apud
328 3374 433 3423 Pausan.
442 3375 506 3424 illico
517 3376 559 3424 de·
610 3372 696 3438 saepius
711 3371 804 3437 repetit,
820 3370 892 3419 etiam
908 3386 957 3418 ver.
967 3370 1030 3428 580;
1048 3385 1111 3417 nunc

57 3444 201 3509 prehensam
222 3452 307 3495 mutat.
343 3448 443 3505 Areada,
465 3461 561 3498 auctore
611 3446 696 3496 melius
705 3444 833 3501 omisisset,
846 3460 919 3508 quum
929 3443 1050 3508 praecedat
1058 3460 1110 3504 pro·

57 3518 176 3576 Hesiodo,
183 3519 234 3584 jam
248 3536 305 3569 ursa
316 3521 381 3571 facta
393 3523 492 3588 peperit.
520 3523 560 3573 Ab
611 3539 665 3568 nam
675 3524 765 3570 stravit.
798 3519 837 3566 Ita
846 3518 921 3565 lector
932 3532 985 3564 eam
997 3515 1112 3580 cogitaret

56 3609 86 3643 eo
96 3593 209 3643 Arcadis
220 3609 307 3644 nomen
317 3595 419 3646 inditum
430 3613 481 3646 esse
491 3597 560 3646 multi
612 3611 625 3643 e
643 3595 712 3660 lapsu
728 3609 835 3659 pronam,
855 3606 933 3657 prona
952 3590 1033 3638 statim
1051 3605 1111 3638 urse

56 3669 177 3717 Veterum
186 3670 311 3733 putabant.
612 3670 710 3718 formam
722 3666 851 3732 accepisse.

91 3742 150 3791 470.
163 3741 256 3791 Obosrti
264 3743 337 3792 etiarn
345 3743 498 3793 Heroidxix.
508 3746 561 3794 191.
644 3744 700 3791 480.
718 3742 827 3789 Laudato
838 3739 911 3801 Jove]
940 3738 1000 3795 Quae
1012 3736 1114 3802 pulchra

55 3815 154 3881 legitur.
174 3817 297 3870 Quasimal
303 3820 407 3867 obvertit.
422 3819 561 3884 Postquam,
614 3815 663 3866 visa
673 3823 740 3864 eraut
750 3813 819 3864 Jovi:
838 3812 892 3861 vide
906 3813 1070 3861 Burmannum
1081 3811 1112 3860 ad

56 3888 147 3955 iuquit,
158 3892 275 3941 convmtit
290 3900 315 3940 et
324 3893 406 3942 oculos
417 3902 442 3942 et
458 3894 563 3942 animum
615 3889 709 3938 Phaedr.
721 3889 742 3936 I.
751 3886 793 3936 xii.
804 3889 826 3936 1.

55 3964 84 4012 in
99 3964 231 4024 Arcadem,
246 3982 260 4016 e
278 3967 397 4024 Cslistpne
415 3976 506 4026 natum,
521 3983 563 4017 ex·
646 3965 702 4012 482.
724 3963 825 4017 Animos,
843 3960 902 4007 iram
922 3957 1032 4008 Junonis.
1067 3959 1112 4007 Po-

58 4038 205 4089 candescere
222 4040 304 4105 coepit.
322 4042 380 4098 Quo,
390 4041 415 4089 in
430 4058 502 4106 quem
518 4058 562 4106 pu·
613 4040 695 4095 tentia,
710 4035 825 4091 efficacia,
840 4033 941 4082 multum
957 4033 1070 4090 valentia,
1087 4042 1114 4082 ut

59 4127 139 4162 erum.
159 4114 254 4171 Savum,
267 4114 362 4163 ultionis
372 4115 494 4180 cupidam.
517 4116 566 4164 Sat·
614 4122 715 4176 potentes
726 4108 935 4173 terraemotum
944 4122 1023 4171 supra.
1048 4107 1115 4155 Posse

59 4187 179 4243 liutans
188 4187 343 4253 indignantis.
372 4188 474 4253 lajasis,
482 4205 568 4255 nempe
619 4181 981 4250 loqui,tacultas(rbdbvusdas)
989 4180 1112 4245 loquendi:
