2812 5010
295 270 767 418 nurnuonruosson
789 324 881 393 ms.
902 325 930 390 1.
1089 327 1135 393 ee

13 557 20 570 .
88 495 244 570 Etcum
261 495 480 572 fulminibus
499 497 681 573 facientes
698 498 836 595 frigora
852 511 997 575 ventos.

87 611 155 685 His
164 637 320 710 quoque
331 638 406 688 non
417 615 559 713 passim
570 616 701 689 mundi
710 615 1133 692 fabricatorhabendum

84 727 183 802 Aera
198 730 390 828 permisit:
418 731 482 805 vix
499 755 598 805 nunc
617 730 811 806 obsistitur
828 731 916 822 illis,

84 844 212 929 Quum
230 869 300 920 sua
317 847 480 945 quisque
499 859 631 945 regant
648 849 795 924 diverso
814 850 967 924 flamina
983 860 1120 938 tractu,

83 959 548 1053 Quinlanientmundum3
570 974 676 1039 tanta
689 976 749 1039 est
759 965 947 1041 discordia
956 965 1128 1039 fratruml

83 1077 209 1153 Eurus
221 1079 473 1168 adhererem,
484 1081 747 1180 Nabataeaque
758 1106 874 1180 regna
884 1083 1052 1172 recessit,
1079 1087 1125 1158 61

81 1191 331 1294 Persidaque,
351 1206 391 1270 et
408 1196 522 1271 radiis
536 1198 630 1294 juga
647 1196 800 1272 subdita
817 1198 1032 1274 matutinis:

80 1309 242 1409 Vesper,
260 1321 301 1386 et
318 1311 476 1386 occiduo
494 1336 581 1410 quae
596 1313 705 1388 litora
723 1313 812 1388 Sole
830 1323 1042 1412 tepescunt,

78 1426 262 1502 Proxima
276 1438 363 1502 sunt
374 1429 565 1527 Zephyro:
588 1429 784 1528 Scythiam
799 1440 1022 1529 septemque
1036 1429 1124 1504 trio·

231 1569 319 1618 nem

78 1657 249 1733 Horrifer
265 1658 402 1734 invasit
420 1659 581 1737 Boreas:
602 1665 788 1739 contraria
804 1665 918 1742 tellus
1077 1667 1125 1738 65

108 1883 149 1931 57.
168 1881 277 1944 Possim]
294 1879 350 1929 Siue
359 1880 440 1930 ordine
448 1890 473 1931 et
479 1882 541 1948 lege,
549 1893 579 1933 ut
628 1882 732 1933 Orientis
743 1884 802 1933 lines
813 1881 952 1947 designandi
963 1888 1026 1932 sunt.
1053 1881 1126 1946 Jogo,

73 1956 181 2021 quisque
212 1956 294 2021 spiret,
320 1955 384 2005 unde
411 1956 477 2006 velit.
513 1959 577 2008 Vide
627 1956 782 2007 hauddubie
801 1953 1125 2014 Emodi,Damasiietolii

74 2034 251 2087 Burmannum,
263 2031 294 2078 ad
304 2029 446 2087 Quintiliani
460 2032 575 2082 Declam.
626 2040 726 2090 montes,
734 2032 819 2097 quibus
826 2030 899 2080 India
905 2030 1016 2095 cingitur,
1023 2029 1086 2078 Plin.
1094 2028 1126 2079 vi.

73 2108 106 2156 iv.
119 2109 160 2156 13.
195 2106 341 2162 Hebendum,
351 2106 528 2171 possidendum,
536 2109 576 2159 vel
628 2108 711 2155 17-21.
737 2107 840 2155 Subdita.
852 2106 936 2154 Horat.
946 2105 963 2153 i.
974 2104 1022 2153 od.
1031 2103 1073 2152 xii.
1084 2106 1126 2152 55.

73 2180 230 2246 agitandum:
248 2179 356 2228 similiter
366 2181 445 2230 Graec.
456 2182 531 2247 ἔχειν.
624 2182 731 2242 subjectos
744 2183 837 2230 orientis
851 2197 897 2227 orae
912 2179 987 2227 Seres.
1010 2178 1125 2226 Nostrum

105 2257 147 2305 59.
160 2255 369 2318 Quom-traete]
387 2258 468 2313 Quum
474 2258 575 2323 quisqrm
624 2255 740 2319 expressit
755 2255 839 2302 Senec.
854 2253 953 2317 Thyest.
970 2254 1031 2301 482:
1045 2251 1125 2299 Euros

72 2347 104 2379 es
125 2330 222 2378 diverse
242 2328 337 2394 regione
358 2330 409 2387 flat,
433 2339 460 2379 nt
477 2333 574 2383 Homer.
626 2328 740 2377 Orientem
757 2338 836 2386 movet,
852 2328 1005 2390 Nabataeoque
1021 2328 1124 2390 quotiens

71 2405 123 2454 Od.
144 2422 168 2453 v.
190 2406 247 2454 295.
289 2403 381 2470 Rogant
404 2421 446 2453 eoo
464 2407 574 2471 firmino,
624 2419 696 2467 regua
707 2413 729 2452 et
737 2404 793 2451 Eoos
803 2407 874 2452 sinos.
901 2399 1122 2465 Cf.idem,Agam.

71 2479 200 2543 Tanquam
215 2489 334 2543 personne:
354 2476 451 2533 laniem,
463 2479 574 2540 graviter,
623 2480 681 2527 477.

69 2569 114 2619 pro
124 2552 283 2616 disrumpent.
656 2553 696 2601 63.
716 2551 804 2612 Vesper,
815 2559 837 2605 et
850 2548 963 2611 occidua]
982 2549 1046 2596 Euro
1063 2562 1119 2596 cou-

104 2627 145 2674 60.
162 2622 294 2687 Fratrum.]
313 2623 398 2674 Habiti
414 2633 469 2673 sunt
486 2625 573 2675 Astraei
622 2626 707 2675 trarius
715 2624 834 2690 Zephyrus
842 2624 872 2672 ab
880 2622 1003 2672 occidente
1011 2623 1061 2670 flat.
1078 2621 1120 2669 Li·

68 2707 97 2747 et
121 2699 221 2748 Aurorae
247 2696 298 2745 filii.
331 2696 573 2749 uniuersam.
621 2710 672 2748 toro
682 2699 750 2755 dixit,
759 2714 806 2747 uon
815 2698 952 2762 terrae,quia
961 2695 1119 2745 mareAtlan·
1151 2743 1152 2747 ,

70 2773 119 2822 Sed
134 2773 224 2821 Noster
233 2769 361 2819 omnihl.
370 2770 518 2836 mythologie
529 2790 571 2823 ne·
619 2773 694 2823 ticum
720 2771 811 2822 claudit
836 2773 917 2820 orbem
938 2769 1119 2820 occidentalem.

69 2847 249 2912 glecte,remm
266 2852 375 2894 naturam
388 2845 509 2909 sequitur;
526 2847 572 2896 ita-
622 2848 754 2910 Tepercorrt,
767 2847 824 2910 quie
836 2845 898 2894 Solis
912 2844 1042 2894 occidentis
1058 2842 1119 2891 radii

67 2937 119 2987 que
140 2921 187 2970 hoc
208 2919 302 2969 nomine
323 2935 472 2969 communem
493 2921 572 2986 potius
620 2922 697 2971 minus
709 2921 806 2971 violenti
822 2928 892 2981 suut;
908 2928 1032 2985 propterea
1047 2917 1121 2967 etiam

68 2998 198 3045 ventorum·
205 3003 314 3044 natmam
329 2993 460 3059 respexisse
469 2994 571 3044 videtur.
619 2996 777 3045 occidentales
792 3004 859 3045 terre
881 2994 994 3044 minorem
1010 2993 1066 3042 solis
1086 3008 1119 3040 re·

70 3071 181 3120 Positum
197 3077 278 3118 eutem
292 3070 329 3118 est
341 3069 367 3116 in
382 3068 427 3116 hoc
442 3068 570 3135 epiphone÷
620 3077 682 3118 stum
697 3069 783 3118 sentire
796 3079 871 3134 poetro
885 3067 1006 3116 videntur.
1038 3067 1079 3116 Ita
1095 3075 1120 3117 et

68 3153 133 3195 mate
144 3161 201 3194 cum
211 3144 307 3194 virtute.
620 3143 704 3193 Horat.
713 3143 730 3192 i.
740 3145 790 3192 Sat.
800 3142 834 3190 iv.
846 3142 893 3191 30:
912 3143 961 3199 Sol,
973 3159 1015 3206 qno
1029 3158 1117 3204 verper-

101 3221 144 3270 61.
160 3218 296 3282 Aratorem]
313 3218 409 3267 Laudat
427 3219 488 3268 hanc
511 3237 568 3275 ven·
620 3222 671 3266 tina
680 3228 739 3280 tepet
748 3220 819 3282 regio.
851 3215 964 3265 Similiter
979 3231 1033 3264 mox
1048 3215 1119 3264 meri·

65 3303 146 3343 torum
160 3291 318 3343 cardinalium
332 3292 517 3359 descriptionem
528 3297 569 3344 Se·
619 3292 722 3341 dionalis
736 3299 798 3340 terra
812 3293 937 3340 madescere
954 3290 1049 3347 dicitur,
1062 3291 1119 3354 quie

64 3385 129 3419 neca
137 3368 172 3416 N.
182 3369 215 3426 Q.
226 3383 252 3416 v.
265 3368 305 3416 16.
338 3368 462 3424 Auroram,
474 3370 570 3418 AEthio-
619 3365 706 3416 Auster
717 3365 772 3414 inde
782 3365 876 3431 pluvias
886 3364 944 3429 agit.
969 3365 1118 3415 Boreaevero

65 3443 142 3510 piem,
151 3441 236 3490 sedem
248 3439 355 3498 Auroroe,
366 3457 415 3489 ver.
428 3442 484 3491 774.
518 3445 568 3494 Nn·
619 3439 737 3489 violentie
747 3440 804 3488 satis
812 3438 1016 3488 accommodatum
1026 3440 1119 3486 invasit.

65 3521 190 3580 homoque.
221 3515 262 3564 Ite
270 3514 321 3563 sine
331 3516 354 3572 lt,
362 3515 406 3563 hoc
416 3530 502 3564 nomen
512 3533 568 3566 con.
618 3514 708 3564 Manil.
729 3516 801 3576 Asper
811 3516 839 3562 alr
847 3530 888 3561 ore
898 3516 949 3560 ruit
960 3513 1052 3560 Boreae.

64 3600 158 3641 stanter
168 3588 256 3653 legitur
266 3589 330 3654 opud
347 3589 410 3638 Plin.
420 3590 478 3639 Tac.
489 3591 567 3641 Strab.
651 3591 690 3638 64.
707 3589 805 3653 Scyttiae
822 3588 916 3636 nomine
934 3588 1034 3636 Veteres
1052 3599 1115 3633 com-

66 3664 287 3721 NehataeosStrebo,
296 3663 340 3712 lib.
351 3663 400 3716 xvi.
407 3681 431 3729 p.
440 3665 496 3722 767,
507 3664 569 3714 iuter
618 3661 792 3727 prehenderunt
801 3675 882 3709 omnes
893 3667 966 3707 terras
979 3657 1117 3723 septentrio-

62 3738 218 3802 Babylonem
234 3745 259 3785 et
267 3736 382 3786 Arabiam
396 3736 502 3786 Felicem
514 3739 567 3790 ,col-
618 3735 834 3800 nelesincognites.
870 3734 982 3789 Trionem,
995 3736 1116 3783 nontrio-
1181 3790 1183 3794 Α

63 3812 138 3869 locat,
154 3809 354 3876 metropolimque
366 3826 447 3859 eorum
462 3812 568 3861 nominat
617 3829 663 3860 ner:

62 3887 172 3934 Petram.
193 3885 232 3934 Sic
243 3895 267 3933 et
275 3884 340 3935 Plin.
351 3886 383 3934 Η.
391 3886 426 3934 Ν.
436 3885 468 3935 vi.
479 3887 564 3935 att-32.
648 3888 690 3935 65.
715 3885 848 3949 Horrrfer]
875 3883 973 3948 Frigore
992 3881 1064 3940 enim,
1084 3881 1114 3931 de

61 3959 98 4008 Iis
114 3968 218 4024 prreeret
234 3974 282 4016 rer,
292 3959 334 4024 qui
351 3975 366 4008 a
381 3958 465 4008 Tacito
477 3958 526 4008 An.
537 3959 564 4008 ii.
616 3959 703 4025 quibus
723 3961 814 4025 proprie
839 3961 927 4014 horror,
948 3959 999 4023 egit
1019 3959 1116 4006 Boreas.

59 4036 104 4082 57.
125 4041 331 4082 commemoratur.
368 4033 428 4082 Inde
449 4035 566 4083 Nabataea
616 4034 654 4082 De
676 4033 765 4097 origine
784 4034 835 4098 ejus
856 4033 887 4082 cf.
904 4031 1018 4082 iv.Pont.
1034 4048 1058 4079 x.
1074 4034 1115 4080 40.

61 4124 147 4172 regno.
182 4107 254 4155 Nunc
270 4123 363 4156 omnem
374 4108 564 4172 Arabiemcogi-
618 4109 742 4157 Contraria
762 4110 837 4156 telles.
870 4105 1044 4162 Meridiouelis,
1063 4106 1114 4155 An-

61 4181 175 4305 ηὺίγιιόιὶεί
184 4197 238 4305 epple
250 4181 298 4231 lere
309 4190 513 4240 commemoratur,
525 4183 566 4232 ubi
616 4180 915 4307 tareticebSeptentrioneli
926 4180 1039 4247 opposita.
