2812 5010
177 308 261 386 'lot
467 314 525 383 ἸΡ.
549 302 708 383 0v1D11
731 314 943 381 NASONIS

195 493 321 567 Verba
337 492 435 566 datae
454 491 563 564 sortis
583 515 723 577 secum,
742 489 840 564 inter
857 513 974 587 seque
990 488 1172 562 volutant.

198 608 292 682 Inde
310 606 573 681 Promethides
593 604 750 704 placid-is
769 603 1011 704 Epimethida
1027 602 1138 676 dictis
1164 605 1241 706 390

196 723 364 812 Mulcet;
393 734 443 808 et,
465 732 489 761 “
507 721 582 796 Aut
599 721 726 808 fallax,
746 722 809 807 ait,
830 729 889 795 est
907 717 1059 794 solertia
1076 717 1198 824 nobis,

192 839 274 913 Aut
291 839 353 938 pia
370 848 469 925 sunt,
486 839 705 936 nullumque
724 838 828 912 nefas
846 838 998 910 oracula
1015 835 1187 908 suadent.
1216 885 1219 892 n

196 948 339 1050 Magna
356 978 492 1052 parens
510 953 625 1027 Terra
642 964 716 1027 est:
737 952 883 1051 lapides
901 951 940 1024 in
957 973 1111 1050 empore
1128 960 1238 1023 terrae

198 1067 298 1141 Ossa
314 1092 395 1142 reor
409 1067 508 1142 dici:
533 1069 747 1166 jacerehos
767 1078 852 1167 post
869 1077 976 1163 terga
986 1059 1206 1165 jubemurf'

195 1176 378 1281 Conjugis
393 1183 547 1280 augurio
561 1207 778 1282 quanquam
787 1184 1052 1258 Titaniamota
1063 1192 1133 1269 est,
1162 1183 1235 1268 393

196 1299 294 1398 Spes
310 1309 438 1373 tamen
456 1301 494 1373 in
512 1299 627 1373 dubio
646 1309 724 1389 est3
754 1300 850 1374 a'deo
868 1298 1085 1374 coelestibus
1104 1296 1217 1370 ambo

195 1413 379 1488 Diffidunt
396 1415 568 1488 monitis!
600 1415 677 1488 Sed
696 1415 949 1513 quidtentare
968 1413 1143 1487 nocebit?

196 1529 418 1616 Discedunt,-
429 1531 631 1629 velantque
644 1540 771 1629 caput,
783 1531 1007 1627 tunicasque
1020 1528 1233 1624 recingunt;

195 1641 247 1718 Et
258 1646 385 1742 jussos
404 1645 548 1744 lapides
564 1671 633 1721 sua
650 1657 737 1746 post
753 1647 912 1744 vestigia
929 1647 1094 1720 mittunt.

196 1761 309 1872 Saxa,
322 1762 425 1859 (quis
440 1763 510 1835 hoe
529 1763 669 1850 credat,
682 1763 753 1836 nisi
769 1763 818 1837 sit
835 1787 902 1862 pro
916 1772 1014 1836 teste
1027 1758 1234 1854 vetustasll

739 1935 858 1983 osculatus
867 1946 911 1990 est,
919 1941 967 1983 etc.
995 1934 1071 1982 Vetus
1081 1930 1238 1980 idemGram-

739 2008 840 2056 maticus
854 2008 883 2056 de
899 2023 927 2056 eo
942 2006 983 2072 qui
999 2005 1031 2055 ad
1044 2005 1150 2071 lapidem
1165 2003 1239 2052 offen-

740 2081 819 2137 disset,
835 2081 909 2129 dixit:
932 2084 983 2140 Γῆς
1001 2080 1122 2128 ὀστεοῖσιν
1138 2076 1239 2142 ἐγχριμ-

740 2155 805 2219 edsio
821 2152 894 2208 πόδα.
927 2154 988 2211 Quae
1011 2152 1084 2201 etiam
1101 2147 1165 2199 valet
1178 2164 1237 2198 aua·

740 2227 802 2292 logia
815 2227 840 2275 in
854 2227 920 2277 venis
936 2235 1003 2275 terre
1019 2226 1050 2275 de
1066 2240 1129 2290 aqua
1145 2231 1170 2273 et
1187 2239 1236 2271 me-

739 2301 811 2351 taliis.

771 2379 828 2426 395.
852 2373 1166 2442 Auguriumsinterpretatio
1184 2389 1235 2421 ora·

739 2449 796 2498 culi.
818 2449 857 2499 Sic
868 2458 893 2498 et
904 2449 968 2515 apud
979 2449 1031 2497 Cic.
1041 2446 1072 2496 ad
1082 2445 1141 2495 Div.
1151 2446 1197 2496 VI.
1206 2447 1239 2495 vi.

192 1941 315 1980 nectentem
325 1935 402 1981 modis.
433 1912 548 1991 Votutars,
556 1943 583 1982 ut
590 1939 688 2000 agitare,
699 1930 701 1933 ¹

191 2005 222 2054 ds
241 2006 386 2056 deliberante
405 2016 430 2056 et
448 2007 579 2072 cogitante:
604 2010 690 2075 Vir'gil.

192 2079 338 2129 aelmaer.

176 2217 179 2224 .
225 2153 283 2203 390.
296 2154 472 2217 Promethides]
490 2155 623 2205 Deucalion
632 2156 689 2204 Pro·

191 2226 368 2277 metheifilins.'
385 2229 538 2289 Epimethida.
564 2228 688 2294 Pyrrham,

174 2316 180 2322 ’
191 2300 325 2366 Epimethei
335 2301 418 2350 filiam.

225 2377 281 2425 391.
309 2376 418 2440 Meleon]
447 2375 560 2434 Mulcere,
586 2376 690 2426 animum

192 2447 289 2506 addere,
304 2448 388 2499 solatio
403 2450 500 2515 erigere.
534 2452 595 2509 Quae
611 2450 691 2499 valent

189 2521 223 2573 ‘ad
236 2523 421 2572 confirmandum
432 2523 546 2583 animum,
557 2541 587 2574 ea
599 2526 691 2587 placita

191 2595 267 2661 poetis
281 2597 327 2647 drr.
355 2599 458 2646 ‘Solertia
475 2599 613 2648 cemiturin
623 2599 690 2647 inda-

189 2670 342 2735 ‘gandoveror
354 2673 450 2720 Lucret.
457 2689 482 2720 v.
493 2675 568 2722 1355:
586 2674 691 2722 solertius

190 2753 222 2792 est
230 2746 299 2792 multo
307 2761 380 2808 genus
391 2762 453 2794 omne
462 2748 547 2794 virita·
568 2746 690 2794 Pantanus

190 2819 252 2865 nabis
261 2818 325 2866 male
335 2817 365 2867 de
377 2827 476 2884 utroque
487 2819 605 2885 capiebat.

223 2892 281 2939 392¹.
292 2890 338 2938 Pia
346 2893 424 2955 sunt]
441 2893 610 2942 tae-aeruce
619 2893 690 2943 verba

189 2963 689 3031 pia-suadeutsignisparentheseosinclu·

190 3036 270 3086 denda
279 3046 376 3097 censet;
392 3037 457 3102 quod
467 3047 492 3086 et
502 3038 588 3087 Ieario
603 3039 690 3102 placet.

191 3108 254 3158 Mihi
270 3111 345 3161 altera
361 3112 518 3176 interpunctio
533 3110 615 3160 melior
624 3111 689 3160 vide-

190 3192 237 3241 tur,
248 3200 277 3232 ex
293 3200 342 3248 qua
354 3184 487 3234 Deucalion
497 3186 631 3234 verbis'oat
637 3186 691 3250 fal·

191 3261 359 3308 tax-suanm
366 3259 480 3325 Pyrrham
485 3260 691 3318 attentamreddit,

183 3341 216 3382 'et
226 3332 320 3399 pavoris
330 3333 419 3383 nullam
431 3350 481 3382 esse
494 3350 590 3383 causam
599 3343 690 3397 mouet3

97 3410 98 3414 ’
163 3418 172 3422 “
189 3414 239 3455 tum
251 3407 392 3456 seutentiam
403 3408 478 3472 ipsam
489 3408 603 3473 proponit.
638 3409 689 3458 Hoc

189 3479 264 3530 multo
290 3479 469 3531 convenientius
488 3489 524 3530 est
543 3482 689 3532 sermonibus

190 3553 320 3604 hominum.

192 3636 196 3639 '
220 3630 277 3678 393.
295 3629 384 3694 Magna
399 3645 489 3691 parens,
505 3630 564 3694 ete]
582 3630 689 3695 Respex-

187 3701 234 3750 isse
250 3701 463 3766 ingeniosissimum
475 3711 568 3768 poetam
579 3702 689 3769 opinatur

187 3776 306 3831 Muretus,
316 3775 357 3824 lib.
368 3793 392 3824 x.
401 3777 459 3825 Ver.
474 3777 532 3826 lect.
548 3790 602 3843 cap.¹
617 3779 640 3826 2.
656 3778 687 3826 ad

188 3847 318 3898 Historiam
334 3850 405 3898 Rom.
416 3850 469 3899 Liv.
480 3849 522 3899 lib.
533 3850 550 3898 i.
561 3868 687 3916 quum‘re·

186 3921 232 3984 giis
253 3920 443 3971 adolescentibus
462 3940 597 3989 responsum
615 3933 686 3980 esset,

186 4009 242 4042 eum
266 4004 417 4058 regnaturum
439 3998 531 4056 Romae,
553 3999 593 4063 qui
619 3999 688 4049 matri

187 4067 295 4117 osculnm
316 4070 406 4134 primus
425 4073 535 4138 tulisset:
563 4074 651 4123 Brutus
673 4091 686 4122 e

188 4139 242 4189 navi
252 4141 399 4192 descendens
409 4143 519 4194 simulato
530 4162 586 4194 casu
601 4154 685 4195 terram

740 2523 844 2580 Munitis,
850 2524 964 2573 oraculis:
982 2538 1038 2571 nam
1046 2538 1135 2570 monem
1143 2521 1237 2587 proprie

739 2596 769 2645 de
790 2597 982 2646 divinationibus.
1015 2594 1078 2646 Vide
1099 2596 1184 2644 Heius.
1205 2595 1234 2644 ad

739 2670 789 2718 xiii.
809 2673 866 2720 216.
900 2672 1002 2720 Titania.
1034 2669 1143 2735 Pyrrha,
1161 2669 1238 2734 Iapeti

738 2744 829 2793 Titanis
840 2744 924 2811 neptis.

752 2819 827 2866 ¹398.
862 2819 1013 2882 Discedunh]
1043 2816 1097 2866 'De
1124 2815 1239 2865 industria

739 2899 809 2956 poeta
824 2891 863 2941 hic
879 2893 964 2959 repetit
977 2891 1030 2958 ipsa
1039 2890 1160 2939 Themidis
1169 2890 1240 2938 verba

740 2981 788 3013 ver.
799 2967 845 3013 381
857 2982 910 3031 sqq.
957 3018 959 3023 ,

771 3040 828 3088 400.
847 3040 958 3097 Vetnstus,
973 3038 1051 3104 gravis
1063 3037 1131 3086 testis
1143 3039 1167 3087 V
1168 3036 1238 3086 eteri-

740 3112 798 3160 bus:
816 3113 983 3162 Fast.iv.203.
1004 3111 1106 3171 Quintil.
1113 3112 1173 3160 lust.
1180 3111 1238 3159 XII.

741 3185 772 3234 iv.
781 3188 805 3234 2.
816 3195 896 3235 mouet
906 3198 1028 3252 poetarum
1039 3185 1152 3250 figmenta
1162 3195 1237 3233 uetus·

741 3261 795 3306 tatis
796 3261 848 3322 fide
858 3269 910 3308 tnta
925 3276 984 3309 esse.
1016 3259 1076 3308 Inde
1089 3258 1178 3324 pendet
1189 3275 1239 3307 om-

741 3332 937 3398 nismythologia.
961 3331 1252 3397 Locussequensloquar

740 3407 817 3456 citatis
829 3407 887 3456 vitio
902 3424 981 3457 rursus
994 3409 1102 3456 laborat:
1119 3422 1178 3455 saxa
1194 3423 1237 3472 po-

739 3490 799 3530 nunt
826 3481 946 3539 duritiem,
972 3481 1118 3536 molliuntur,
1147 3481 1238 3530 mollita

739 3555 830 3604 ducunt
843 3555 949 3612 formam,
960 3562 1076 3610 crescunt,
1088 3555 1148 3603 fiunt
1161 3554 1241 3602 mitio*

738 3644 773 3684 ra,
786 3628 863 3678 denuo
877 3628 999 3694 accipiunt
1007 3629 1118 3687 formam3
1137 3627 1179 3676 sed
1197 3628 1238 3675 ob·

738 3719 830 3751 scuram
838 3701 1237 3760 tantummecadhucmenifestam,

738 3792 782 3825 nec
795 3788 912 3834 exactam,
922 3786 969 3826 etc.
988 3778 1092 3826 Remota
1102 3776 1143 3825 illa
1153 3777 1239 3841 loqua-

737 3851 816 3908 citate,
827 3852 971 3917 comparatio
981 3868 1036 3901 cum
1049 3867 1159 3899 amrmors
1169 3861 1239 3912 coepto

737 3925 864 3989 probabilis
891 3933 936 3975 est.
969 3926 1044 3980 Mora,
1065 3923 1235 3973 diuturnitatez

737 3999 788 4048 via
800 3998 944 4048 Freinshem;
960 3999 1013 4048 Iud.
1027 3998 1090 4047 Flor.
1105 3997 1129 4045 h;
1140 4014 1165 4047 v.
1177 3998 1237 4045 Mox

737 4088 787 4120 ver.
799 4073 855 4120 421.
866 4072 900 4121 sic
915 4082 952 4121 est
968 4073 1074 4120 morando
1089 4074 1172 4119 docere
1180 4071 1237 4136 for·

736 4163 795 4193 mam
806 4154 833 4194 ut
843 4149 926 4195 deicere
937 4149 1031 4195 colorem
1042 4154 1066 4193 et
1077 4144 1132 4192 alia.
1187 4162 1190 4167 ·
