2812 5010
384 322 856 393 METAMORPHOSEON
880 327 970 392 LIB.
996 326 1024 390 Ι.
1181 325 1225 389 79

177 498 506 599 Communemque
523 504 639 601 prius,
658 526 728 576 ceu
746 501 888 575 lumina
906 499 1005 574 Solis
1024 509 1063 573 et
1076 524 1198 585 auras,

178 615 325 690 Cautus
343 618 498 692 humum
515 620 628 716 longo
647 620 809 717 signavit
826 619 944 692 limite
962 641 1123 691 mensor.
1154 621 1223 690 136

178 731 215 803 N
217 732 261 805 ec
279 743 427 808 tantum
443 746 591 832 segetes
611 737 867 834 alimentaque
885 735 1015 809 debita
1032 734 1136 807 dives

176 846 413 924 Poseebatur
423 854 558 926 humus
571 880 579 942 ;
609 853 677 926 sed
690 854 784 927 itum
794 863 869 927 'est'
879 852 917 922 in
931 850 1075 923 viscera
1089 858 1198 922 terrae
1212 876 1221 938 ;

178 963 361 1063 Quasque
379 968 650 1054 recondiderat,
668 963 897 1066 Stygiisque
909 966 1128 1040 admoverat
1144 990 1225 1038 um·

176 1080 419 1156 Effodiuntur
436 1108 540 1182 opes,
557 1084 788 1159 irritamenta
805 1085 999 1157 malorum.
1116 1081 1224 1177 [bris

175 1194 342 1295 Jamque
362 1222 502 1272 nocens
519 1198 669 1287 ferrum,
689 1197 863 1298 ferroque
879 1197 1076 1273 nocentius
1095 1221 1226 1271 aurum

174 1430 233 1478 satis
246 1439 330 1479 notum
343 1440 396 1481 est.
419 1433 451 1480 Et
461 1426 554 1483 tantum
565 1437 640 1494 abest,
652 1444 679 1485 ut
728 1451 753 1485 re
774 1436 883 1500 querelas
905 1434 986 1484 habes.
1026 1434 1111 1499 Stygiis
1133 1433 1227 1489 umbm,

175 1504 245 1552 Deus
254 1505 354 1553 Oceano
366 1505 490 1572 interjecto
500 1509 608 1573 gentium
622 1525 678 1558 con·

174 1578 326 1628 suetudinem
340 1579 454 1644 impedire
471 1583 580 1640 voluerit,
596 1592 623 1632 ut
640 1584 678 1633 vel

175 1653 344 1702 remotissimas
366 1662 440 1704 terras
462 1673 491 1706 eo
512 1660 599 1707 arctius
619 1674 676 1708 con·

172 1728 290 1792 junxerit.

179 1813 181 1816 '
210 1803 266 1851 135.
286 1802 450 1868 Communem]
470 1805 509 1856 Cf.
526 1807 609 1855 Amor.
629 1808 681 1857 111.

175 1876 224 1926 viii.
247 1878 361 1939 35-443
384 1881 472 1929 Justin.
492 1881 585 1930 XLIII.
605 1881 624 1930 i.
646 1884 676 1930 3:

177 1951 262 2000 Omnia
280 1957 408 2002 communio
424 1965 447 2002 et
464 1958 564 2004 indiuisa
580 1959 681 2005 mnibus

167 2028 283 2093 fuerunt,
294 2030 366 2076 ueluti
381 2046 453 2077 unum
470 2033 557 2078 cunctis
571 2033 679 2092 putrimo-

175 2105 242 2150 nium
258 2111 322 2150 esset.
355 2103 394 2152 Cl.
405 2102 472 2167 Virg.
484 2104 572 2168 Georg.
590 2105 606 2153 i.
623 2107 679 2154 126.

175 2175 290 2242 Explicat
307 2177 418 2225 Laetam.
435 2178 496 2226 lust.
507 2179 539 2227 V.
550 2196 573 2227 v.
586 2181 616 2227 7:
634 2179 678 2238 sic,

176 2260 225 2299 tam
237 2251 349 2300 liberales
362 2250 433 2300 luisse
448 2252 562 2309 homines,
573 2261 600 2302 ut
613 2262 681 2303 natas

175 2325 221 2374 sibi
237 2325 316 2392 fruges
331 2341 378 2374 non
394 2326 549 2385 includerent,
561 2328 604 2377 sed
621 2345 680 2395 pau·

175 2415 245 2464 peres
256 2399 288 2448 ad
298 2399 486 2449 communionem
496 2401 583 2467 proprii
594 2403 678 2451 admit-

176 2479 262 2521 terent.
298 2473 345 2521 Ceu
358 2474 453 2531 lumina,
464 2482 510 2523 etc.
528 2475 567 2524 CI.
577 2475 609 2524 vi.
620 2478 678 2526 3⁵0.

176 2548 228 2598 Τὸν
239 2548 313 2608 ἥλιον
323 2548 369 2598 τὸν
380 2550 464 2599 κοινὸν
473 2556 498 2598 et
506 2549 552 2600 τὸν
561 2549 622 2616 ἀέρα
633 2553 679 2602 τὸν

176 2623 263 2672 κοινὸν
272 2621 332 2671 dixit
342 2624 484 2681 Menander,
495 2641 519 2689 p.
532 2627 587 2674 184.
597 2628 653 2676 260.

205 2699 261 2746 136.
271 2697 381 2760 Cautus]
393 2697 501 2763 Etauget
508 2699 630 2749 avaritiam
637 2700 679 2750 ho·

175 2772 278 2829 minum,
286 2780 311 2821 et
318 2771 465 2836 diligentiam
476 2773 590 2822 mensoris
600 2774 679 2825 decla·

175 2855 221 2894 rat.
262 2846 342 2910 Longo
368 2847 447 2904 limite,
466 2855 493 2896 ut
518 2849 590 2913 paulo
617 2857 680 2906 ante,

176 2923 252 2984 longia
267 2923 349 2969 sulct's:
372 2922 463 2986 signare
479 2923 558 2979 limite,
576 2922 682 2972 dividere

176 3011 255 3059 agros,
265 2993 349 3052 limite,
360 2993 421 3058 signi
439 2995 500 3052 loco,
511 2995 572 3045 inter
589 3012 628 3045 eos
645 3013 682 3046 re·

176 3069 245 3116 licto.
271 3067 368 3116 Praeivit
378 3067 445 3132 Virg.
454 3067 478 3116 (1.
490 3069 521 3117 1.;
539 3086 580 3120 nec
591 3074 683 3136 signare

174 3144 267 3205 quictem
281 3150 323 3189 aut
332 3144 418 3204 partiri
433 3143 504 3190 limite
520 3160 623 3206 campum
635 3144 680 3192 Fas

177 3224 236 3264 erat.
271 3214 379 3264 Variavit
391 3214 436 3264 hoc
447 3217 531 3266 Senec.
542 3217 616 3283 Hipp.
627 3220 683 3266 526.

206 3290 262 3338 137.
271 3288 448 3357 Diuesbumus]
459 3288 683 3358 Ζεὶδωροςᾶρουρα.

178 3366 264 3412 Debita
280 3379 326 3411 non
341 3371 404 3419 sunt,
419 3372 446 3413 ut
461 3364 562 3413 Ijenzius
577 3365 636 3422 vult,
652 3365 682 3414 ad

176 3438 253 3486 vitam
273 3437 451 3486 sustentandam
473 3439 613 3496 necessaria,
632 3440 682 3497 sed,

175 3510 323 3575 elegantiore
340 3527 420 3567 sensu,
437 3528 490 3575 qua
503 3519 572 3568 terra,
589 3511 628 3560 cui
645 3530 682 3561 se-

177 3586 252 3643 mina,
262 3594 376 3649 tanquam
392 3584 532 3650 depositum,
547 3587 681 3645 creduntur,

176 3659 315 3707 homiuibus
324 3658 405 3707 debet.

212 3735 268 3781 138.
286 3733 350 3780 Itum
367 3744 408 3789 est,
426 3733 485 3797 etc]
503 3734 623 3799 Neapolit.
640 3753 683 3798 per

175 3811 273 3864 nucero,
293 3807 357 3871 quod
373 3808 541 3872 respuendum,
555 3808 613 3872 quia
630 3826 683 3874 pro·

174 3880 285 3929 funditas
302 3881 385 3945 magis,
397 3897 468 3946 quarn
482 3882 582 3930 latitudo
597 3877 681 3931 metal-

176 3954 338 4012 lilodinarum,
367 3955 405 4004 hic
436 3956 550 4020 tangitur.
592 3956 631 4005 Ire
657 3961 682 4006 in

175 4031 273 4087 umero,
284 4039 403 4092 penetrare
414 4032 440 4078 in
454 4033 539 4080 uiscera
550 4040 626 4088 terre,
639 4035 682 4080 uis·

176 4121 231 4152 cera
246 4108 301 4166 ejus
309 4106 426 4153 extrahere
435 4106 508 4153 etiam
523 4120 563 4170 ap.
575 4106 639 4155 Plin.
651 4106 683 4155 H.

176 4179 211 4228 Ν.
223 4180 264 4228 33.
278 4198 285 4228 ι
300 4198 320 4228 s.
331 4196 349 4228 1.
360 4179 385 4229 ii.
397 4181 437 4228 63.
450 4179 490 4230 ubi
501 4196 584 4243 graves
595 4180 625 4230 de
636 4174 682 4228 hat

728 1524 790 1567 orco,
811 1510 837 1558 in
858 1525 904 1575 quo
925 1512 1009 1558 umbre
1029 1525 1071 1557 seu
1094 1522 1175 1556 manes
1198 1506 1229 1555 ad

727 1583 834 1649 Stygiam
859 1584 971 1650 paludem
994 1591 1126 1631 versantur.
1158 1581 1229 1630 Hanc

728 1658 828 1706 Veteres
840 1657 865 1706 in
875 1658 956 1707 media
968 1666 1030 1706 terra
1040 1656 1177 1722 ponebaut;
1192 1655 1229 1704 in-

727 1730 814 1796 telligit
828 1735 889 1796 'ergo
910 1747 966 1796 opes
987 1730 1100 1780 altissime
1120 1729 1230 1777 latentes.

728 1805 790 1855 Satis
804 1806 884 1872 lepide
897 1806 960 1854 Plin.
970 1807 1003 1854 H.
1012 1806 1045 1854 N.
1056 1803 1081 1852 ii.
1089 1805 1130 1860 63,
1143 1803 1185 1852 ubi
1200 1802 1231 1852 de

729 1881 774 1930 hac
791 1881 876 1931 eadem
895 1881 994 1930 avaritia
1010 1878 1123 1946 queritur,
1142 1878 1168 1926 Si
1185 1879 1232 1926 ulli

728 1967 807 2014 essent,
819 1955 905 2021 iuquit,
913 1956 1049 2020 inseri,jam
1062 1953 1163 2019 profecto
1179 1954 1231 2001 illos

729 2034 832 2079 auaritiae
848 2040 915 2094 utque
938 2033 1035 2079 luxurie
1050 2030 1154 2096 cunmuli
1169 2027 1231 2092 refo-

729 2109 821 2156 ddunt.

764 2178 819 2230 139.
837 2180 961 2243 Quasque]
984 2177 1080 2227 Abusus
1101 2193 1148 2226 non
1169 2174 1233 2224 tollit

730 2271 807 2304 usum.
819 2255 884 2304 Pliu.
900 2255 932 2303 H.
950 2255 982 2302 N.
998 2252 1078 2301 xxxiv.
1097 2253 1133 2309 14,
1144 2252 1231 2299 sermm

731 2338 800 2378 vocat
816 2333 923 2392 optimum
942 2331 1103 2390 pessirnumque
1124 2329 1175 2374 oitae
1194 2328 1232 2374 in-

731 2414 888 2461 strumentum,
915 2402 978 2468 quod
1004 2400 1090 2450 deinde
1118 2400 1232 2465 explicat.

729 2480 817 2543 Neque
828 2480 922 2527 Natura
932 2477 1056 2550 illasflopes
1067 2484 1115 2523 tam
1126 2474 1174 2522 alte
1190 2474 1234 2521 ab·

730 2552 863 2602 scondidit:
880 2552 951 2599 immo
962 2551 986 2599 in
997 2548 1077 2597 multis
1087 2548 1155 2597 terris
1165 2546 1232 2596 ditis·

730 2627 796 2676 sime
812 2626 862 2676 auri
878 2625 1015 2690 argentique
1029 2639 1096 2671 venae
1109 2638 1231 2689 propemo-

730 2699 787 2750 dum
814 2700 839 2748 in
866 2699 989 2765 superficie
1021 2707 1087 2746 terra
1118 2696 1231 2762 expositae

729 2782 820 2840 patent.
847 2774 911 2824 Vide
921 2776 1026 2838 Goguet.
1039 2790 1086 2820 vom
1098 2772 1233 2837 Ursprunge

729 2852 771 2897 der
783 2849 881 2906 (inette,
892 2859 938 2897 etc.
948 2845 965 2896 i.
976 2849 1048 2894 2-4.
1072 2846 1192 2894 Ceterum
1203 2846 1234 2896 de

730 2922 866 2971 inventione
881 2922 1036 2970 'metallorum
1052 2919 1119 2968 locus
1137 2920 1234 2984 elegans

731 3004 767 3047 est
778 2996 842 3062 apud
853 2999 924 3044 Lucr.
935 2995 977 3044 lib.
989 3012 1011 3043 v.
1024 2996 1191 3044 lato-1295.

767 3072 820 3119 141.
843 3070 990 3133 Nummius]
1009 3070 1104 3117 Sacram
1119 3068 1181 3117 enim
1197 3069 1233 3117 la-

732 3160 795 3193 mem
805 3144 881 3210 injicit
891 3144 1037 3192 mortalibus.
1069 3143 1134 3206 Quod
1144 3154 1235 3208 prrgnnt

734 3228 836 3282 utroque,
852 3217 953 3267 nummis
971 3217 1047 3266 aureis
1062 3225 1086 3266 et
1101 3217 1182 3267 ferreis
1198 3233 1236 3265 ar·

734 3293 786 3341 mis.
818 3292 896 3341 Aliter
916 3302 997 3340 tamen
1020 3291 1092 3339 sensit
1111 3291 1235 3355 Pyrrhus:

734 3366 788 3415 vide
799 3366 852 3415 Cic.
864 3366 935 3415 offic.
945 3365 963 3414 i.
980 3368 1019 3415 12.
1052 3364 1112 3423 Quis
1127 3380 1174 3413 non
1191 3381 1234 3414 au·

733 3440 793 3489 divit
808 3440 913 3506 Philippi
924 3439 1064 3488 Macedonis
1080 3454 1146 3486 arma
1155 3437 1236 3486 victri-

733 3515 778 3572 cia,
788 3511 912 3579 ἀργυρέας
922 3513 1027 3578 λόγχας,
1038 3523 1063 3560 et
1073 3510 1164 3559 asinum
1178 3526 1234 3559 auro

733 3597 856 3637 onustum:
883 3587 1002 3636 Graeciam
1027 3601 1084 3633 auro
1107 3585 1166 3649 ejus,
1187 3601 1235 3634 non

732 3664 799 3718 ferro,
811 3663 952 3710 subactam?
986 3660 1077 3707 Bellum
1091 3667 1182 3724 pugnat
1192 3674 1234 3723 po-

733 3737 794 3786 etice
804 3752 854 3801 pro,
865 3736 1033 3798 belligerantes
1043 3743 1158 3797 pugnant.
1192 3735 1234 3782 So·

733 3813 813 3860 lebant
827 3818 906 3858 autem
917 3811 1016 3858 Veteres
1031 3807 1139 3872 praelium
1155 3807 1236 3861 inituri

732 3895 850 3935 concutere
861 3901 934 3941 orma,
946 3883 990 3930 hoe
1001 3892 1037 3930 est
1045 3881 1119 3930 hastis
1128 3884 1169 3930 aut
1179 3881 1235 3947 pilis

733 3969 801 4010 scuta
811 3959 912 4024 pulsare,
920 3967 947 4006 ut
957 3956 1000 4006 tali
1010 3957 1110 4021 strepitu
1121 3965 1235 4006 terreren-

734 4043 771 4083 tur
787 4034 874 4082 bostes.
907 4031 971 4080 Hinc
988 4031 1123 4094 frequenter
1138 4032 1236 4092 crepitus

735 4124 851 4157 armorum
859 4107 883 4155 in
891 4105 1087 4170 descriptionibus
1095 4121 1236 4170 pugnarum.

735 4183 797 4232 Vide
816 4182 960 4248 Sphanhem.
972 4180 1003 4228 ad
1014 4180 1111 4228 Callim.
1133 4179 1157 4229 lt.
1175 4178 1234 4227 Del.
