2812 5010
282 327 347 393 160
576 327 615 391 Ρ.
639 324 800 392 OVIDII
824 323 1035 390 NASONIS

285 500 337 575 Et
353 524 452 574 nunc
471 500 582 587 sicca,
601 500 704 598 prius
723 499 966 575 celeberrima
982 498 1160 585 fontibus,
1181 498 1272 585 Ide;

284 617 560 715 Virgineusque
570 614 790 701 Helicon‚et
800 617 965 691 nondum
973 614 1148 711 OEagrius
1156 612 1323 687 Haemos.

286 732 406 808 Ardet
422 735 460 806 in
477 733 700 807 immensum
719 731 916 829 geminatis
934 731 1084 828 ignibus
1102 729 1229 816 AEtne,
1254 734 1327 802 220

285 848 550 947 Parnasusque
586 849 729 948 biceps,
761 860 800 923 et
835 848 953 947 Eryx,
989 857 1027 923 et
1063 846 1252 945 Cynthus,
1289 854 1327 920 et

436 963 591 1064 Othrys

288 1077 339 1153 Et
352 1081 505 1155 tandem
525 1081 710 1180 Rhodope
728 1079 875 1155 nivibus
893 1079 1065 1167 caritura,
1086 1077 1317 1174 Mimasque,

287 1195 567 1295 Dindymaque,
593 1209 632 1272 et
655 1196 819 1296 Mycale,
845 1208 1032 1294 natusque
1059 1194 1107 1269 ad
1131 1217 1239 1269 sacra
1263 1193 1326 1266 Ci-

433 1314 590 1388 thaeron.

248 1485 251 1490 .
288 1427 370 1502 Nec
385 1441 542 1527 prosunt
557 1430 723 1528 Scythiae
738 1453 806 1503 sua
818 1429 976 1526 frigora:
998 1426 1193 1502 Caucasus
1207 1424 1325 1510 ardet,

288 1725 359 1764 torosos
382 1715 471 1764 Tantas
491 1725 544 1764 arat
567 1717 658 1773 Cilicas.
686 1717 783 1774 Tmolus,

286 1788 357 1838 hodie
371 1790 471 1855 Bozdag‚
489 1806 556 1838 mons
570 1789 662 1855 Lydiae,
673 1790 729 1840 rino
743 1807 784 1855 ge-

288 1881 370 1914 neroso
385 1864 478 1922 nobilis,
490 1881 519 1913 ex
533 1881 580 1929 quo
596 1865 713 1914 oriebatur
724 1866 784 1914 Pac-

287 1938 358 1993 tolus,
372 1937 458 1985 fluvius
472 1937 573 1986 aurifer:
591 1936 624 1987 vi.
638 1941 683 1998 153
700 1937 785 1998 Virgil.

289 2011 376 2074 Georg.
383 2010 409 2058 ii.
418 2013 449 2060 98
458 2029 465 2070 ;
476 2010 539 2059 Plin.
546 2011 579 2060 H.
585 2012 618 2060 N.
626 2029 649 2060 v.
657 2013 697 2060 29.
724 2013 782 2067 OEte,

287 2092 329 2134 aut
341 2085 402 2141 OEta,
413 2084 528 2132 montium
541 2085 627 2150 jugum
637 2084 783 2134 Tbessaliam

289 2158 406 2207 aDoride
422 2167 447 2206 et
461 2157 566 2207 Phocide
579 2174 698 2224 separans,
712 2159 783 2207 exitio

287 2231 399 2281 Herculis
408 2231 501 2279 nobile:
518 2233 601 2280 Strabo
611 2232 644 2280 ix.
655 2249 679 2297 p.
688 2233 743 2282 666.

319 2309 376 2356 218.
393 2307 443 2363 Ide,
462 2315 503 2354 aut
516 2307 569 2363 Idu,
581 2322 649 2354 mons
666 2313 690 2355 et
706 2307 782 2355 Creta

287 2390 312 2431 ct
326 2381 410 2445 Trojae.
437 2381 509 2428 Nunc
526 2380 628 2445 Trojana
638 2381 682 2428 Idu
696 2379 782 2429 intelli-

287 2454 358 2518 gitur,
369 2453 472 2502 sontibus
487 2454 619 2511 abundans,
630 2454 694 2503 unde
706 2455 783 2503 πολυ-

287 2528 364 2584 attat
377 2529 474 2576 Homer.
489 2528 519 2576 Il.
533 2529 568 2582 Ξ.
583 2531 640 2578 263.
655 2538 679 2576 et
694 2547 783 2592 aquosa,

252 2604 254 2608 ⁴
286 2605 370 2653 Horat.
386 2603 435 2651 III.
452 2602 501 2651 Od.
517 2619 558 2651 xx.
579 2605 616 2652 15.
649 2603 697 2651 Sed
712 2621 783 2661 nrtnc,

287 2693 359 2741 quum
370 2676 495 2724 Phaethon
505 2685 578 2725 terras
588 2676 730 2734 incenderet,
740 2681 782 2726 sic-

288 2770 323 2807 co,
332 2750 387 2800 vide
398 2749 429 2798 ad
439 2749 456 2796 i.
467 2752 523 2798 321.

319 2825 375 2872 219.
392 2822 510 2885 Helicon]
526 2823 597 2871 Mons
606 2823 715 2879 Boeotiae,
726 2823 783 2870 Mu·

285 2898 319 2947 ais
336 2913 410 2952 sacer,
426 2896 490 2944 unde
506 2899 636 2961 virgineus:
653 2898 736 2945 Strabo
746 2896 781 2944 ix.

286 2988 310 3036 p.
322 2973 387 3030 409;
405 2970 508 3018 Pausan.
524 2971 604 3019 Boeot.
620 2973 661 3019 28.
686 2971 781 3028 Hanws,

286 3044 356 3094 hodie
375 3045 475 3101 Banna,
493 3043 642 3108 longissimus
659 3053 684 3093 et
697 3044 781 3093 altissi-

286 3136 340 3168 mus
365 3117 480 3167 montium
503 3125 601 3174 tractus,
621 3118 746 3166 Thraciam
768 3135 783 3167 a

286 3201 352 3259 parte
368 3191 546 3256 septentrionali
563 3191 684 3249 claudens,
700 3200 724 3240 et
742 3209 780 3241 us-

835 1717 906 1765 Nunc
924 1716 1056 1765 accedebat
1071 1714 1208 1764 incendium
1225 1712 1289 1770 solis,
1304 1720 1329 1761 et

834 1791 868 1840 sic
878 1793 1007 1856 geminatis,
1017 1798 1064 1840 etc.

866 1867 922 1913 221.
939 1863 1076 1926 Parauaea]
1096 1863 1135 1910 De
1148 1862 1262 1918 Panna,
1279 1860 1327 1910 vid.

835 1938 866 1988 ad
875 1939 894 1987 i.
906 1941 962 1987 317.
997 1940 1070 2001 Eryc,
1079 1935 1149 1985 hodie
1165 1935 1213 1984 Sun
1223 1937 1329 1992 Jntiano,

833 2031 900 2063 mons
915 2013 1009 2070 Sicilia,
1020 2013 1045 2060 in
1059 2028 1106 2076 quo
1117 2012 1199 2060 Venus
1214 2011 1328 2075 templum

833 2088 936 2138 habehat
951 2087 1018 2136 donis
1033 2086 1180 2150 opulentum,
1195 2085 1260 2134 unde
1278 2085 1330 2149 ipsa

834 2163 950 2225 Erycina:
968 2160 1017 2210 vid.
1031 2159 1150 2215 AElianus,
1163 2159 1195 2207 V.
1210 2160 1242 2206 H.
1256 2158 1273 2207 i.
1290 2161 1328 2207 15.

832 2246 857 2285 et
867 2237 974 2301 Heynins
984 2237 1044 2284 Exc.
1054 2235 1090 2282 II.
1099 2233 1130 2282 ad
1138 2232 1223 2296 Virgil.
1230 2231 1328 2281 AEneid.

833 2312 865 2360 V.
891 2313 1002 2374 Cynthos,
1012 2310 1068 2359 Deli
1074 2324 1151 2365 mons,
1157 2306 1278 2372 Apollinis
1287 2322 1329 2355 na·

833 2384 919 2433 talibus
929 2385 1070 2438 celebratus,
1082 2381 1123 2446 qui
1133 2381 1189 2429 inde
1199 2381 1328 2444 Cynthius:

833 2459 904 2507 Hom.
926 2459 998 2523 Hym.
1018 2459 1039 2505 I.
1059 2455 1140 2521 Apoll.
1158 2456 1199 2505 26.
1233 2456 1328 2517 Othrys,

833 2547 900 2581 mons
910 2533 972 2580 altus
982 2538 1006 2580 et
1014 2531 1107 2579 nivosus
1115 2528 1252 2585 Thessalia,
1260 2528 1328 2576 sedes

833 2604 1000 2670 Lapitharum:
1012 2604 1099 2667 virgil.
1109 2602 1206 2651 AEneid.
1217 2602 1256 2651 vii.
1264 2603 1311 2651 675
1320 2620 1328 2662 ;

833 2680 916 2727 Senec.
928 2679 1001 2728 Herc.
1013 2679 1063 2726 OEt.
1071 2693 1120 2726 ver.
1130 2677 1187 2724 494.

832 2803 845 2815 ,
866 2754 921 2801 222.
943 2751 1068 2813 Rhodopa]
1091 2750 1191 2799 Tractus
1213 2749 1328 2797 montium

832 2827 957 2877 Thraciam
964 2843 1045 2876 versus
1055 2824 1233 2890 septemtriones
1243 2823 1327 2873 dister-

832 2903 932 2958 minans,
939 2900 1012 2949 sacris
1023 2900 1113 2948 Bacchi
1124 2907 1148 2948 et
1158 2897 1249 2962 Orphei
1261 2907 1329 2946 cant·

831 2977 884 3024 ibus
904 2976 1042 3024 celebratus.
1082 2973 1150 3036 Virg.
1168 2972 1220 3021 Ecl.
1238 2971 1271 3020 vi.
1288 2973 1328 3021 30.

832 3053 922 3098 tandem
938 3051 1028 3097 nivibus
1043 3050 1155 3103 caritura,
1166 3044 1253 3110 quibus
1263 3061 1327 3094 sem·

830 3140 872 3188 per
888 3132 958 3172 tecta.
986 3122 1079 3178 Minos,
1090 3136 1159 3168 mons
1169 3119 1252 3175 Ionia,
1264 3135 1329 3167 sum·

830 3213 875 3245 mar
886 3195 1026 3249 altitudinis,
1038 3194 1099 3244 unde
1112 3191 1266 3258 ὑψίκρημνος
1278 3193 1327 3240 Ηο-
1348 3231 1354 3243 .

286 3282 333 3331 que
344 3265 375 3315 ad
386 3266 487 3313 Pontum
498 3265 617 3314 Euxinum
628 3282 779 3331 procurrens:
830 3287 889 3318 mer.
900 3269 1018 3335 Epigram.
1029 3285 1084 3333 pag.
1097 3270 1151 3317 117.
1162 3270 1219 3317 Ern.

286 3341 349 3390 Plin.
362 3341 395 3388 H.
406 3341 439 3388 N.
450 3340 484 3388 iv.
502 3341 539 3388 11.
572 3342 663 3388 Istum
677 3341 781 3389 nondum
863 3345 920 3391 223.
942 3344 1068 3404 Dindyma.
1088 3341 1215 3406 plumbet
1234 3342 1327 3405 Dindy-

284 3417 315 3467 ab
334 3417 428 3480 OEngro,
447 3430 501 3478 rege
519 3413 636 3471 Thracia,
653 3423 719 3480 patre
736 3415 781 3463 Or·
830 3434 900 3474 mum,
917 3432 985 3464 mons
1004 3416 1122 3480 Phrygia,
1142 3431 1236 3478 magna
1252 3415 1328 3463 Matri

285 3491 351 3556 phei,
362 3490 430 3554 cujus
445 3489 553 3538 cantibus
565 3488 695 3539 resonuisse
709 3490 781 3538 tradi-
830 3491 910 3540 Detlm
928 3506 1002 3546 sacer,
1017 3489 1080 3538 unde
1097 3490 1150 3554 ipsa
1164 3490 1327 3552 Dindymene:

284 3574 331 3622 tur,
353 3578 438 3613 nomen
461 3564 542 3628 OEogn‘
560 3564 681 3612 habebat:
701 3563 777 3629 Orpb.
831 3565 917 3630 Virgil.
934 3567 993 3613 AEn.
1007 3564 1039 3612 ix.
1056 3564 1112 3612 617.
1146 3563 1247 3626 Mycale,
1260 3578 1328 3613 mons

286 3639 377 3704 Argon.
389 3640 434 3700 763
450 3637 535 3687 Horat.
548 3639 568 3686 I.
585 3639 633 3688 Od.
646 3637 687 3686 xii.
699 3639 715 3685 6
728 3654 780 3702 sqq.
829 3639 912 3696 Ionia,
927 3641 997 3688 Samo
1007 3639 1113 3687 vicinus:
1131 3639 1239 3687 Pausan.
1251 3637 1293 3686 vii.
1302 3655 1328 3704 p.

284 3713 323 3761 Ita
338 3711 371 3762 vi.
387 3714 450 3762 415:
471 3713 574 3775 Calydon
593 3715 692 3761 nondum
707 3715 780 3762 invisa
829 3715 893 3774 4025
909 3714 1000 3771 Strabo,
1009 3730 1033 3778 p.
1043 3714 1098 3762 636.
1127 3713 1250 3770 Cithaeron,
1260 3727 1328 3760 mons

285 3788 368 3836 Dionoe
375 3805 385 3845 ,·
402 3803 451 3836 ver.
471 3788 527 3835 418.
547 3804 618 3851 nepae
638 3789 713 3836 adhoc
728 3788 779 3835 Pit·
829 3789 939 3846 Boeotiae,
950 3804 997 3836 non
1011 3788 1094 3854 procul
1109 3803 1124 3836 a
1136 3786 1233 3845 Thebis,
1244 3786 1328 3851 inquo
1341 3796 1343 3799 ’

285 3862 346 3910 theto
358 3860 458 3910 Troezen.
829 3879 894 3913 soora
915 3863 1006 3911 Bacchi
1032 3861 1151 3911 trieterica
1171 3859 1326 3910 celebraban-

291 3984 295 3992 .
317 3935 373 3984 220.
390 3935 518 3983 Geminotis
527 3936 638 4000 ignibus]
655 3937 691 3984 Ex
704 3936 780 3983 AEtnoe
829 3943 883 3984 tur:
894 3935 942 3985 vid.
953 3935 988 3984 iii.
999 3936 1055 3984 702.

283 4008 370 4058 vertice
386 4008 436 4073 jam
454 4008 622 4074 antiquissimis
635 4009 779 4075 temporibus
860 4011 917 4058 224.
935 4010 1056 4074 Frigora]
1086 4008 1184 4059 Glacies
1205 4015 1231 4057 et
1250 4007 1327 4066 nives,

282 4080 349 4146 ignes
385 4084 548 4147 erumpebant.
589 4083 647 4134 Vid.
668 4083 777 4133 Kircheri
827 4084 1087 4148 quibusSoythin‚i.e.
1103 4082 1179 4132 omnis
1194 4091 1256 4132 terra
1272 4098 1327 4148 sep-

282 4154 402 4204 Mundum
429 4156 526 4205 subterr.
557 4167 614 4206 tom.
635 4157 653 4206 i.
675 4174 699 4222 p.
721 4159 777 4207 202.
826 4156 980 4217 tentrionalis,
1002 4158 1093 4208 Granis
1112 4167 1136 4207 et
1155 4157 1270 4206 Romania
1289 4156 1327 4205 in-
