2812 5010
116 338 183 404 308
407 338 446 403 P.
470 337 632 403 OVIDII
657 338 869 405 NASONIS

118 513 329 601 Fluctibus,
349 522 389 586 et
403 520 523 586 tectas
540 512 710 587 defendit
728 513 775 586 ab
792 511 976 586 imbribus
993 512 1138 586 undas:

119 630 277 704 Summa
296 628 405 725 riget,
425 628 661 726 frontemque
686 629 724 703 in
753 640 926 727 apertum
943 627 1103 728 porrigit
1117 652 1162 699 ae-

119 747 296 845 Occupat
313 746 426 830 hunc,
444 745 541 818 vires
559 745 704 819 insania
721 744 873 831 fecerat,
894 743 984 832 In0;
1039 745 1164 842 [quor.

118 862 247 960 Seque
266 885 379 960 super
396 870 566 959 pontum,
582 861 685 934 nullo
704 861 852 935 tardata
869 860 1015 948 timore,
1124 864 1127 869 ’

117 978 252 1065 Mittit,
271 1002 443 1075 onusque
461 1002 592 1057 suum:
621 1002 801 1076 percussa
818 978 1015 1052 recanduit
1032 976 1147 1049 unda.

117 1094 170 1166 At
187 1093 317 1166 Venus
335 1093 530 1166 immeritae
549 1094 673 1191 neptis
691 1094 869 1168 miserata
886 1095 1046 1181 labores
1094 1097 1166 1166 530

119 1210 184 1284 Sic
203 1221 335 1309 patruo
348 1211 519 1284 blandita
532 1236 600 1284 suo
615 1221 694 1284 est:
717 1220 740 1248 “
757 1211 791 1282 Ο
811 1235 949 1285 numen
968 1233 1165 1307 aquarum,

117 1326 297 1401 Proxima
314 1327 375 1400 cui
393 1327 486 1400 coelo
505 1325 631 1413 cessit,
651 1326 843 1425 Neptune,
863 1336 1054 1425 potestas3

117 1442 261 1540 Magna
279 1444 432 1540 quidem
450 1468 586 1541 posco;
616 1444 683 1518 sed
701 1454 743 1516 tu
761 1444 938 1517 miserere
956 1465 1140 1525 meorum,

116 1559 140 1632 J
144 1561 258 1633 actari
275 1584 370 1657 quos
389 1560 511 1633 cernis
529 1561 567 1632 in
587 1559 693 1633 Ionio
711 1561 916 1647 immens03
1093 1560 1166 1630 534

119 1675 171 1748 Et
189 1676 258 1748 Dis
278 1674 376 1748 adde
395 1675 490 1748 tuis:
512 1675 638 1773 aliqua
653 1675 796 1749 etmihi
814 1676 934 1771 gratia
951 1683 1067 1773 ponto
1084 1682 1164 1760 est;

120 1792 161 1864 Si
179 1802 305 1865 tamen
324 1790 362 1862 in
380 1790 442 1864 dio
461 1791 652 1888 quondam
671 1801 848 1864 concreta
865 1788 1051 1890 profundo

119 1909 264 2006 Spuma
277 1907 343 1993 sui,
357 1907 590 2005 Graiumque
605 1919 732 1982 manet
742 1909 833 1980 mihi
848 1933 985 1982 nomen
999 1907 1047 1981 ab
1062 1904 1166 1980 illa.''

116 2023 263 2098 Annuit
280 2025 398 2098 oranti
417 2024 454 2097 N
457 2035 640 2123 eptunus3
671 2036 711 2100 et
728 2027 886 2101 abstulit
903 2024 975 2098 illis

116 2352 180 2384 nam.
204 2333 617 2396 Scopulus‚Molurisnomine,uuus
667 2335 739 2384 cedit.
772 2334 846 2400 Apud
865 2333 1005 2389 Lucianum,
1021 2331 1088 2381 dicto
1105 2331 1166 2388 loco,

116 2426 146 2459 ex
158 2409 276 2466 Scironia,
287 2407 329 2473 qui
340 2419 402 2457 certe
413 2418 563 2458 consecratus
572 2410 617 2458 fuit
668 2409 791 2471 Neptunus
806 2416 896 2474 sponte,
908 2409 933 2455 in
947 2406 1039 2456 Bacchi
1056 2404 1165 2470 gratiam,

116 2484 258 2533 Leucotheae
267 2492 291 2531 et
296 2483 439 2532 Palaemoni:
454 2484 615 2534 vid.Psusan.
666 2482 696 2531 iis
708 2483 856 2532 divinitatem
868 2482 959 2530 tribuit.
987 2481 1118 2536 immerita,
1129 2479 1165 2526 in·

116 2558 286 2622 Attic.p.108.
308 2556 381 2622 Apud
389 2556 530 2614 Luciauum‚
539 2558 617 2607 D.M.
667 2557 749 2614 sontis,
762 2573 815 2622 quae
834 2557 907 2604 talem
923 2564 1011 2604 sortem
1026 2571 1074 2603 non
1088 2570 1166 2602 meru-

116 2635 141 2682 9.
156 2635 200 2681 Ino
217 2633 247 2680 ab
259 2632 405 2679 Athamante
421 2647 451 2678 ex
467 2648 559 2680 summo
576 2632 616 2682 Ci-
667 2639 725 2678 erat.
759 2631 864 2686 Labores,
881 2630 991 2678 miseram
1012 2638 1109 2684 sortem,
1123 2643 1166 2676 an-

115 2708 228 2764 thaerone,
239 2706 281 2754 nbi
291 2704 439 2771 protenditur
449 2705 480 2754 ad
491 2722 565 2762 mare,
578 2706 615 2755 fu·
666 2720 747 2768 gorem
758 2705 840 2761 animi,
853 2720 882 2752 ex
893 2704 985 2752 insania
995 2711 1083 2751 ortum.
1110 2703 1165 2750 Jac-

115 2789 185 2844 gatur
201 2781 225 2828 iu
242 2781 349 2845 pelagus.
386 2780 467 2828 Terras
477 2782 589 2844 defendit,
602 2798 616 2830 e
667 2783 713 2827 tari
725 2780 800 2827 ventis
810 2788 834 2827 et
844 2779 914 2827 undis
925 2786 1004 2826 nauta
1013 2777 1074 2825 alias
1081 2776 1165 2825 dicuu-

116 2854 423 2921 copiapoetica,detendit.
450 2855 614 2911 intrantem·
667 2861 714 2901 tur.
748 2853 839 2901 Ionium
857 2853 965 2901 absolute
982 2849 1080 2906 dicitur,
1093 2849 1165 2898 etiam

115 2937 226 2995 pestates.
250 2929 318 2992 Virg.
336 2930 393 2977 AEn.
411 2928 429 2977 i.
446 2930 502 2977 163.
520 2931 615 2991 scopuli,
665 2928 707 2976 ubi
724 2932 854 2976 immensum
877 2935 918 2976 aut
936 2943 1046 2990 magnum
1062 2924 1165 2972 additur.

114 3021 209 3067 quorum
225 3006 266 3050 sub
282 3007 365 3051 vertice
384 3004 429 3051 late
442 3005 545 3066 AEquora
564 3014 615 3052 tuta
668 3003 756 3051 Verum
768 3003 877 3059 Moluris,
887 3017 942 3066 pars
956 2999 1043 3048 montis
1054 2999 1164 3048 Gerania

113 3081 191 3127 silent.
225 3077 305 3125 Etali
323 3086 403 3126 autem
423 3078 520 3142 scopulo
539 3079 615 3128 facilis
665 3075 797 3124 infinibus
820 3073 1091 3139 Megaridis,imminet
1118 3087 1164 3120 non

115 3153 191 3203 saltus
201 3151 226 3199 iu
236 3166 311 3200 mare.
348 3152 497 3200 Onursuum.
525 3154 614 3201 Secnn·
665 3149 738 3207 Ionio,
749 3148 792 3198 sed
802 3149 863 3198 sinui
872 3150 992 3197 Saronico.
1026 3147 1165 3212 Itaqueaut

114 3227 171 3276 durn
181 3225 295 3289 Apollod.
307 3224 371 3272 hunc
381 3224 455 3272 filium
469 3241 537 3273 suum
552 3242 613 3274 mor·
665 3224 756 3272 Ionium
771 3224 818 3272 alio
835 3239 905 3272 sensu
920 3223 999 3288 posuit
1009 3222 1106 3286 (Schol.
1116 3223 1162 3270 Eu·

114 3312 182 3350 tuum
202 3300 318 3364 gestabat,
335 3299 469 3362 conjectum
485 3315 570 3363 nempe
588 3299 614 3349 in
663 3298 733 3364 ripid.
744 3299 775 3347 ad
787 3298 874 3347 Phoen.
886 3296 912 3345 ii.
924 3298 960 3361 6.)
976 3306 1017 3346 aut
1032 3295 1094 3345 alios
1108 3311 1163 3345 auc·

112 3377 241 3424 ferventem
249 3371 334 3421 lebetis
342 3384 437 3436 aquam.
462 3373 541 3420 Etiam
548 3374 613 3438 apud
663 3381 724 3420 tores
734 3380 848 3437 sequutus
860 3380 904 3419 est.

112 3446 269 3513 Eurip.Med.
282 3445 426 3494 rasneadit
436 3446 461 3494 iu
468 3462 532 3494 mare
542 3463 612 3513 prop·
695 3447 752 3495 536.
769 3447 795 3494 Si
813 3457 887 3494 tamen
904 3449 930 3493 iu
948 3446 994 3500 dio,
1011 3443 1073 3507 etc]
1095 3443 1162 3493 Circa

111 3534 147 3572 ter
155 3522 252 3589 impiam
263 3520 390 3569 liberorum
400 3521 498 3578 casdem,
510 3520 552 3570 ubi
562 3521 612 3571 vid.
662 3520 756 3569 Saturni
768 3518 914 3584 genitaliain
923 3532 988 3566 mare
997 3517 1105 3582 projecta
1115 3526 1164 3566 orta

111 3598 192 3647 Schol.
226 3597 265 3646 De
276 3612 360 3662 spuma
371 3595 428 3644 alibi
444 3605 567 3662 usurpatur
577 3599 612 3645 al·
662 3602 699 3643 est
716 3611 795 3656 spuma
809 3592 911 3659 (ἀφρὸς)
929 3593 992 3648 alba,
1003 3591 1068 3641 unde
1080 3593 1163 3641 Venus

111 3675 203 3720 morere
222 3672 285 3719 Plin.
296 3670 328 3718 V.
339 3672 386 3735 Ep.
398 3670 431 3720 vi.
442 3672 488 3718 24:
511 3688 537 3718 ec
552 3673 612 3719 edito
644 3720 647 3725 ,
662 3667 813 3734 (Ἀφροδίτη,
823 3664 990 3732 ’Adpo-peuda)
1003 3665 1102 3730 prodiit.
1114 3666 1162 3713 He·

110 3750 214 3796 desidem
229 3763 289 3809 aqua
306 3746 406 3793 albescit.
440 3744 487 3793 Sed
504 3753 529 3793 et
539 3747 612 3793 verba
660 3742 971 3807 aiod.The0g.1ou-200.
1003 3740 1043 3789 Sic
1058 3739 1099 3789 hic
1111 3755 1161 3804 my·

109 3824 275 3877 incandescere,
297 3827 322 3868 et
345 3821 502 3868 recandescerc
528 3819 611 3867 eodem
660 3818 716 3867 thus
726 3835 799 3883 grave
810 3826 956 3866 momentum
967 3815 992 3863 in
1003 3814 1040 3863 his
1051 3814 1161 3880 precibus

110 3912 181 3943 seusu
198 3895 262 3960 poni,
278 3893 347 3942 docet
363 3894 482 3942 Schwarz.
499 3893 529 3942 ad
546 3891 610 3943 Plin.
660 3892 787 3941 ministrat.
828 3891 946 3940 Concreto.
974 3887 1073 3936 Hesiod.
1099 3885 1160 3953 ἐθρέ·

110 3970 172 4017 Pau.
184 3984 240 4016 xxx.
251 3969 274 4015 ³.
660 3968 718 4031 φθη,
731 3965 895 4032 ρτοὲπήχθη.
925 3963 1075 4028 Profundum
1089 3965 1160 4016 dium,

143 4043 199 4090 530.
208 4043 240 4088 At
253 4042 327 4089 Venus
338 4044 461 4097 immerita,
473 4041 532 4104 ete]
543 4042 608 4099 Quo-
660 4042 707 4100 ἃλς
724 4039 781 4102 dui3
798 4043 859 4096 dius,
871 4038 974 4095 divinus,
992 4044 1047 4102 post
1065 4038 1160 4085 Lucret.

110 4116 176 4165 niam
186 4117 230 4163 Ino
243 4115 333 4162 Veneris
344 4131 374 4162 ex
385 4113 517 4162 Harmonia
527 4117 608 4175 neptis,
658 4115 769 4164 dixerunt
776 4113 854 4162 multi.
872 4114 904 4160 Et
914 4116 979 4161 dium
985 4119 1086 4159 vocatur
1096 4123 1159 4158 marc

109 4197 232 4255 propterea
242 4188 294 4237 hac
308 4205 322 4237 e
338 4188 432 4238 fictione
444 4188 525 4236 Ovidii
536 4188 608 4237 iuter·
658 4197 752 4255 propter
763 4188 917 4239 vastitatem.
