2812 5010
144 328 209 394 220

434 324 474 391 P.
499 323 661 390 OVIDII
686 322 898 389 NASONIS

142 502 233 601 Ipse
250 499 362 574 modo
378 499 601 573 immensum
620 497 730 597 spiris
747 498 972 573 facientibus
990 501 1120 576 orbem

93 646 95 651 ·
143 617 340 715 Cingitur:
369 616 557 692 interdum
575 616 688 712 longa
705 616 811 690 trabe
830 615 966 689 rectior
983 616 1077 692 exit.

142 734 290 834 Impete
309 758 409 808 nunc
426 741 544 820 vasto,
564 757 634 807 ceu
653 732 825 816 concitus
840 731 1021 807 imbribus
1035 734 1169 822 amnis,

143 850 289 940 Fertur,
309 858 349 923 et
366 849 559 923 obstantes
578 848 773 947 proturbat
789 859 944 947 pectore
959 849 1084 925 silvas.
1136 856 1187 926 80

143 966 259 1042 Cedit
275 964 508 1062 Agenorides
526 964 700 1064 paulum;
730 965 928 1063 spolioque
944 965 1064 1040 leonis

143 1081 313 1156 Sustinet
330 1080 500 1154 incursus
515 1108 523 1170 ;
553 1079 809 1178 instantiaque
827 1105 892 1154 ora
909 1082 1075 1156 retardat

141 1197 312 1296 Cuspide
330 1206 533 1294 praetenta:
562 1195 656 1269 furit
673 1197 748 1283 ille,
768 1207 807 1272 et
824 1196 949 1271 inania
965 1198 1059 1272 duro

139 1313 306 1387 Vulnera
322 1312 388 1386 dat
401 1310 518 1399 ferro;
547 1310 760 1409 frangitque
778 1312 816 1384 in
834 1313 1005 1388 acumine
1023 1314 1172 1390 dentes.

139 1427 305 1526 Jamque
322 1424 535 1501 venenifero
553 1426 707 1524 sanguis
725 1450 876 1502 manare
894 1428 1018 1527 palato

1138 1435 1185 1506 85

141 1543 342 1643 Coeperat3
371 1551 411 1615 et
424 1540 561 1615 virides
579 1540 775 1650 aspergine
794 1542 957 1617 tinxerat
973 1544 1133 1632 herbas3

143 1659 221 1733 Sed
238 1660 319 1733 leve
336 1657 471 1731 vulnus
490 1667 581 1744 erat,
601 1655 690 1753 quia
708 1681 748 1731 se
766 1659 980 1732 retrahebat
996 1659 1044 1732 ab
1061 1659 1154 1749 ictu,

142 1774 326 1871 Laesaque
344 1772 442 1847 colla
458 1771 574 1846 dabat
590 1780 702 1854 retro,
721 1771 949 1870 plagamque
965 1774 1096 1849 sedere
1186 1820 1188 1824 ν

142 1889 326 1965 Cedendo
344 1890 509 1976 arcebat,
529 1912 599 1962 nec
616 1888 763 1984 longius
781 1888 835 1963 ire
853 1888 1020 1963 sinebat:

1137 1895 1186 1966 89

141 2007 274 2082 Donec
292 2004 526 2102 Agenorides
544 2005 758 2102 conjectum
775 2005 813 2077 in
831 2015 981 2100 gutture
999 2003 1140 2080 ferrum

142 2123 276 2222 Usque
294 2147 458 2222 sequens
476 2121 626 2221 pressit,
645 2122 737 2195 dum
753 2130 855 2194 retro'
869 2144 1031 2217 quercus
1050 2115 1156 2195 eunti

140 2240 321 2332 Obstitit3
351 2249 390 2315 et
406 2239 483 2313 fixa
498 2248 556 2314 est
572 2239 712 2338 pariter
729 2262 815 2311 cum
832 2238 963 2311 robore
981 2237 1121 2312 cervix.

139 2356 314 2432 Pondere
331 2356 515 2456 serpentis
534 2364 688 2430 curvata
701 2363 760 2428 est
778 2354 897 2441 arbor,
918 2363 956 2426 et
973 2352 1058 2426 imae

137 2564 226 2617 mouet,
235 2557 313 2621 babor
321 2556 388 2607 sanie
398 2555 484 2622 potius,
496 2557 572 2607 halitu
580 2571 635 2606 vero

137 2631 291 2682 curarinfici.

171 2707 211 2757 78.
230 2706 309 2764 Tnabe,
328 2707 419 2754 arbore.
455 2705 518 2763 Erit,
538 2704 634 2763 eminet,

135 2780 216 2828 confer
236 2780 341 2836 Seneca,
363 2778 445 2844 OEdip.
467 2794 560 2827 versum
580 2778 636 2827 726.

115 2849 117 2854 ’
136 2853 218 2902 Nostri
228 2853 257 2901 C.
264 2853 296 2901 R.
308 2853 365 2901 dant
375 2862 452 2912 astat,·
463 2860 576 2919 praestans
586 2851 636 2920 lec·

136 2926 169 2974 tio
180 2942 233 2989 quae
250 2925 326 2991 pingit
336 2925 438 2974 vividius
453 2933 585 2991 serpentem
598 2940 636 2973 se·

136 2997 276 3046 minuimum
307 2998 431 3048 minaciter
463 3006 634 3063 assurgentem.

82 3073 85 3082 '
137 3071 206 3117 Modo
216 3075 320 3135 cingitur
328 3074 409 3132 spirim
425 3071 450 3120 id
460 3079 504 3129 est,
514 3071 539 3119 in
549 3079 635 3119 terram

136 3159 233 3209 pronus,
256 3144 326 3193 modo
346 3151 438 3194 erectus
459 3145 542 3209 surgit,
564 3154 633 3194 artat.

136 3215 221 3278 Impete
232 3217 328 3282 antique
339 3233 390 3282 pro,
403 3221 496 3280 impetu.
507 3216 546 3265 Sic
554 3216 633 3266 etviii.

135 3291 192 3338 ³59.
226 3290 341 3347 Concitet,
356 3289 457 3356 rapidior
474 3291 559 3339 factus.
590 3292 633 3340 So·

135 3362 206 3413 lenne
216 3364 299 3430 poetis,
310 3373 431 3430 praeunte
442 3366 553 3422 Homero,
562 3362 594 3414 Il.
605 3373 633 3415 Δ.

135 3438 183 3486 452
194 3454 246 3502 sqq.
257 3445 282 3486 et
298 3443 327 3486 E.
345 3438 376 3485 at
389 3454 443 3503 sqq.
455 3446 480 3486 et
494 3437 559 3494 alibi,
571 3438 633 3487 mili·

133 3519 194 3569 turn,
206 3511 261 3560 hinc
273 3520 299 3561 et
312 3527 427 3561 saevarum
442 3510 579 3569 bestiarum,
590 3511 634 3560 im-

133 3594 216 3650 petum
234 3602 289 3635 cum
308 3603 375 3634 amne
392 3588 479 3635 concito
499 3593 541 3634 aut
557 3603 633 3635 exun-

133 3658 205 3709 dante
223 3676 366 3725 comparare.
383 3661 471 3710 Confer
487 3660 572 3725 Virgil.
587 3663 631 3709 AE·

134 3733 197 3782 neid.
207 3733 233 3782 ii.
244 3735 308 3794 4963
325 3751 349 3782 x.
360 3735 416 3783 603.
446 3735 571 3792 Obstantes,
583 3742 631 3783 etc.

132 3806 246 3856 Similiter
255 3808 319 3873 apud
331 3809 383 3857 Liv.
390 3809 439 3857 xxi.
449 3811 490 3857 22.
502 3824 597 3874 serpens
608 3808 632 3857 in

86 3901 88 3903 >
133 3879 212 3944 quiete
226 3880 357 3929 Hannibali
372 3882 465 3930 oblatus
476 3899 528 3930 cum
543 3885 632 3948 ingenti

132 3954 239 4002 arborum
249 3963 271 4011 et
285 3957 439 4018 uirgultorum
454 3965 529 4020 strage
538 3956 631 4019 fereba-

134 4034 181 4074 tur.
204 4027 352 4085 Proturbare‚
363 4037 516 4092 prosternere.
534 4029 572 4079 ct.
583 4028 633 4078 viii.

130 4098 192 4147 340.

165 4171 207 4221 81.
223 4171 305 4238 Spolia,
313 4173 375 4240 pelle
387 4175 499 4243 derepta3
517 4192 571 4224 narn
583 4194 632 4238 spo·

685 2558 742 2605 licre
751 2554 846 2604 omnino
855 2553 984 2602 detrahere.
1009 2551 1116 2620 Spolium
1124 2552 1186 2604 illud

684 2628 746 2678 scuti
756 2629 805 2677 vim
814 2626 927 2676 habebat.
960 2626 999 2675 Sic
1011 2643 1108 2692 quoque
1118 2627 1184 2676 Cad-

684 2717 749 2750 mum
766 2717 879 2766 magnum
895 2700 974 2749 facere
990 2699 1065 2748 voluit
1074 2717 1082 2760 ;
1103 2715 1186 2750 vereor

683 2772 1185 2840 tamenmeprodigialiter.Instareverburu

683 2848 794 2898 militare.
812 2848 918 2898 Cadmus
929 2846 1001 2903 cedit,
1010 2862 1105 2912 serpens
1113 2849 1187 2896 instat

684 2922 788 2972 cedenti.
822 2922 974 2979 Pretendere,
985 2921 1084 2970 verbum
1098 2919 1125 2970 in
1137 2920 1185 2972 bac

683 3011 708 3044 re
719 2995 854 3061 proprium:
873 2993 922 3045 vid.
933 2994 964 3043 ad
973 2995 1006 3042 xi.
1013 2990 1071 3044 610.
1097 2992 1187 3044 Incnic

683 3071 788 3127 vulnera,
807 3085 896 3118 morsus
912 3067 1005 3116 nullum
1023 3067 1101 3118 dentis
1110 3069 1184 3118 vesti·

683 3142 748 3208 gium
755 3142 845 3193 inferro
853 3142 1023 3208 relinquentes.
1034 3140 1119 3208 virgil.
1127 3143 1186 3192 AEn.

684 3216 726 3266 xii.
733 3219 789 3266 2⁵5.
800 3234 885 3265 morsus
901 3219 977 3265 inanis
984 3234 993 3275 ,·
1010 3223 1035 3265 et
1053 3215 1117 3282 apud
1132 3216 1185 3264 Nc·

682 3286 757 3340 strum
777 3291 818 3340 vii.
837 3293 893 3341 786.
912 3308 999 3340 vacuus
1018 3304 1110 3339 motans.
1144 3289 1186 3339 De

682 3381 761 3415 morsu
778 3365 864 3414 vulnus
883 3365 993 3423 faciente,
1010 3365 1094 3413 votnm
1112 3362 1186 3412 etiam

683 3438 724 3489 vii.
736 3440 797 3498 782,
802 3439 897 3504 legitur.

715 3513 756 3562 87.
769 3511 1076 3576 autumnalemque]
1096 3509 1187 3577 Incipit

683 3602 762 3635 rursus
769 3588 945 3652 ταυτολογεῖνι
958 3584 1047 3634 etenim
1053 3585 1118 3634 idem
1126 3600 1186 3650 qua·

681 3667 716 3708 ter
726 3659 793 3717 dicit,
804 3676 826 3707 se
842 3661 980 3717 retrahebat,
992 3661 1051 3707 eolla
1064 3661 1134 3707 dubet
1149 3675 1187 3708 re·

682 3743 725 3790 tro,
736 3741 783 3782 etc.
812 3735 908 3798 Proprie
919 3734 967 3783 tela
978 3733 1091 3782 dicuntur
1100 3735 1187 3792 tedere,

682 3824 755 3872 quum
776 3807 885 3858 incidunt
907 3816 931 3857 et
952 3809 1043 3857 haereut
1062 3807 1088 3855 in
1107 3816 1176 3857 scuto

682 3882 745 3930 Flor.
761 3883 808 3931 IV.
827 3882 854 3932 ii.
871 3884 910 3930 to.
943 3882 1006 3930 Hinc
1023 3880 1098 3930 etiam
1115 3883 1187 3946 plaga

681 3959 750 4012 sedet,
774 3955 845 4004 altius
875 3955 1001 4005 descendit
1019 3963 1045 4004 et
1064 3963 1184 4021 penetrat.
1232 3982 1235 3986 >

684 4031 773 4093 Conjici
788 4030 875 4078 dicitur
890 4030 975 4087 culter,
991 4046 1066 4095 quum
1081 4027 1186 4093 adigitur

681 4122 721 4153 xv.
737 4107 793 4154 735.
809 4106 833 4155 h.
845 4107 862 4155 l.
878 4106 977 4156 lancea:
1000 4105 1055 4155 tide
1068 4102 1184 4155 Gronovii

682 4179 742 4228 Obs.
753 4179 770 4229 i.
780 4197 806 4244 p.
818 4182 859 4229 at.
