2812 5010
185 344 241 409 xlii
578 339 837 407 PRAEFATIO

187 516 359 603 Innumero
375 513 446 578 loca
462 513 705 578 transcribenda
724 523 843 591 essent,
858 515 884 578 si
906 513 1011 580 omnia
1025 514 1154 580 adferre
1168 515 1233 580 vel·

186 636 260 714 lem,
271 657 345 719 quae
360 635 421 698 hac
433 655 467 697 se
478 633 596 698 virtute
612 632 846 698 commendant.
880 633 927 697 Et
941 635 1114 699 innumeris
1128 634 1232 698 modis

186 755 350 841 ingenium
371 753 553 830 ostentavit,
571 752 676 830 aliter,
693 753 736 818 iii.
755 752 831 831 380,
849 753 882 816 in
901 753 1049 818 Narcissi
1066 763 1100 817 et
1117 752 1231 816 Echus

185 873 364 958 colloquio;
387 870 489 949 aliter,
505 871 556 935 vii.
574 872 649 948 813,
672 871 706 935 in
727 870 865 956 Cephali
882 871 1060 950 cantilena3
1083 868 1176 936 aliter
1200 872 1231 934 in

186 991 392 1056 conversione
414 989 565 1074 quadam,
581 989 601 1053 i.
619 989 692 1052 700.
731 989 830 1054 Mitto
846 991 1020 1055 sententias
1036 990 1230 1076 ingeniosas,

185 1110 300 1196 qualis,
316 1111 348 1175 ii.
368 1111 418 1186 13,
422 1109 536 1195 saciet
552 1131 613 1174 uou
632 1109 773 1173 omuibus
790 1131 865 1185 uua,
879 1109 952 1173 Nec
971 1109 1097 1173 diuersa
1115 1118 1230 1184 tamea,

186 1231 308 1314 quadem
328 1230 417 1293 decet
437 1251 505 1293 ease
521 1250 674 1292 sororum.
719 1225 776 1290 Ad
791 1248 830 1292 ea
843 1237 1085 1311 praevertamur,
1098 1250 1172 1313 quae
1187 1225 1231 1290 vi·

184 1349 265 1411 tiose
280 1347 314 1410 in
327 1346 390 1411 hoc
405 1368 525 1432 genere
540 1347 582 1410 ab
597 1369 637 1411 eo
653 1346 773 1431 scripto
784 1355 869 1410 sunt.

227 1466 356 1550 Nempe
368 1465 510 1530 luxuriat
524 1476 558 1529 et
571 1463 696 1530 lascivit
707 1466 777 1551 ejus
788 1465 946 1552 ingenium
957 1487 1021 1529 non
1036 1487 1122 1542 raro,
1130 1487 1231 1549 quum

184 1606 244 1648 nec
268 1585 397 1648 modum
416 1585 450 1647 in
470 1586 567 1651 rebus
590 1583 784 1649 exornandis
805 1593 924 1659 teneat,
940 1585 1000 1647 nec
1017 1583 1094 1668 quid
1117 1582 1231 1647 deceat

185 1715 293 1780 curet3
317 1726 414 1789 quam
435 1702 595 1769 luxuriem
611 1705 679 1788 jam
697 1703 831 1781 Seneca,
845 1691 999 1766 controv.
1012 1703 1123 1766 xxviii.
1140 1703 1174 1765 in
1193 1723 1231 1765 eo

183 1822 360 1904 vituperat:
384 1843 449 1884 non
470 1821 573 1884 minus
599 1821 684 1885 enim
704 1843 852 1906 magnam
870 1820 1023 1885 virtutem
1045 1842 1127 1897 esse,
1149 1821 1231 1885 scire

183 1941 343 2018 desinere,
357 1962 455 2023 quam
474 1940 555 2005 scire
576 1940 696 2005 dicere.
742 1941 825 2025 Ejus
845 1950 952 2004 autem
964 1940 1032 2004 vitii
1046 1939 1231 2025 exemplum

182 2068 337 2123 memorat
358 2068 455 2143 atque
478 2059 622 2143 exagitat
647 2057 729 2123 alter
750 2057 884 2135 Seneca,
907 2056 952 2121 N.
970 2057 1014 2130 Q.
1030 2058 1073 2122 iii.
1090 2058 1132 2121 27
1142 2084 1150 2136 3
1174 2058 1231 2121 ubi

183 2187 301 2253 monet,
318 2175 472 2240 Ovidium
491 2176 524 2239 in
544 2175 666 2240 diluvio
682 2175 905 2241 Deucalioneo
928 2197 989 2260 pro
1009 2175 1230 2259 magnitudine

183 2293 231 2357 rei
245 2292 377 2371 dixisse,
397 2293 511 2357 Omuia
525 2303 646 2380 pontus
666 2304 767 2371 eraut,
783 2295 841 2359 sed
855 2317 930 2358 mox
944 2316 1017 2358 eum
1032 2295 1073 2358 ad
1088 2293 1230 2378 pueriles

181 2411 318 2496 ineptias
333 2410 486 2490 delatum,
498 2411 570 2476 Nat
585 2413 677 2497 leupus
687 2412 770 2476 iuter
784 2435 868 2489 oues,
881 2422 944 2477 etc.
956 2436 963 2475 :
979 2434 1044 2476 non
1059 2413 1143 2476 enim
1158 2434 1229 2477 esse

181 2553 250 2594 rem
264 2530 340 2595 satis
355 2530 505 2608 sobriam,
520 2529 665 2595 lascivire
680 2529 834 2596 devorato
849 2530 928 2594 orbe
943 2540 1118 2608 terrarum3
1141 2553 1230 2615 mag·

182 2648 277 2712 nifice
292 2649 414 2712 dictum
428 2669 498 2712 esse
516 2645 597 2711 hoc:
613 2646 817 2732 Exspatiata
830 2656 924 2710 uuuut
930 2669 995 2733 per
1008 2656 1149 2733 apertos,
1165 2658 1228 2712 etc.

132 2767 134 2772 ⁸
182 2766 279 2829 modo
297 2788 363 2829 non
383 2775 538 2841 curasset,
554 2764 634 2849 quid
650 2787 725 2829 oves
746 2775 780 2829 et
793 2763 863 2849 lupi
878 2766 1031 2831 fecerint:
1055 2767 1159 2830 natari
1175 2790 1230 2830 au-

182 2892 248 2946 tem
272 2883 305 2946 in
332 2882 453 2947 diluvio
478 2904 543 2947 non
571 2882 727 2967 potuisse,
754 2883 812 2947 sed
837 2884 951 2949 eodem
976 2884 1099 2968 impetu
1128 2907 1230 2969 pecus

183 3021 288 3077 omne,
304 3023 368 3084 quo
383 3011 511 3085 raptum
526 3000 635 3078 fuerit,
650 3024 790 3067 mersum
804 3025 885 3068 esse.
924 3003 1027 3066 Simili
1042 3003 1131 3082 vitio,
1146 3026 1230 3087 prae-

182 3128 232 3182 ter
247 3117 336 3195 alias,
350 3118 477 3184 laborat
490 3119 637 3184 Narcissi
651 3120 772 3186 fabula.
810 3121 859 3186 Ut
874 3120 1029 3187 Narcisso
1045 3144 1103 3186 sua
1117 3121 1229 3200 facies,

183 3234 228 3300 sic
243 3235 362 3300 Ovidio
383 3237 453 3321 ejus
473 3236 597 3301 insania
617 3236 775 3322 placuisse
791 3238 927 3304 videtur.
973 3238 1047 3304 Nec
1069 3241 1102 3304 in
1121 3241 1229 3305 incen-

182 3352 237 3417 dio
260 3354 371 3417 mundi
392 3375 444 3418 res
463 3354 571 3419 sobria
595 3363 664 3419 erat
689 3354 721 3419 ii.
739 3356 800 3420 331
819 3357 934 3440 jocari,
960 3358 1106 3424 iuceadia
1129 3360 1230 3423 lumea

183 3470 386 3547 Praebebunt,
401 3471 580 3556 aliquisque
593 3472 676 3536 malo
685 3471 758 3556 suit
775 3495 850 3538 usus
864 3473 897 3538 iu
910 3474 965 3539 illa
973 3502 985 3550 ,·
1008 3487 1064 3540 aut
1078 3477 1230 3541 minutias

182 3609 296 3653 curare
312 3611 377 3653 ver.
395 3591 455 3654 ull
477 3613 547 3674 sqq.
553 3590 704 3676 fissaque
722 3590 842 3674 (tellus)
863 3593 935 3679 agit
954 3593 1063 3670 rimas,
1075 3602 1107 3657 et
1127 3596 1232 3660 succis

183 3717 255 3773 aret
265 3708 410 3773 ademtis.
445 3707 574 3774 Pabula
588 3718 776 3784 cauescuut‚·
790 3732 856 3774 ver.
873 3711 937 3774 252
952 3733 1022 3796 sqq.
1039 3734 1111 3797 quce
1125 3712 1231 3778 Maeo-

180 3827 252 3891 aias
271 3825 468 3894 aequarunt
486 3828 625 3895 carmine
645 3830 748 3915 ripas,
768 3830 940 3894 Flumiuecc
962 3831 1105 3897 uolucres
1126 3832 1230 3896 medio

181 3946 307 4009 caluere
324 3944 473 4031 Caystro.
519 3947 602 4020 Quis
617 3948 702 4013 enim
720 3949 754 4011 in
769 3958 834 4012 tam
852 3949 943 4039 gravi
957 3947 1137 4027 calamitate
1153 3972 1230 4035 cyg-

180 4084 295 4126 norum
316 4063 454 4130 calorem
477 4069 590 4131 curetl
635 4066 759 4132 Sedet
782 4088 847 4133 ver.
874 4069 938 4135 265
964 4092 1033 4156 sqq.
1061 4069 1230 4154 deputam

180 4180 273 4245 nobis
306 4183 446 4248 ostendit
479 4182 654 4249 latitantes.
703 4184 776 4251 Nec
804 4186 838 4250 in
866 4187 967 4271 pestis
997 4187 1228 4273 descriptione,
