2812 5010
377 310 848 379 METAMORPHOSEON
873 311 964 379 ΠΒ.
980 311 1023 378 V.
1157 313 1224 380 bib

174 486 313 584 Arguis
327 511 415 562 esse
433 511 578 562 necem.
617 494 641 525 “
658 485 844 560 Dabimus
860 485 931 560 tibi
945 486 1106 585 'pignora
1121 486 1221 576 verl3

175 602 327 678 Parcite
343 603 586 690 luminibus,’'
605 603 770 678 Perseus
788 603 861 692 ait3
892 627 1033 700 oraque
1049 604 1149 701 regis

176 720 254 794 Ore
274 720 471 795 Medusaeo
490 721 633 794 silicem
651 721 733 794 siue
752 720 933 817 sanguine
951 719 1054 795 fecit.
1150 723 1224 796 249

227 835 422 912 Hactenus
441 838 630 934 aurigenae
647 836 825 912 comitem
843 832 1012 910 Tritonia
1027 836 1131 911 fratri

178 953 229 1028 Se
247 955 374 1029 dedit:
403 954 490 1029 inde
508 980 601 1030 cava
618 955 850 1028 circumdata
866 954 967 1026 nube
987 952 1175 1053 Seriphon

177 1068 342 1160 Deserit,
362 1096 385 1145 a
401 1072 535 1146 dextra
554 1073 709 1172 Cythno
727 1071 933 1170 Gyaroque
951 1068 1106 1144 relictis.

177 1184 340 1283 Quaque
354 1213 468 1287 super
485 1200 642 1288 pontum
656 1189 718 1263 via
728 1189 808 1262 visa
817 1187 1048 1273 brevissima,
1060 1185 1224 1273 Thebas,

175 1300 472 1402 virgineumque
490 1303 677 1379 Helicona
693 1303 811 1404 petit;
839 1327 917 1400 quo
933 1312 1061 1376 monte
1076 1303 1200 1401 potita

178 1417 372 1508 Constitit,
391 1431 431 1493 et
448 1420 581 1495 doctas
597 1421 654 1495 sic
674 1430 733 1494 est
749 1418 876 1494 adfata
889 1417 1060 1493 sorores:
1150 1421 1224 1493 255

178 1540 202 1570 “
222 1532 340 1607 Fama
358 1536 442 1608 novi
460 1535 574 1609 fontis
593 1545 740 1610 nostras
758 1535 928 1634 pervenit
945 1536 994 1608 ad
1011 1559 1120 1609 aures
1135 1562 1144 1625 3

178 1649 284 1725 Dura
302 1651 488 1726 Medusaei
505 1677 621 1751 quern
638 1653 815 1752 praepetis
830 1653 971 1749 ungula
987 1651 1104 1750 rupit.

177 1764 217 1839 Is
236 1767 329 1840 mihi
346 1769 569 1846 causariae:
596 1771 696 1845 volui
714 1770 884 1844 mirabile
901 1779 1110 1842 monstrum

175 1950 259 2008 iuuere,
270 1950 394 2002 detrahere
404 1952 483 2018 gloria
495 1954 599 2004 alterius.
617 1956 677 2004 Par·
727 1962 813 2004 auset
832 1955 926 2017 Gyaros
945 1969 959 2002 e
978 1968 1076 2002 numero
1094 1950 1228 2016 Cycladum

176 2041 228 2073 cere
237 2027 310 2074 maus
320 2026 377 2075 alibi
388 2034 432 2085 est,
444 2027 472 2076 iis
483 2042 531 2077 non
540 2029 585 2087 uti,
595 2029 677 2080 Tibul.
725 2036 791 2078 sunt.

175 2097 193 2148 i.
203 2100 229 2147 2.
240 2100 288 2159 233
305 2099 347 2148 sed
357 2100 408 2149 h.1.
421 2117 461 2150 eos
473 2111 594 2152 avertere,
622 2104 679 2153 Non
759 2103 816 2152 254.
837 2102 1013 2166 Virgtnmmque
1029 2099 1143 2149 Helicona
1151 2118 1160 2159 ,·
1177 2100 1228 2149 He·

176 2179 258 2222 a'u'te'm
273 2177 333 2239 regis
348 2183 440 2224 tanturn
461 2178 501 2225 aia
515 2178 624 2235 mutavit,
636 2178 679 2227 sed
727 2175 791 2224 licon
799 2175 946 2238 Virginibus,
954 2173 1012 2230 sive,
1020 2173 1098 2222 Musis
1106 2189 1228 2223 consecra·

177 2255 202 2296 et
213 2246 351 2298 amicorum.
377 2249 537 2314 Pherecydes,
549 2251 677 2309 Pindarus,
728 2258 946 2316 tm,quotempore
956 2248 1229 2298 eammcultuseThra-
1336 2244 1338 2248 ’

176 2321 292 2387 Apollod.
302 2323 418 2371 Fabulam
428 2325 521 2383 Strabo,
532 2343 555 2374 x.
566 2344 590 2392 p.
600 2327 656 2376 lat.
665 2342 679 2376 e
729 2326 767 2376 cia
776 2327 801 2374 in
812 2325 931 2374 Boeotiam
939 2322 1039 2372 transiit.
1063 2324 1158 2372 Patitur
1167 2324 1229 2382 loca,

176 2409 264 2443 saxosa
275 2395 366 2461 Seriphi
378 2397 588 2463 naturaexplicat:
608 2398 679 2449 οὕτω
729 2400 770 2466 qui
788 2415 816 2449 eo
832 2397 947 2465 pervenit.
981 2397 1071 2446 Sorores
1079 2405 1194 2446 vocantur
1205 2406 1230 2447 et

177 2465 198 2517 δ’
213 2467 265 2519 ἐστὶ
278 2467 405 2535 πετρώδης
421 2469 439 2531 ὴ
457 2474 542 2532 νῆσος,
554 2472 614 2522 ὥστε
629 2472 678 2523 ὑπὸ
728 2474 805 2524 Furiae
815 2472 849 2522 iv.
860 2473 923 2532 4703
945 2477 1018 2536 atque
1036 2472 1128 2530 Parcae,
1146 2473 1230 2522 Horat.

174 2545 224 2603 τῆς
243 2543 368 2609 Γοργόνος
388 2547 460 2595 τοῦτο
485 2547 576 2596 παθεῖν
597 2546 678 2609 αἰπήν
729 2547 869 2610 11.iii.15;
892 2546 934 2595 sed
951 2547 1030 2594 Musae
1048 2549 1117 2595 docte
1134 2563 1227 2604 mores,

175 2614 252 2681 φάσιν
263 2616 285 2666 oi
294 2616 475 2684 κωμῳδοῦντες.
502 2619 575 2686 Apud
585 2620 677 2686 Hygia.
728 2621 792 2688 quad
800 2619 923 2686 epitheton
933 2619 1002 2668 abiis
1012 2619 1044 2668 ud
1054 2628 1137 2686 poetas
1147 2620 1173 2669 in
1182 2620 1230 2688 pri·

176 2691 227 2742 sab.
237 2692 295 2741 2⁷3.
311 2693 352 2758 qui
367 2693 432 2742 haud
447 2693 520 2743 dubie
536 2695 679 2760 AEschylum
728 2695 773 2744 mis
784 2695 924 2744 translatum
935 2702 978 2743 est.

176 2773 293 2830 sequutus
309 2773 353 2823 est,
364 2766 500 2833 Polydectae
517 2768 626 2818 funebres
641 2769 679 2818 lu·
762 2771 819 2819 256.
845 2769 905 2818 Noui
916 2770 1003 2834 fiatis,
1024 2783 1095 2833 quem
1117 2784 1132 2817 a
1154 2767 1230 2818 torma

177 2838 222 2888 dos
232 2841 332 2890 Perseus
343 2840 410 2892 lacit.
729 2844 989 2910 Hippocrenesnomen
1002 2843 1124 2908 accepisse
1134 2850 1229 2909 putant.

210 2915 611 2981 250-678.'Musuremcollaqaiu
627 2935 680 2966 eum
730 2918 778 2967 Sed
803 2918 971 2983 undecumque
992 2917 1015 2966 ei
1034 2917 1170 2982 impositum
1190 2917 1230 2976 sit,

179 2989 679 3057 Pallada]Antigene,ypvuoyevvlr,ypv·
730 2991 1230 3058 etymologicaejusinterpretatiufabulam

174 3061 680 3130 marpoc,quemJupiterineurumcon·
731 3065 882 3115 ministravit.
915 3063 996 3114 Etiam
1016 3064 1135 3114 Troezenii
1157 3080 1231 3130 quum

176 3152 261 3186 versus
277 3145 400 3202 genuerm.
431 3137 471 3187 Sic
488 3141 641 3204 draconigena
656 3147 681 3189 et
730 3139 819 3190 fontem
845 3139 961 3189 baberent
987 3139 1159 3205 cognominem,
1180 3156 1233 3206 my-

178 3209 235 3268 nlia,
251 3227 307 3276 quae
323 3227 394 3278 supra
412 3212 521 3277 legimus.
553 3214 681 3279 Perplaeet
729 3214 797 3262 thum
815 3214 887 3263 adse
905 3221 1036 3263 traxerunt.
1054 3213 1196 3272 Pausanias,
1207 3212 1233 3263 ii.

177 3284 319 3334 Sehirachio
333 3285 379 3334 hoc
393 3285 523 3351 epitheton,
534 3288 597 3352 quod
610 3288 678 3337 nobi·
730 3289 771 3336 31.
797 3288 926 3337 Medusaeo
933 3300 1027 3351 praepes,
1037 3288 1143 3353 Pegasus
1152 3303 1167 3336 e
1177 3303 1232 3336 san·

177 3358 471 3409 lamhabeataudnciam.
504 3361 534 3409 Se
542 3364 605 3410 dedit
613 3365 680 3411 caru·
730 3362 802 3426 guine
823 3362 932 3411 Medusa
954 3370 1027 3419 onus,
1047 3361 1080 3410 iv.
1101 3363 1158 3413 784.
1190 3362 1231 3410 De

179 3443 224 3482 tem
247 3433 396 3498 exquisitius,
417 3450 499 3499 quam,
520 3433 565 3483 tuit
590 3451 679 3484 comes.
730 3434 901 3499 significatione
912 3436 956 3484 τοῦ
964 3452 1049 3497 praepas
1056 3435 1109 3499 jem
1119 3435 1232 3483 olimdis·

178 3507 208 3556 Sa
221 3509 278 3556 dare
288 3507 352 3556 enim
362 3507 457 3557 omnino
465 3507 578 3557 dicuntur
588 3509 629 3574 qui
643 3510 680 3558 in·
729 3510 847 3575 putabant
858 3508 1018 3573 grammatici.
1051 3507 1155 3557 Omnino
1169 3509 1233 3559 cele·

173 3584 271 3630 ‘tersunt
280 3589 326 3630 aut
340 3581 427 3630 adsunt
435 3581 497 3640 aliis,
508 3582 540 3631 ad
551 3598 590 3631 eos
600 3599 625 3632 se
639 3598 680 3649 ap·
730 3599 780 3632 rem
790 3591 864 3641 notat,
875 3591 900 3632 et
911 3598 975 3632 nunc
986 3583 1132 3631 substantive
1143 3598 1232 3647 equum

179 3654 279 3720 plicant.
314 3655 377 3704 Gara
393 3658 462 3713 nube,
482 3664 518 3715 ut,
536 3655 577 3721 qui
594 3671 680 3721 nquam
716 3657 844 3720 (celerem.
878 3657 961 3717 Rupit.
994 3655 1048 3703 Hoc
1064 3656 1140 3719 magis
1151 3664 1234 3722 aptum

177 3729 349 3794 ingrediuntur,
362 3741 459 3779 ceroma
474 3749 533 3794 aqua
544 3730 679 3796 cinguntur,
731 3741 768 3781 est
786 3732 862 3797 fonti,
882 3745 954 3796 quam
969 3729 1057 3795 fregit.
1097 3731 1233 3793 Rumpitur,

178 3804 245 3869 apud
254 3803 391 3868 Virgilium,
400 3805 593 3870 Georg.iv.361.
611 3806 680 3870 Cyri·
731 3806 846 3856 scinditur
862 3813 932 3862 terra,
943 3805 1007 3853 unde
1017 3804 1070 3854 lons
1083 3805 1140 3855 exit.
1172 3807 1233 3857 Mox

178 3895 217 3927 m.
227 3879 299 3928 Mss,
310 3894 402 3935 omnes,
414 3879 498 3943 Cypro.
534 3880 594 3936 Quae
604 3879 682 3930 imula
725 3880 806 3946 factas
815 3883 877 3943 pedis
887 3880 970 3927 ictibus
978 3881 1062 3928 undae.

178 3967 255 4016 quum
265 3960 358 4001 remota
366 3953 436 4002 nimis
444 3952 475 4002 sit
483 3953 611 4018 a'Seripho,
619 3953 683 4002 varie
765 3958 822 4006 258.
840 3954 977 4011 Monstrum,
989 3953 1041 4002 lons
1051 3952 1153 4002 mirabili
1163 3955 1233 4005 modu

178 4025 224 4074 hoc
232 4032 320 4074 nomen
330 4026 362 4075 ab
370 4026 500 4076 editoribus
510 4034 629 4075 tentatum
638 4036 683 4077 est.
733 4028 851 4079 inventus.
867 4027 907 4076 Sic
912 4029 1016 4076 mirabile
1021 4037 1145 4078 munnam
1150 4027 1233 4086 etiam,

182 4099 273 4162 Cythno
282 4099 384 4148 correxit
393 4100 535 4165 Naugerius,
547 4100 615 4149 etsie
626 4101 683 4148 Pla·
734 4103 802 4169 Virg.
815 4106 872 4153 AEn.
884 4101 918 4152 iii.
929 4103 971 4150 26.

180 4173 257 4224 nudes
263 4174 338 4223 habet
345 4175 371 4223 in
381 4176 489 4240 Metaplr.
499 4176 592 4224 Graeca.
611 4175 682 4238 Cyth-
