2812 5010
263 342 733 411 narnnonrnosnon
755 342 846 410 nro.
870 344 933 410 1v.
1056 326 1133 411 ass

157 518 256 595 :idit2
286 520 477 619 extemplo
496 519 654 615 graciles
672 544 721 594 ex
740 543 813 593 aere
830 514 994 606 catenas,

156 636 281 734 inque,
298 647 337 710 et
354 636 522 734 laqueos,
540 660 624 733 qnae
642 634 784 709 lumina
801 636 929 709 fallere
947 634 1104 734 possint,
1135 626 1138 632 ’

157 763 240 826 nat:
269 776 343 825 non
361 750 452 824 illud
471 775 566 848 opus
584 751 806 825 tenuissima
822 751 973 826 vincant

157 869 249 942 nina
260 896 269 958 ;
300 891 374 941 non
393 891 538 940 summo
557 891 641 964 quae
656 867 798 964 pendet
815 891 950 962 aranea
965 869 1093 966 tigno:
1112 874 1113 877 ’
1192 914 1194 919 -

157 1009 209 1079 ue
225 984 327 1059 leves
345 977 470 1057 tactus
485 993 753 1081 momentaque
770 1008 883 1082 parva
903 995 1119 1082 sequantur,

157 1099 224 1186 eit3
254 1111 293 1172 et
309 1100 407 1173 lecto
426 1098 658 1172 circumdata
674 1099 834 1173 collocat
850 1112 951 1199 apte.
1050 1105 1116 1173 181

157 1239 284 1291 tenere
299 1227 422 1290 torum
441 1217 582 1312 conjux
600 1226 638 1288 et
657 1215 803 1289 adulter
819 1215 858 1289 in
875 1241 1003 1301 unum,

157 1333 264 1421 uviri,
282 1334 490 1429 vinclisque
509 1354 604 1404 nova
621 1331 766 1406 ratione
783 1332 934 1431 paratis,

157 1449 273 1522 nediis
286 1450 396 1522 ambo
414 1446 589 1544 deprensi
608 1446 844 1544 amplexibus
862 1449 1016 1522 haerent.

157 1565 252 1638 mius
270 1565 461 1663 extemplo
479 1565 604 1637 valvas
623 1563 800 1661 patefecit
818 1565 992 1651 eburnas,
1047 1568 1117 1637 185

157 1680 316 1777 nisitque
332 1681 456 1754 Deos:
485 1678 539 1750 illi
553 1679 708 1776 jacuere
725 1680 831 1775 ligati

157 1795 261 1895 piter,
282 1809 396 1894 atque
424 1793 559 1891 aliquis
578 1793 626 1866 de
647 1793 715 1866 Dis
734 1818 808 1868 non
825 1795 995 1870 tristibus
1014 1805 1119 1893 optat

157 1912 237 1986 fieri
255 1913 387 2011 turpis.
430 1911 564 2009 Superi
584 1910 720 2000 risere;
749 1912 892 2010 diuque

157 2052 168 2103 3
187 2028 256 2102 fuit
273 2029 310 2102 in
329 2039 410 2102 toto
421 2028 622 2101 notissima
638 2028 765 2101 fabula
781 2029 888 2102 coelo.

158 2145 255 2242 xigit
271 2146 398 2219 indicii
415 2168 618 2222 memorem
635 2143 839 2243 Cythereia
852 2169 1024 2243 poenam;
1046 2150 1116 2220 190

157 2349 382 2408 ,ἂνοοὶὶοε,ῖεοοοε.
400 2349 568 2416 Ipsemoxde-
654 2352 708 2401 187.
729 2352 818 2414 Aliquis
839 2353 867 2398 do
888 2349 940 2406 Dis,
961 2349 1021 2411 eto]
1046 2347 1116 2398 Conf.

165 2423 305 2472 tenuitatem
320 2440 349 2473 ex
363 2425 481 2473 Homero:
499 2423 570 2474 'Hrir’
619 2424 672 2474 Art.
687 2424 769 2472 Amat.
783 2422 808 2473 ii.
822 2425 878 2472 285.
910 2421 957 2471 Sed
974 2421 1015 2470 ills
1033 2423 1116 2484 aliquit

157 2515 183 2547 ια
199 2498 288 2554 λεπτὰ,
307 2497 400 2564 τάγόὓ
417 2497 442 2548 κέ
460 2517 497 2557 τις
513 2498 568 2549 οὐδὲ
618 2498 648 2546 de
669 2499 723 2549 Diis
745 2515 789 2546 noo
814 2499 916 2546 tristibus
942 2494 1029 2561 (quod,
1050 2511 1113 2544 nunc

177 2571 298 2636 Relinque,
313 2581 361 2621 etc.
388 2572 460 2638 Apud
479 2574 566 2623 Home·
617 2573 673 2622 satis
684 2582 789 2630 venuste,
801 2589 843 2639 per
853 2572 972 2632 λιτότητα
983 2579 1018 2620 est
1029 2571 1113 2636 jocan-

157 2645 200 2693 tcit
218 2643 327 2710 δεσμοὺς,
345 2645 400 2694 inde
417 2647 503 2694 Noster
521 2648 566 2696 tria
616 2647 680 2697 tibus
698 2655 723 2697 et
742 2646 886 2710 ridentibus)
909 2645 954 2694 fuit
969 2645 1113 2703 Mercurius,

157 2729 251 2776 rotenus,
267 2723 336 2776 retia,
356 2722 453 2783 laquies,
472 2737 497 2768 es
514 2738 565 2770 are.
615 2728 642 2767 ut
652 2719 738 2769 diserte
754 2720 826 2769 tradit
838 2721 962 2775 Homerus,
974 2734 1042 2769 versu
1053 2719 1112 2768 338.

157 2809 174 2850 ν,
192 2797 361 2850 conclamante,
380 2793 396 2841 i.
413 2810 435 2842 e.
454 2809 483 2841 ex
498 2794 566 2843 serro.
615 2793 646 2840 Et
667 2793 731 2857 apud
746 2793 879 2842 Lucianum
899 2791 1033 2841 Mercurius
1052 2793 1113 2858 ipse,

157 2874 483 2931 s,quae,consuetopoetarum
492 2883 563 2924 more,
613 2865 678 2932 Ἐγὼ
687 2868 732 2931 μὲν
743 2866 862 2932 ἐφθόνουν
872 2868 910 2932 τῷ
920 2865 997 2932 Ἀρει.
1025 2866 1112 2925 Risere,

157 2941 250 2990 ,ativum
266 2957 328 3006 sape
339 2941 518 2989 accommodant
528 2958 564 2990 re·
613 2941 735 3005 ἄσβεστος
748 2939 767 2989 δ’
779 2941 817 3008 ἄρ’
835 2942 925 3006 ἐνῶρτο
942 2940 1020 3007 γέλως
1034 2939 1111 3006 μακά-

157 3014 268 3063 inomini.
613 3017 790 3080 ρεοσιθεοῖοιν.

157 3090 285 3153 ,Εὶίνιοι.]
299 3088 328 3136 Id
339 3096 383 3146 est,
394 3090 485 3155 perficit
498 3090 564 3138 lima.
649 3093 703 3141 190.
726 3091 808 3156 Enigit
828 3093 917 3147 indicii,
939 3090 999 3154 etc]
1029 3091 1112 3140 Venus

164 3165 228 3220 ὶονον,
240 3173 287 3213 etc.
316 3166 350 3213 Ut
360 3165 450 3214 levibus
461 3165 564 3213 tactibus
601 3165 737 3234 ‘ulciscitur
754 3165 815 3214 Solis
831 3165 996 3231 proditionem,
1013 3167 1071 3215 dum
1089 3170 1111 3216 ei

157 3237 226 3286 tentis
237 3237 315 3303 parvis
324 3247 470 3288 moveantur.
612 3240 689 3306 injicit
705 3240 855 3290 Leucothees
871 3255 982 3297 amorem,
1001 3257 1055 3306 quaa
1073 3241 1110 3289 vi-

174 3311 230 3359 Arte
246 3314 300 3368 ον’τί,
319 3311 372 3359 dolo
390 3312 469 3360 mariti
484 3314 563 3363 Vene·
613 3313 681 3371 tiata,
697 3320 765 3364 terrae
784 3314 902 3363 defoditur
916 3328 931 3361 a
947 3324 1053 3378 parente,
1068 3316 1112 3365 sed

157 3400 220 3434 rmer.
240 3386 299 3450 περὶ
318 3383 435 3435 δολόεντα
453 3385 562 3445 τέτυκτο,
614 3404 628 3436 a
649 3388 703 3436 Sole
723 3389 749 3437 in
769 3389 860 3452 virgam
887 3396 978 3436 tuream
998 3397 1110 3439 mutatur.

157 3473 198 3507 ern
216 3459 296 3507 dolum
312 3461 368 3525 περὶ
382 3458 468 3525 δέμνια
484 3465 563 3525 χεῦεν.
614 3464 675 3520 Qua
693 3462 765 3512 fuerit
784 3461 828 3510 illa
848 3461 992 3518 Iencothea,
1013 3461 1110 3511 docetur

157 3549 187 3580 tm
210 3532 328 3597 vituperat
350 3533 477 3591 Lucienus,
499 3535 563 3599 quod
613 3537 782 3600 ver.2l9sqq.
810 3535 902 3584 Auctor
918 3535 1004 3583 fabulae
1024 3536 1109 3584 Hesio-

157 3604 277 3654 lulterium
295 3606 459 3655 manifestarit.
492 3608 560 3656 Lem·
613 3610 665 3666 dus,
676 3617 704 3657 ut
721 3608 882 3658 exLactantii
893 3608 992 3672 Argum.
1005 3618 1110 3672 apparet.

157 3679 282 3737 Vulcanus,
293 3681 334 3744 qui
346 3681 402 3730 dnm
413 3682 494 3730 matris
505 3699 561 3732 aux·
613 3686 665 3733 Nec
680 3683 706 3731 in
722 3699 747 3732 se
764 3682 922 3731 memorabilis
936 3690 980 3738 est,
991 3697 1036 3730 nec
1047 3690 1109 3731 trac·

157 3762 254 3804 :urreret
272 3756 384 3809 adversis
399 3759 493 3815 Jovem,
508 3757 560 3824 ριφ-
612 3759 706 3808 tationis
716 3757 845 3807 luminibus
854 3756 1028 3805 commendata.
1056 3757 1109 3806 Me·

157 3827 214 3888 νδὸς,
232 3837 259 3878 ut
275 3830 326 3896 ipse
343 3830 431 3888 nouat,
449 3831 519 3882 Iliad.
530 3839 561 3884 Α.
612 3850 660 3882 mm
675 3830 823 3881 referendum
839 3837 890 3879 erat
906 3829 936 3878 ad
950 3829 1109 3893 Cythereiom5

157 3911 224 3956 tatus
235 3920 250 3952 a
262 3905 322 3953 Jove
334 3904 363 3953 de
374 3906 444 3962 coelo,
455 3906 480 3954 in
491 3907 561 3956 Iem-
612 3907 655 3956 sed
672 3914 696 3956 et
707 3904 793 3969 Virgil.
803 3903 901 3952 AEneid.
917 3903 934 3952 i.
950 3905 974 3953 4.
991 3921 1108 3954 merneram

157 3976 232 4025 sulam
242 3978 339 4036 decidit,
356 3979 397 4027 ubi
409 3996 463 4028 eum
474 3980 561 4030 Sinties
612 3983 711 4031 Junoais
721 3981 746 4028 ot
757 3983 836 4027 iram·
850 3978 928 4028 Poena
938 3986 1047 4036 testatur,
1057 3996 1108 4029 me·

157 4057 208 4101 unt.
236 4052 343 4108 Admisit,
359 4060 386 4100 ut
403 4053 467 4118 apud
482 4054 559 4102 Hora·
610 4072 699 4106 morem
713 4069 765 4104 esse
782 4052 887 4118 aliquem
904 4052 996 4102 delicti.
1027 4055 1107 4112 Quam

157 4133 196 4174 nrt.
208 4125 276 4176 Poet.
286 4126 364 4184 initio,
379 4130 470 4176 admissi
487 4130 558 4177 ritum
609 4131 673 4181 vario
693 4131 772 4178 ledae
790 4127 815 4175 in
833 4143 858 4176 re
874 4127 988 4176 amatoria
1004 4125 1108 4186 dicatur,

162 4201 172 4245 ³
610 4201 757 4255 admonitum
774 4210 811 4251 est
828 4201 892 4252 ridi.
911 4203 967 4253 608.
1000 4204 1108 4256 Sensus:

1096 4566 1359 4720 a
