2812 5010
360 324 830 391 METAMORPHOSEON
854 324 945 390 LIB.
966 325 1051 390 VII.
1153 326 1216 390 491

172 497 324 593 Perque
337 496 440 570 Deos
455 499 617 595 supplex
628 522 705 584 oro,
719 522 963 595 superosque,
976 521 1178 594 meosque;

174 612 250 685 Per
268 612 298 683 si
318 611 410 707 quid
428 613 546 686 merui
565 612 613 685 de
631 622 669 685 tc
687 613 805 701 bene3
827 638 970 711 perque
988 623 1203 686 manentem

176 725 212 798 N
216 751 288 799 unc
315 750 480 822 quoque,
500 751 618 823 quum
640 750 766 825 pereo,
785 751 937 801 causam
961 727 1053 800 mihi
1075 725 1219 810 mortis,

325 864 510 927 amorem;
1148 844 1221 915 855

177 954 236 1028 Ne
254 955 429 1027 thalamis
441 954 582 1027 Auram
600 954 743 1052 patiare
761 955 941 1029 innubere
959 953 1135 1028 nostris.''

178 1070 308 1159 Dixit;
340 1080 378 1144 et
395 1094 558 1144 errorem
575 1080 656 1143 tum
673 1072 837 1167 denique
851 1070 1011 1144 nominis
1026 1093 1110 1144 esse

179 1184 229 1256 Et
246 1186 359 1271 sensi,
380 1196 419 1258 et
437 1186 570 1259 docui:
600 1187 668 1260 sed
686 1187 778 1283 quid
793 1186 967 1259 docuisse
981 1184 1162 1282 juvabat?

179 1297 354 1387 Labitur3
376 1311 415 1372 et
428 1325 551 1396 parvae
565 1300 712 1396 fugiunt
722 1325 808 1373 cum
819 1300 1001 1396 sanguine
1011 1300 1129 1374 vires:
1150 1303 1223 1372 859

181 1412 359 1510 Dumque
379 1414 521 1510 aliquid
536 1426 709 1512 spectare
722 1424 859 1512 potest,
873 1439 934 1487 me
950 1423 1112 1511 spectat;
1133 1424 1172 1486 et
1186 1413 1224 1485 in

180 1525 375 1602 Infelicem
393 1529 567 1615 animam,
580 1539 783 1627 nostroque
801 1530 955 1603 exhalat
972 1529 1011 1601 in
1029 1553 1109 1603 ore:
1147 1531 1225 1623 [me

182 1640 259 1714 Sed
276 1645 381 1715 vultu
400 1645 553 1717 meliore
571 1643 664 1716 mori
683 1668 815 1717 secura
830 1644 991 1717 videtur.
1117 1645 1224 1738 [ecce

232 1756 427 1831 Flentibus
451 1759 532 1832 haec
552 1759 752 1832 lacrimans
774 1761 883 1833 heros
907 1758 1157 1853 memorabat3
1187 1767 1227 1830 et

181 1871 319 1944 AEaous
337 1871 544 1968 ingreditur
559 1873 700 1971 duplici
716 1899 802 1947 cum
816 1875 934 1973 prole,
953 1896 1125 1971 novoque
1152 1875 1226 1946 864

181 1985 319 2072 Milite,
331 2012 444 2084 quern
457 1987 650 2086 Cephalus
665 2015 751 2063 cum
767 1988 926 2062 fortibus
943 1988 1082 2086 accipit
1099 1987 1225 2060 armis,

183 2207 253 2264 Meos,
264 2224 323 2272 quos
336 2224 391 2256 mox
408 2209 488 2265 adibo,
502 2208 596 2260 inferos.
631 2210 679 2259 Per
730 2210 803 2260 Anna
819 2226 883 2260 soror
898 2209 1012 2259 Didonis:
1032 2209 1065 2258 m
1082 2211 1230 2258 astronomi

182 2282 201 2326 si
212 2281 267 2342 quid
277 2280 424 2344 exquisitius,
432 2298 513 2346 quom,
524 2299 566 2347 per
575 2281 600 2330 id
610 2283 682 2347 qnod.
730 2290 780 2348 quie
798 2302 865 2346 super
883 2286 969 2332 halitus
987 2293 1059 2340 errat,
1082 2285 1127 2332 Ore
1148 2285 1230 2349 legam.

184 2353 224 2400 Ita
239 2353 362 2416 Virgilius.
378 2356 437 2402 AEn.
454 2354 487 2403 iv.
506 2356 553 2403 317
567 2356 615 2424 τῇδέ
630 2357 684 2404 berre
735 2357 818 2406 Vultus
836 2359 923 2413 mlier,
944 2355 1028 2413 laetior,
1042 2356 1122 2412 etiam,
1138 2373 1162 2404 v.
1173 2358 1230 2405 501.

183 2429 238 2489 quid
248 2430 275 2474 de
283 2436 305 2474 te
314 2429 452 2492 merui,jieir
463 2438 504 2477 aut
514 2432 555 2478 tibi
565 2432 684 2493 quiequam
731 2431 788 2480 Jam
797 2431 860 2478 enim
871 2445 901 2478 ex
912 2428 1018 2493 Cephalo
1029 2437 1170 2492 cognoverat
1177 2429 1230 2477 Au-

184 2501 259 2548 Dulee
274 2517 355 2548 meum.
390 2501 504 2550 innubere
511 2521 520 2560 ;
538 2503 628 2559 confer,
642 2519 684 2552 noc
732 2519 783 2551 ram
808 2519 855 2551 non
880 2517 933 2552 esse
959 2502 1107 2566 Nymphem,
1126 2510 1154 2549 ut
1179 2501 1232 2565 ipsa

187 2575 260 2622 Genio
275 2577 301 2621 in
316 2576 377 2622 ullu
389 2580 503 2638 Denupsit
516 2578 632 2634 thalamos,
642 2577 684 2627 xii.
733 2576 881 2636 crediderat3
898 2575 940 2625 sed
957 2576 1035 2624 lenem
1053 2583 1176 2624 ventorum
1195 2591 1232 2624 re·

188 2650 243 2696 196.
734 2649 897 2714 ingerentium
930 2649 1021 2696 flatum.
1063 2648 1182 2696 Ceterum
1212 2647 1233 2696 si

219 2725 275 2772 857.
298 2727 406 2773 Errorem
427 2728 524 2773 nominis
541 2725 606 2788 esre]
631 2724 684 2775 Art.
734 2723 880 2789 Apollodoro
896 2721 966 2770 fidem
977 2721 1100 2776 habemns,
1112 2720 1233 2786 Cephalus

186 2795 267 2845 Amat.
278 2798 312 2847 iii.
324 2801 381 2847 729.
396 2799 447 2863 jam
464 2799 525 2848 inter
535 2799 639 2864 virgulta
648 2799 683 2848 la·
734 2797 764 2845 ob
775 2797 836 2845 hano
846 2795 937 2844 medem
947 2795 977 2843 ab
986 2793 1138 2858 Areopagitis
1144 2802 1232 2841 aeterno

187 2870 247 2918 tenti
262 2875 340 2932 potuit
358 2876 442 2920 misere
450 2876 573 2934 jucundus
588 2875 685 2921 nominis
735 2870 806 2919 exilio
829 2869 957 2917 damnatus
977 2878 1022 2917 est.
1056 2868 1120 2915 Hinc
1138 2867 1234 2917 Thebas

187 2960 260 2992 error.
284 2946 374 3003 Parvo,
387 2960 448 2993 unus
459 2945 683 3007 Leidensis‚parvoe,
734 2941 853 3006 migravit,
864 2952 888 2990 et
898 2940 955 2989 inde
969 2941 1000 2990 ad
1009 2941 1132 2997 Teleboas,
1143 2939 1169 2988 in
1178 2956 1234 2990 eom

187 3017 278 3066 scilicet
289 3023 356 3067 uires.
385 3019 493 3076 Labitur,
504 3019 609 3068 moritur.
734 3016 846 3073 insulam,
865 3031 919 3080 quae
935 3015 964 3063 ah
982 3013 1057 3078 ipsius
1073 3013 1168 3062 nomine
1184 3013 1232 3062 Ce-

220 3093 275 3141 861.
296 3093 329 3140 Et
344 3096 370 3140 in
388 3109 422 3140 me
439 3093 558 3158 Infelicem
576 3095 684 3149 animum,
734 3089 848 3155 phalenia
858 3090 923 3138 dicta
933 3096 984 3137 est:
996 3089 1102 3136 Peneon.
1114 3104 1140 3152 p.
1150 3089 1190 3136 91.

187 3167 247 3229 etc.]
260 3167 360 3216 Veteres
375 3166 525 3217 morientium
543 3166 634 3215 animas
647 3181 685 3214 os-
768 3163 824 3211 864.
836 3163 933 3223 Duplici
946 3162 1087 3222 campreto,
1106 3175 1161 3209 cum
1173 3160 1232 3209 duo·

187 3240 240 3288 culo
252 3240 362 3304 excipere
373 3241 488 3288 solebant.
514 3242 586 3289 Hunc
597 3254 687 3288 morem
735 3237 781 3284 bus
796 3235 852 3284 filiis
861 3235 990 3283 Telamone
1007 3241 1031 3281 ot
1044 3232 1126 3290 Peleo,
1137 3233 1179 3296 qui
1189 3231 1234 3280 mi·

188 3314 282 3376 probat,
298 3312 361 3377 apud
373 3312 507 3378 Virgilium,
520 3315 578 3363 AEn.
588 3312 621 3362 iv.
631 3313 688 3360 685.
737 3310 807 3359 litum
817 3309 937 3358 delectum
947 3307 1089 3356 habuerant.

588 3642 677 3715 riuis
691 3665 773 3715 rou.
789 3664 841 3713 111.

486 4171 649 4205 EXGUDEBANT
661 4171 771 4206 'MLBOYS
782 4172 812 4205 Er
823 4170 953 4202 wilmun.
