2812 5010
119 421 123 428 Ι
212 342 280 406 DE
304 340 469 405 OPERE
491 339 984 410 METAMORPHOSEON.
1081 341 1125 406 xli

231 513 390 591 Tisiphone
403 511 593 573 madefactam
605 514 745 591 sanguine
758 514 846 573 sumit

152 607 322 685 Importuna
335 607 437 676 facem,
451 605 596 685 fluidoque
609 626 707 666 cruore
720 608 871 666 rubentem

151 699 292 759 Induitur
304 699 419 778 pallam,
433 710 565 778 tortoque
575 700 732 778 incingitur
741 722 844 778 angue,

151 794 370 872 Egrediturque
383 793 475 852 domo.
508 794 621 853 Luctus
635 795 787 854 comitatur
802 805 919 854 euntem

152 889 196 947 Et
210 889 312 958 Pavor,
326 899 357 948 et
372 888 486 959 Terror,
500 889 668 969 trepidoque
682 891 799 950 Insania
811 891 905 950 vultu.

77 1093 225 1157 Incessus
247 1093 368 1178 reginae
391 1094 541 1178 superbae
566 1095 776 1179 ejusdemque
798 1095 890 1159 iratae
915 1095 1058 1175 mirifice,
1079 1098 1121 1162 vi.

80 1213 151 1289 165,
167 1223 314 1277 notatus:

152 1346 232 1404 Eece
244 1346 325 1404 venit
339 1346 475 1405 comitum
489 1346 585 1405 Niobe
597 1346 782 1406 celeberrima
794 1350 889 1417 turba,

153 1440 296 1500 Vestibus
309 1442 422 1500 intexto
435 1441 570 1520 Phrygiis
583 1442 747 1520 spectabilis
760 1464 838 1513 auro,

153 1535 207 1603 Et,
221 1545 363 1612 quantum
376 1536 418 1593 ira
430 1535 511 1604 sinit,
525 1536 664 1606 formosa3
679 1557 850 1616 movensque
864 1538 964 1598 decoro

155 1628 232 1687 Cum
246 1629 339 1708 capite
348 1628 488 1704 immissos
501 1630 653 1688 humerum
666 1650 718 1708 per
732 1641 887 1710 utrumque
901 1632 1018 1711 capillos

154 1722 311 1781 Constitit:
332 1733 424 1802 utque
438 1722 534 1782 oculos
547 1723 726 1785 circumtulit
739 1725 798 1783 alta
811 1728 956 1805 superbos,
971 1737 1025 1786 etc.

76 1919 226 2003 Pugnam
249 1917 361 1982 Persei
386 1941 458 1984 curn
482 1917 590 1983 bellua
611 1920 743 1996 marina,
764 1922 804 1984 iv.
830 1923 904 1999 710,
924 1925 1123 1988 venationem

76 2039 153 2103 ferae
174 2037 356 2115 Thebanae,
371 2039 423 2102 vii.
441 2040 515 2116 765,
537 2049 571 2103 et
588 2040 658 2123 apri
680 2038 858 2122 Calydonii,
874 2043 936 2105 viii.
954 2044 1029 2119 329,
1052 2045 1123 2127 quis
1171 2066 1174 2070 ¹

77 2179 209 2220 narrare
222 2157 418 2241 ingeniosius
433 2158 555 2241 possiti
588 2155 702 2240 Byblis
717 2157 808 2221 fratri
828 2158 935 2224 literas
953 2163 1122 2245 scriptura,

78 2276 119 2339 ix.
137 2277 220 2340 521:

154 2419 269 2478 Dextra
280 2429 362 2477 tenet
375 2420 494 2487 ferrum,
507 2432 627 2479 vacuam
639 2431 720 2480 tenet
735 2421 826 2480 altera
839 2442 941 2480 ceram.

155 2514 264 2592 Incipit
279 2524 309 2573 et
323 2512 438 2572 dubitat
445 2536 454 2583 3
476 2515 574 2573 scribit
589 2514 761 2594 damnatque
775 2514 896 2574 tabellas
904 2539 914 2586 ,·

157 2609 200 2667 Et
213 2618 293 2667 notat
308 2618 337 2667 et
351 2607 446 2677 delet3
467 2617 571 2677 mutat,
586 2607 750 2687 culpatque,
764 2610 931 2687 probatque,

156 2702 250 2780 Inque
262 2703 355 2761 vicem
368 2712 477 2761 sumtas
490 2702 581 2781 ponit,
595 2702 757 2780 positasque
770 2703 898 2761 resumit.

82 2891 279 2979 Pygmalion,
295 2914 394 2976 quum
409 2901 547 2955 statuam
561 2912 651 2955 suam
665 2891 863 2969 absolvisset,
880 2915 912 2955 x.
929 2893 1012 2956 254:

159 3043 242 3122 Saepe
255 3063 357 3102 manus
370 3042 449 3121 operi
463 3052 611 3102 tentantes
624 3042 766 3112 admovet,
780 3064 818 3102 an
831 3045 869 3102 sit

157 3154 278 3232 Corpus,
292 3173 329 3212 an
342 3152 417 3211 illud
429 3154 517 3212 ebur:
539 3173 593 3212 nec
606 3154 677 3212 ebur
690 3164 787 3212 tamen
801 3174 862 3213 esse
875 3154 992 3212 fatetur.

157 3264 266 3322 Oscula
279 3264 338 3333 dat,
352 3263 490 3342 reddique
503 3274 604 3343 putat:
625 3262 810 3343 loquiturque
822 3275 970 3343 tenetque,

156 3375 199 3433 Et
213 3374 314 3444 credit,
328 3375 413 3434 tactis
426 3375 530 3454 digitos
543 3374 668 3434 insidere
681 3375 826 3444 membris,
903 3440 905 3446 s

156 3485 199 3546 Et
213 3486 328 3554 metuit,
341 3507 452 3565 pressos
464 3487 562 3547 veniat
574 3507 611 3546 ne
624 3486 696 3546 livor
709 3487 740 3544 in
754 3497 841 3546 artus.

82 3694 112 3747 et
125 3706 198 3768 quae
214 3682 308 3768 plura
321 3696 511 3770 sequuntur.
558 3685 706 3770 Myrrha,
722 3708 754 3748 x.
771 3685 846 3762 455,

157 3843 347 3923 Nutricisque
359 3866 476 3907 manum
490 3848 561 3906 laeva
572 3858 654 3907 tenet
665 3869 675 3916 ;
696 3847 785 3905 altera
798 3855 878 3903 motu

155 3954 277 4013 Coecum
294 3955 349 4015 iter
363 3956 510 4034 explorat:
532 3955 653 4015 thalami
663 3956 725 4032 jam
738 3953 839 4013 limina
853 3956 966 4032 tangit;

157 4064 283 4144 Jamque
299 4067 373 4126 fores
386 4067 496 4145 aperit;
513 4067 575 4144 jam
588 4065 704 4124 ducitur
716 4065 812 4123 intus:
834 4075 864 4122 at
878 4063 921 4122 illi

157 4173 273 4254 Poplite
286 4177 421 4249 succiduo
433 4195 528 4255 genua
540 4176 725 4245 intremuere,
739 4184 793 4233 etc.

125 4304 199 4348 von.
217 4305 266 4348 111.
856 4283 873 4346 f
