2812 5010
347 343 839 410 METAMORPHOSEON.
1063 351 1118 416 lvii

69 526 166 591 verat,
184 538 285 598 quum
304 515 410 599 ipsum
429 526 591 599 premeret
609 515 782 592 Hercules
802 517 843 580 de
863 516 1026 602 Dry'aoiro
1045 543 1113 586 cer·

68 643 145 696 tans.
195 631 292 696 Hanc
306 632 419 695 victori
433 632 466 695 in
480 633 617 715 patriam
632 635 781 697 redeunti
790 634 915 697 Nessus
929 658 1043 718 rapere
1058 661 1113 703 vo-

65 749 139 827 lnit;
165 749 225 812 sed
244 746 396 841 Herculis
419 749 536 832 sagitta
554 760 711 811 venenata
733 750 900 813 confossus
923 752 1050 829 cecidit,
1068 765 1112 831 et,

65 890 103 931 ne
126 865 250 930 inultus
270 866 403 948 periret,
418 877 520 949 raptae
536 876 655 929 vestem
672 865 763 947 dedit
783 868 938 950 sanguine
957 891 1016 932 suo
1034 872 1112 935 tinc-

63 995 136 1047 tam.
173 982 227 1046 Ea
241 982 392 1045 dubitans
407 979 570 1065 aliquanto
585 991 660 1064 post
674 982 715 1045 de
735 983 839 1045 mariti
854 1005 972 1060 amore,
990 996 1110 1050 vestem

64 1101 92 1165 ei
115 1101 203 1164 misit
226 1100 382 1174 eamdem,
409 1121 474 1182 qua
501 1099 633 1161 indutus
662 1121 762 1181 quum
790 1072 1059 1177 concremaretur,
1080 1113 1113 1166 et

64 1217 187 1280 Lichas
197 1215 334 1279 famulus
346 1217 387 1280 ab
399 1238 438 1279 eo
449 1238 509 1299 per
520 1216 595 1279 aera
606 1217 720 1279 missus
735 1217 768 1278 in
782 1239 895 1280 samum
906 1218 1111 1302 obriguisset,

65 1334 173 1418 periit,
196 1343 240 1408 et,
264 1342 416 1396 renouata
441 1334 511 1416 ejus
526 1334 634 1417 facio,
656 1333 689 1395 in
714 1332 832 1396 coelum
858 1343 906 1396 est
932 1335 1110 1398 traductus.
1201 1396 1203 1403 ,

57 1449 151 1514 ‘Tum
173 1448 326 1512 Alcmena
347 1459 450 1513 mater
474 1450 626 1525 adIolen
647 1472 764 1513 nurum
790 1473 824 1513 se
847 1450 993 1526 contulit,
1016 1451 1110 1535 eique

67 1566 297 1630 Galanthidem
318 1566 352 1628 in
370 1568 542 1641 mustehrm,
563 1578 597 1631 et
617 1566 670 1631 illa
687 1569 824 1631 vicissim
843 1567 1003 1652 Dryopen
1025 1591 1113 1632 soro-

64 1705 130 1747 rem
144 1705 238 1745 suam
251 1683 285 1744 in
297 1683 382 1746 loton
395 1663 580 1748 conversam
595 1689 744 1750 narravit.
780 1687 913 1749 Interim
927 1688 1112 1770 supervenit

64 1799 141 1882 ipsis
157 1798 282 1873 Iohrus,
299 1810 449 1882 reparata
469 1823 528 1884 per
548 1800 667 1865 Heben
675 1804 861 1886 juventute:
884 1803 918 1865 id
937 1803 1025 1884 quod
1047 1826 1111 1866 non

65 1939 157 2000 posse
179 1916 328 1980 omnibus
347 1919 546 2002 contingere,
567 1919 698 2004 Jupiter
713 1920 816 1983 AEaci
835 1919 984 2002 exemplo
1004 1921 1110 1983 docet.

65 2035 163 2098 Hunc
179 2033 306 2116 fugiens
322 2035 456 2099 Miletus
468 2037 501 2099 in
510 2035 622 2101 Asiam
636 2038 794 2112 discessit,
806 2047 839 2100 et
854 2037 1023 2120 Byhiidem
1038 2060 1112 2120 pro·

65 2152 184 2216 creavit
206 2160 304 2234 atque
330 2151 490 2245 Canauna·
512 2153 604 2237 cujus
628 2152 683 2215 illa
709 2152 870 2216 desiderio
896 2152 1057 2216 tabefacta
1080 2154 1112 2215 in
1195 2226 1198 2230 ¹

58 2268 180 2351 fontem
200 2268 334 2331 transiit.
371 2267 456 2340 Quae
472 2270 603 2353 quidem
619 2293 671 2334 res
688 2271 788 2353 magis
805 2270 885 2331 mira
904 2270 1028 2331 cunctis
1044 2271 1111 2349 visa

66 2397 159 2462 esset,
180 2386 243 2449 nisi
263 2383 362 2470 paulo
382 2396 456 2450 ante
476 2386 581 2470 Iphis,
602 2386 673 2469 ipso
696 2358 881 2469 nuptiarum
902 2384 967 2458 die,
992 2384 1111 2446 virilem

67 2525 175 2566 senum
189 2503 378 2586 accepisset.

106 2618 183 2682 Lib.
200 2617 245 2681 X.
262 2616 333 2712 ¹His
350 2616 470 2700 nuptiis
487 2618 543 2701 qui
562 2618 750 2685 interfuerat
773 2618 971 2703 Hymenaeus
990 2618 1031 2681 ad
1043 2617 1112 2699 Or·-

61 2737 175 2820 phenm
201 2736 333 2812 indese
355 2734 502 2811 contulit,
523 2735 582 2800 sed
605 2734 688 2800 malo
712 2736 827 2811 omine,
850 2734 1112 2818 quandoquidem

65 2875 138 2917 mox
164 2853 246 2917 obiit
271 2853 447 2937 Eurydice,
473 2875 579 2939 neque
613 2854 655 2917 ad
688 2874 822 2936 superos
854 2851 968 2929 reduci
994 2850 1109 2934 potuit.

65 2970 209 3035 Moerore
223 2972 323 3056 igitur
336 2969 505 3055 perculsus
521 2971 676 3056 Orpheus
694 2980 818 3033 montes
834 2967 991 3033 solitarios
1008 2967 1110 3050 petiit,

63 3070 138 3173 auo,
154 3112 236 3153 sono
249 3088 328 3172 lyrae
342 3091 412 3174 ejus
428 3088 585 3174 impulsae,
600 3097 808 3152 accurrerunt
825 3085 967 3159 arbores,
980 3093 1013 3146 et
1027 3084 1112 3146 inter

65 3217 197 3271 ceteras
205 3206 305 3304 pinus
319 3229 361 3271 ex
375 3207 445 3290 Aty
459 3218 556 3292 atque
569 3228 735 3291 cupressus
750 3227 768 3267 e
786 3202 963 3287 Cyparisso
977 3210 1109 3263 mutata.

64 3322 211 3387 Canebat
234 3332 342 3386 autem
363 3320 416 3386 ille
440 3322 482 3386 de
503 3296 600 3406 raptu
624 3319 830 3405 Ganymedis,
852 3319 894 3381 de
918 3316 1111 3400 Hyacinthi,

63 3440 102 3504 ab
117 3438 275 3523 Apolline
294 3441 390 3502 amati
409 3449 443 3502 et
461 3439 632 3514 interfecti,
654 3439 686 3500 in
705 3435 907 3520 hyacinthum
925 3433 1049 3507 florem,
1069 3432 1110 3494 de

66 3557 272 3620 (bracharum
282 3557 315 3620 in
326 3565 446 3631 tauros,
459 3556 501 3619 de
513 3554 772 3638 Propoetidarum
782 3552 815 3612 in
826 3549 961 3633 hrpides,
972 3549 1014 3610 de
1027 3547 1112 3629 Pyg-

62 3674 207 3739 malionis
226 3683 335 3738 statua
355 3675 389 3737 in
410 3673 568 3736 muherem
590 3672 692 3734 oioam
713 3668 812 3752 (unde
834 3676 928 3728 natus
954 3663 1111 3746 Paphon)

62 3792 102 3856 de
123 3791 286 3874 Myrrha,
308 3802 443 3876 propter
462 3791 619 3854 incestum
639 3810 712 3851 cum
730 3794 822 3868 patre
843 3780 1060 3855 concubitum,
1078 3779 1112 3841 in

63 3907 237 3992 Myrrham
254 3908 413 3983 arborem,
429 3916 527 3990 atque
547 3905 588 3969 de
603 3901 770 3975 Adonidis,
786 3899 839 3962 cui
852 3897 967 3962 Venus
982 3895 1112 3979 Hippo-

61 4024 159 4087 menis
170 4033 205 4087 et
213 4022 378 4087 Atohmtae
388 4023 421 4084 in
432 4020 552 4106 templo
561 4017 843 4086 concumbentium
851 4015 884 4077 in
896 4015 999 4078 leontos
1010 4023 1112 4076 trans·

63 4136 271 4205 formationes
286 4151 482 4218 narraverat,
498 4143 531 4204 in
545 4160 723 4204 anemonem
737 4134 923 4199 mutatione.

111 4279 187 4322 von.
205 4279 256 4323 nr.
835 4251 858 4313 h
