<?xml version="1.0" encoding="UTF-8"?>
<!DOCTYPE html PUBLIC "-//W3C//DTD XHTML 1.0 Transitional//EN"
    "http://www.w3.org/TR/xhtml1/DTD/xhtml1-transitional.dtd">
<html xmlns="http://www.w3.org/1999/xhtml" xml:lang="en" lang="en">
 <head>
  <title>
</title>
<meta http-equiv="Content-Type" content="text/html;charset=utf-8" />
  <meta name='ocr-system' content='tesseract 3.04.00' />
  <meta name='ocr-capabilities' content='ocr_page ocr_carea ocr_par ocr_line ocrx_word'/>
</head>
<body>
  <div class='ocr_page' id='page_1' title='image "./povidiinasoniso04burmgoog_0101.png"; bbox 0 0 2812 5010; ppageno 0'>
   <div class='ocr_carea' id='block_1_1' title="bbox 177 319 940 389">
    <p class='ocr_par' dir='ltr' id='par_1_1' title="bbox 177 319 940 389">
     <span class='ocr_line' id='line_1_1' title="bbox 177 319 940 389; baseline 0 -1"><span class='ocrx_word' id='word_1_1' title='bbox 177 323 220 388; x_wconf 92' lang='grc'>90</span> <span class='ocrx_word' id='word_1_2' title='bbox 247 358 250 363; x_wconf 89' lang='grc'><strong>-</strong></span> <span class='ocrx_word' id='word_1_3' title='bbox 480 321 519 389; x_wconf 90' lang='lat' dir='ltr'>P.</span> <span class='ocrx_word' id='word_1_4' title='bbox 543 319 705 387; x_wconf 88' lang='lat' dir='ltr'>OVIDII</span> <span class='ocrx_word' id='word_1_5' title='bbox 729 321 940 389; x_wconf 87' lang='lat' dir='ltr'><strong>NASONIS</strong></span> 
     </span>
    </p>
   </div>
   <div class='ocr_carea' id='block_1_2' title="bbox 177 497 1233 2223">
    <p class='ocr_par' dir='ltr' id='par_1_2' title="bbox 177 497 1233 2223">
     <span class='ocr_line' id='line_1_2' title="bbox 179 497 1232 595; baseline 0.003 -25"><span class='ocrx_word' id='word_1_6' title='bbox 179 498 348 574; x_wconf 85' lang='lat' dir='ltr'>Vertitur</span> <span class='ocrx_word' id='word_1_7' title='bbox 373 498 411 570; x_wconf 92' lang='lat' dir='ltr'>in</span> <span class='ocrx_word' id='word_1_8' title='bbox 438 497 626 594; x_wconf 89' lang='lat' dir='ltr'>pecudes:</span> <span class='ocrx_word' id='word_1_9' title='bbox 668 505 707 569; x_wconf 91' lang='lat' dir='ltr'>et</span> <span class='ocrx_word' id='word_1_10' title='bbox 733 522 831 571; x_wconf 89' lang='lat' dir='ltr'>nunc</span> <span class='ocrx_word' id='word_1_11' title='bbox 864 522 1017 595; x_wconf 91' lang='lat' dir='ltr'>quoque</span> <span class='ocrx_word' id='word_1_12' title='bbox 1048 497 1232 595; x_wconf 85' lang='lat' dir='ltr'>sanguine</span> 
     </span>
     <span class='ocr_line' id='line_1_3' title="bbox 332 614 1233 711; baseline -0.002 -23"><span class='ocrx_word' id='word_1_13' title='bbox 332 614 485 711; x_wconf 85' lang='lat' dir='ltr'>gaudet.</span> <span class='ocrx_word' id='word_1_14' title='bbox 673 669 675 675; x_wconf 68' lang='lat'>,</span> <span class='ocrx_word' id='word_1_15' title='bbox 1158 618 1233 687; x_wconf 88' lang='grc'>235</span> 
     </span>
     <span class='ocr_line' id='line_1_4' title="bbox 178 728 1015 818; baseline -0.004 -14"><span class='ocrx_word' id='word_1_16' title='bbox 178 731 224 804; x_wconf 93' lang='lat' dir='ltr'>In</span> <span class='ocrx_word' id='word_1_17' title='bbox 241 731 349 803; x_wconf 88' lang='lat' dir='ltr'>villos</span> <span class='ocrx_word' id='word_1_18' title='bbox 365 731 507 804; x_wconf 85' lang='lat' dir='ltr'>abeunt</span> <span class='ocrx_word' id='word_1_19' title='bbox 523 737 660 814; x_wconf 74' lang='lat' dir='ltr'>vesteS,</span> <span class='ocrx_word' id='word_1_20' title='bbox 680 728 718 799; x_wconf 92' lang='lat' dir='ltr'>iu</span> <span class='ocrx_word' id='word_1_21' title='bbox 737 752 845 802; x_wconf 87' lang='lat' dir='ltr'>crura</span> <span class='ocrx_word' id='word_1_22' title='bbox 862 729 992 803; x_wconf 88' lang='lat' dir='ltr'>lacerti</span> <span class='ocrx_word' id='word_1_23' title='bbox 1006 758 1015 818; x_wconf 92' lang='lat'>;</span> 
     </span>
     <span class='ocr_line' id='line_1_5' title="bbox 178 842 1072 944; baseline -0.002 -25"><span class='ocrx_word' id='word_1_24' title='bbox 178 847 240 921; x_wconf 91' lang='lat' dir='ltr'>Fit</span> <span class='ocrx_word' id='word_1_25' title='bbox 256 848 381 944; x_wconf 92' lang='lat' dir='ltr'>lupus,</span> <span class='ocrx_word' id='word_1_26' title='bbox 400 856 440 918; x_wconf 88' lang='lat' dir='ltr'>et</span> <span class='ocrx_word' id='word_1_27' title='bbox 455 842 591 917; x_wconf 90' lang='lat' dir='ltr'>veteris</span> <span class='ocrx_word' id='word_1_28' title='bbox 607 854 731 916; x_wconf 90' lang='lat' dir='ltr'>servat</span> <span class='ocrx_word' id='word_1_29' title='bbox 746 845 908 942; x_wconf 85' lang='lat' dir='ltr'>vestigia</span> <span class='ocrx_word' id='word_1_30' title='bbox 924 845 1072 933; x_wconf 83' lang='lat' dir='ltr'>formae3</span> 
     </span>
     <span class='ocr_line' id='line_1_6' title="bbox 178 957 1077 1049; baseline -0.004 -12"><span class='ocrx_word' id='word_1_31' title='bbox 178 964 346 1037; x_wconf 84' lang='lat' dir='ltr'>Canities</span> <span class='ocrx_word' id='word_1_32' title='bbox 365 957 497 1036; x_wconf 83' lang='lat' dir='ltr'>eadem</span> <span class='ocrx_word' id='word_1_33' title='bbox 516 970 585 1047; x_wconf 89' lang='lat' dir='ltr'>est,</span> <span class='ocrx_word' id='word_1_34' title='bbox 605 960 739 1034; x_wconf 88' lang='lat' dir='ltr'>eadem</span> <span class='ocrx_word' id='word_1_35' title='bbox 756 962 935 1037; x_wconf 89' lang='lat' dir='ltr'>violentia</span> <span class='ocrx_word' id='word_1_36' title='bbox 951 963 1077 1049; x_wconf 84' lang='lat' dir='ltr'>vultu3</span> 
     </span>
     <span class='ocr_line' id='line_1_7' title="bbox 179 1077 1046 1175; baseline -0.002 -22"><span class='ocrx_word' id='word_1_37' title='bbox 179 1079 288 1153; x_wconf 86' lang='lat' dir='ltr'><strong>Idem</strong></span> <span class='ocrx_word' id='word_1_38' title='bbox 306 1078 405 1153; x_wconf 93' lang='lat' dir='ltr'>oculi</span> <span class='ocrx_word' id='word_1_39' title='bbox 422 1078 562 1166; x_wconf 92' lang='lat' dir='ltr'>lucent,</span> <span class='ocrx_word' id='word_1_40' title='bbox 582 1078 717 1151; x_wconf 88' lang='lat' dir='ltr'>eadem</span> <span class='ocrx_word' id='word_1_41' title='bbox 734 1077 892 1153; x_wconf 88' lang='lat' dir='ltr'>feritatis</span> <span class='ocrx_word' id='word_1_42' title='bbox 911 1079 1046 1175; x_wconf 84' lang='lat' dir='ltr'>imago.</span> 
     </span>
     <span class='ocr_line' id='line_1_8' title="bbox 178 1193 1228 1292; baseline -0.005 -23"><span class='ocrx_word' id='word_1_43' title='bbox 178 1196 331 1269; x_wconf 88' lang='lat' dir='ltr'>Occidit</span> <span class='ocrx_word' id='word_1_44' title='bbox 342 1193 418 1268; x_wconf 87' lang='lat' dir='ltr'>una</span> <span class='ocrx_word' id='word_1_45' title='bbox 430 1195 582 1268; x_wconf 89' lang='lat' dir='ltr'>domus:</span> <span class='ocrx_word' id='word_1_46' title='bbox 603 1194 671 1268; x_wconf 88' lang='lat' dir='ltr'>sed</span> <span class='ocrx_word' id='word_1_47' title='bbox 685 1219 759 1267; x_wconf 89' lang='lat' dir='ltr'>non</span> <span class='ocrx_word' id='word_1_48' title='bbox 773 1195 908 1268; x_wconf 88' lang='lat' dir='ltr'>domus</span> <span class='ocrx_word' id='word_1_49' title='bbox 919 1219 994 1268; x_wconf 87' lang='lat' dir='ltr'>uua</span> <span class='ocrx_word' id='word_1_50' title='bbox 1005 1193 1127 1292; x_wconf 90' lang='lat' dir='ltr'>perire</span> <span class='ocrx_word' id='word_1_51' title='bbox 1151 1197 1228 1265; x_wconf 83' lang='grc'>240</span> 
     </span>
     <span class='ocr_line' id='line_1_9' title="bbox 179 1305 1228 1410; baseline -0.006 -25"><span class='ocrx_word' id='word_1_52' title='bbox 179 1312 304 1409; x_wconf 82' lang='lat' dir='ltr'>Digna</span> <span class='ocrx_word' id='word_1_53' title='bbox 320 1310 410 1400; x_wconf 90' lang='lat' dir='ltr'>fuit;</span> <span class='ocrx_word' id='word_1_54' title='bbox 440 1335 516 1409; x_wconf 88' lang='lat' dir='ltr'>qua</span> <span class='ocrx_word' id='word_1_55' title='bbox 533 1321 632 1384; x_wconf 92' lang='lat' dir='ltr'>terra</span> <span class='ocrx_word' id='word_1_56' title='bbox 649 1322 765 1410; x_wconf 86' lang='lat' dir='ltr'>patet,</span> <span class='ocrx_word' id='word_1_57' title='bbox 784 1311 863 1386; x_wconf 87' lang='lat' dir='ltr'>sera</span> <span class='ocrx_word' id='word_1_58' title='bbox 879 1322 1012 1408; x_wconf 84' lang='lat' dir='ltr'>regnat</span> <span class='ocrx_word' id='word_1_59' title='bbox 1030 1309 1208 1407; x_wconf 90' lang='lat' dir='ltr'>Erinnys.</span> <span class='ocrx_word' id='word_1_60' title='bbox 1223 1305 1228 1312; x_wconf 79' lang='grc'>’</span> 
     </span>
     <span class='ocr_line' id='line_1_10' title="bbox 179 1423 1145 1527; baseline -0.005 -24"><span class='ocrx_word' id='word_1_61' title='bbox 179 1430 224 1503; x_wconf 91' lang='lat' dir='ltr'>In</span> <span class='ocrx_word' id='word_1_62' title='bbox 242 1425 386 1504; x_wconf 84' lang='lat' dir='ltr'>facinus</span> <span class='ocrx_word' id='word_1_63' title='bbox 401 1432 548 1526; x_wconf 87' lang='lat' dir='ltr'>jurasse</span> <span class='ocrx_word' id='word_1_64' title='bbox 564 1440 694 1527; x_wconf 89' lang='lat' dir='ltr'>putes:</span> <span class='ocrx_word' id='word_1_65' title='bbox 724 1429 817 1502; x_wconf 90' lang='lat' dir='ltr'>dent</span> <span class='ocrx_word' id='word_1_66' title='bbox 834 1428 938 1502; x_wconf 92' lang='lat' dir='ltr'>ocius</span> <span class='ocrx_word' id='word_1_67' title='bbox 956 1452 1098 1512; x_wconf 67' lang='lat' dir='ltr'>omnes</span> <span class='ocrx_word' id='word_1_68' title='bbox 1142 1423 1145 1429; x_wconf 75' lang='grc'>’</span> 
     </span>
     <span class='ocr_line' id='line_1_11' title="bbox 179 1540 1152 1643; baseline -0.007 -22"><span class='ocrx_word' id='word_1_69' title='bbox 179 1546 284 1632; x_wconf 84' lang='lat' dir='ltr'>Quas</span> <span class='ocrx_word' id='word_1_70' title='bbox 300 1570 468 1619; x_wconf 89' lang='lat' dir='ltr'>meruere</span> <span class='ocrx_word' id='word_1_71' title='bbox 487 1544 565 1643; x_wconf 88' lang='lat' dir='ltr'>pati</span> <span class='ocrx_word' id='word_1_72' title='bbox 582 1544 653 1642; x_wconf 88' lang='lat' dir='ltr'>(sic</span> <span class='ocrx_word' id='word_1_73' title='bbox 672 1555 748 1618; x_wconf 89' lang='lat' dir='ltr'>stat</span> <span class='ocrx_word' id='word_1_74' title='bbox 765 1542 968 1638; x_wconf 85' lang='lat' dir='ltr'>sententia)</span> <span class='ocrx_word' id='word_1_75' title='bbox 983 1540 1152 1641; x_wconf 80' lang='lat' dir='ltr'>poenas”</span> 
     </span>
     <span class='ocr_line' id='line_1_12' title="bbox 228 1655 1225 1759; baseline -0.007 -24"><span class='ocrx_word' id='word_1_76' title='bbox 228 1663 343 1737; x_wconf 90' lang='lat' dir='ltr'>Dicta</span> <span class='ocrx_word' id='word_1_77' title='bbox 358 1661 462 1734; x_wconf 86' lang='lat' dir='ltr'>Jovis</span> <span class='ocrx_word' id='word_1_78' title='bbox 481 1684 567 1759; x_wconf 89' lang='lat' dir='ltr'>pars</span> <span class='ocrx_word' id='word_1_79' title='bbox 585 1684 676 1734; x_wconf 89' lang='lat' dir='ltr'>voce</span> <span class='ocrx_word' id='word_1_80' title='bbox 699 1663 872 1759; x_wconf 84' lang='lat' dir='ltr'>probant,</span> <span class='ocrx_word' id='word_1_81' title='bbox 893 1659 1144 1756; x_wconf 88' lang='lat' dir='ltr'>stimulosque</span> <span class='ocrx_word' id='word_1_82' title='bbox 1168 1655 1225 1729; x_wconf 91' lang='lat' dir='ltr'>fu-</span> 
     </span>
     <span class='ocr_line' id='line_1_13' title="bbox 177 1772 1228 1877; baseline -0.01 -25"><span class='ocrx_word' id='word_1_83' title='bbox 177 1779 394 1877; x_wconf 85' lang='lat' dir='ltr'>Adjiciunt3</span> <span class='ocrx_word' id='word_1_84' title='bbox 423 1775 485 1850; x_wconf 88' lang='lat' dir='ltr'>alii</span> <span class='ocrx_word' id='word_1_85' title='bbox 503 1787 628 1874; x_wconf 88' lang='lat' dir='ltr'>partes</span> <span class='ocrx_word' id='word_1_86' title='bbox 647 1776 869 1850; x_wconf 82' lang='lat' dir='ltr'>adsensibus</span> <span class='ocrx_word' id='word_1_87' title='bbox 888 1776 1058 1875; x_wconf 89' lang='lat' dir='ltr'>implent.</span> <span class='ocrx_word' id='word_1_88' title='bbox 1113 1772 1228 1868; x_wconf 91' lang='lat' dir='ltr'>[renti</span> 
     </span>
     <span class='ocr_line' id='line_1_14' title="bbox 179 1892 1226 1991; baseline -0.007 -24"><span class='ocrx_word' id='word_1_89' title='bbox 179 1894 250 1969; x_wconf 89' lang='lat' dir='ltr'>Est</span> <span class='ocrx_word' id='word_1_90' title='bbox 266 1905 393 1968; x_wconf 89' lang='lat' dir='ltr'>tamen</span> <span class='ocrx_word' id='word_1_91' title='bbox 412 1893 565 1966; x_wconf 89' lang='lat' dir='ltr'>humani</span> <span class='ocrx_word' id='word_1_92' title='bbox 583 1893 729 1990; x_wconf 86' lang='lat' dir='ltr'>generis</span> <span class='ocrx_word' id='word_1_93' title='bbox 743 1895 894 1991; x_wconf 88' lang='lat' dir='ltr'>jactura</span> <span class='ocrx_word' id='word_1_94' title='bbox 910 1893 1028 1966; x_wconf 90' lang='lat' dir='ltr'>dolori</span> <span class='ocrx_word' id='word_1_95' title='bbox 1151 1892 1226 1961; x_wconf 83' lang='lat'>246</span> 
     </span>
     <span class='ocr_line' id='line_1_15' title="bbox 180 2007 1142 2105; baseline -0.005 -22"><span class='ocrx_word' id='word_1_96' title='bbox 180 2010 364 2083; x_wconf 87' lang='lat' dir='ltr'>Omnibus</span> <span class='ocrx_word' id='word_1_97' title='bbox 374 2011 387 2082; x_wconf 55' lang='lat'>:‘</span> <span class='ocrx_word' id='word_1_98' title='bbox 412 2018 463 2094; x_wconf 91' lang='lat' dir='ltr'>et,</span> <span class='ocrx_word' id='word_1_99' title='bbox 484 2032 569 2105; x_wconf 89' lang='lat' dir='ltr'>quae</span> <span class='ocrx_word' id='word_1_100' title='bbox 588 2009 638 2081; x_wconf 92' lang='lat' dir='ltr'>sit</span> <span class='ocrx_word' id='word_1_101' title='bbox 652 2020 772 2096; x_wconf 83' lang='lat' dir='ltr'>terrae,</span> <span class='ocrx_word' id='word_1_102' title='bbox 792 2010 1011 2083; x_wconf 83' lang='lat' dir='ltr'>mortalibus</span> <span class='ocrx_word' id='word_1_103' title='bbox 1029 2007 1142 2092; x_wconf 89' lang='lat' dir='ltr'>orbae,</span> 
     </span>
     <span class='ocr_line' id='line_1_16' title="bbox 177 2125 1138 2223; baseline -0.003 -24"><span class='ocrx_word' id='word_1_104' title='bbox 177 2127 313 2200; x_wconf 88' lang='lat' dir='ltr'>Forma</span> <span class='ocrx_word' id='word_1_105' title='bbox 329 2126 465 2212; x_wconf 86' lang='lat' dir='ltr'>sutura,</span> <span class='ocrx_word' id='word_1_106' title='bbox 485 2125 642 2221; x_wconf 75' lang='lat' dir='ltr'>rogant?</span> <span class='ocrx_word' id='word_1_107' title='bbox 669 2127 754 2223; x_wconf 92' lang='lat' dir='ltr'>quis</span> <span class='ocrx_word' id='word_1_108' title='bbox 772 2125 821 2199; x_wconf 92' lang='lat' dir='ltr'>sit</span> <span class='ocrx_word' id='word_1_109' title='bbox 837 2126 980 2200; x_wconf 88' lang='lat' dir='ltr'>laturus</span> <span class='ocrx_word' id='word_1_110' title='bbox 998 2126 1036 2197; x_wconf 95' lang='lat' dir='ltr'>in</span> <span class='ocrx_word' id='word_1_111' title='bbox 1055 2147 1138 2197; x_wconf 90' lang='lat' dir='ltr'>aras</span> 
     </span>
    </p>
   </div>
   <div class='ocr_carea' id='block_1_3' title="bbox 148 2387 1227 4233">
    <p class='ocr_par' dir='ltr' id='par_1_3' title="bbox 148 2387 1227 4233">
     <span class='ocr_line' id='line_1_17' title="bbox 148 2387 1227 2459; baseline -0.006 -17"><span class='ocrx_word' id='word_1_112' title='bbox 148 2398 149 2402; x_wconf 76' lang='grc'>’</span> <span class='ocrx_word' id='word_1_113' title='bbox 175 2392 236 2458; x_wconf 81' lang='lat' dir='ltr'>gari,</span> <span class='ocrx_word' id='word_1_114' title='bbox 249 2392 384 2458; x_wconf 87' lang='lat' dir='ltr'>cupidinem</span> <span class='ocrx_word' id='word_1_115' title='bbox 392 2392 470 2441; x_wconf 85' lang='lat' dir='ltr'>vertit.</span> <span class='ocrx_word' id='word_1_116' title='bbox 502 2392 555 2441; x_wconf 91' lang='lat' dir='ltr'>Hoc</span> <span class='ocrx_word' id='word_1_117' title='bbox 566 2392 620 2458; x_wconf 91' lang='lat' dir='ltr'>plus</span> <span class='ocrx_word' id='word_1_118' title='bbox 630 2402 674 2451; x_wconf 91' lang='lat' dir='ltr'>est,</span> <span class='ocrx_word' id='word_1_119' title='bbox 725 2401 775 2442; x_wconf 91' lang='lat' dir='ltr'>tum</span> <span class='ocrx_word' id='word_1_120' title='bbox 796 2401 840 2442; x_wconf 88' lang='lat' dir='ltr'>est.</span> <span class='ocrx_word' id='word_1_121' title='bbox 873 2392 945 2459; x_wconf 89' lang='lat' dir='ltr'>Apud</span> <span class='ocrx_word' id='word_1_122' title='bbox 963 2391 1032 2455; x_wconf 87' lang='lat' dir='ltr'>Virg.</span> <span class='ocrx_word' id='word_1_123' title='bbox 1051 2391 1110 2439; x_wconf 88' lang='lat' dir='ltr'>AEn.</span> <span class='ocrx_word' id='word_1_124' title='bbox 1129 2387 1147 2436; x_wconf 89' lang='lat' dir='ltr'>i.</span> <span class='ocrx_word' id='word_1_125' title='bbox 1167 2389 1227 2437; x_wconf 76' lang='lat'>582.</span> 
     </span>
     <span class='ocr_line' id='line_1_18' title="bbox 178 2466 1111 2532; baseline -0.005 -16"><span class='ocrx_word' id='word_1_126' title='bbox 178 2472 258 2532; x_wconf 81' lang='lat' dir='ltr'>quam,</span> <span class='ocrx_word' id='word_1_127' title='bbox 270 2467 333 2532; x_wconf 92' lang='lat' dir='ltr'>quod</span> <span class='ocrx_word' id='word_1_128' title='bbox 345 2466 386 2516; x_wconf 85' lang='lat' dir='ltr'>alii</span> <span class='ocrx_word' id='word_1_129' title='bbox 396 2467 492 2524; x_wconf 86' lang='lat' dir='ltr'>habent,</span> <span class='ocrx_word' id='word_1_130' title='bbox 501 2470 579 2516; x_wconf 82' lang='lat' dir='ltr'>utitor</span> <span class='ocrx_word' id='word_1_131' title='bbox 584 2485 593 2527; x_wconf 88' lang='lat'>,·</span> <span class='ocrx_word' id='word_1_132' title='bbox 613 2467 674 2518; x_wconf 89' lang='lat' dir='ltr'>iudi·</span> <span class='ocrx_word' id='word_1_133' title='bbox 724 2467 807 2516; x_wconf 90' lang='lat' dir='ltr'>eodem</span> <span class='ocrx_word' id='word_1_134' title='bbox 817 2473 892 2532; x_wconf 92' lang='lat' dir='ltr'>tropo,</span> <span class='ocrx_word' id='word_1_135' title='bbox 903 2471 980 2531; x_wconf 76' lang='lat' dir='ltr'>surgit</span> <span class='ocrx_word' id='word_1_136' title='bbox 991 2467 1111 2514; x_wconf 76' lang='lat' dir='ltr'>sententia.</span> 
     </span>
     <span class='ocr_line' id='line_1_19' title="bbox 176 2538 1225 2606; baseline -0.005 -16"><span class='ocrx_word' id='word_1_137' title='bbox 176 2549 216 2590; x_wconf 85' lang='lat' dir='ltr'>cat</span> <span class='ocrx_word' id='word_1_138' title='bbox 236 2540 309 2599; x_wconf 89' lang='lat' dir='ltr'>enim,</span> <span class='ocrx_word' id='word_1_139' title='bbox 329 2557 384 2591; x_wconf 90' lang='lat' dir='ltr'>eum</span> <span class='ocrx_word' id='word_1_140' title='bbox 400 2541 453 2606; x_wconf 87' lang='lat' dir='ltr'>jam</span> <span class='ocrx_word' id='word_1_141' title='bbox 477 2548 532 2590; x_wconf 85' lang='lat' dir='ltr'>ante</span> <span class='ocrx_word' id='word_1_142' title='bbox 554 2541 675 2590; x_wconf 86' lang='lat' dir='ltr'>crudelem</span> <span class='ocrx_word' id='word_1_143' title='bbox 757 2542 814 2590; x_wconf 77' lang='lat'>244.</span> <span class='ocrx_word' id='word_1_144' title='bbox 836 2543 978 2598; x_wconf 72' lang='lat' dir='ltr'>Pars-otii,</span> <span class='ocrx_word' id='word_1_145' title='bbox 995 2538 1225 2588; x_wconf 77' lang='lat' dir='ltr'>etiamsolutaeora·</span> 
     </span>
     <span class='ocr_line' id='line_1_20' title="bbox 177 2612 1225 2680; baseline -0.003 -18"><span class='ocrx_word' id='word_1_146' title='bbox 177 2614 259 2663; x_wconf 89' lang='lat' dir='ltr'>fuisse.</span> <span class='ocrx_word' id='word_1_147' title='bbox 724 2615 799 2664; x_wconf 85' lang='lat' dir='ltr'>tionis</span> <span class='ocrx_word' id='word_1_148' title='bbox 816 2617 939 2680; x_wconf 82' lang='lat' dir='ltr'>scriptores</span> <span class='ocrx_word' id='word_1_149' title='bbox 958 2621 1050 2663; x_wconf 86' lang='lat' dir='ltr'>amant:</span> <span class='ocrx_word' id='word_1_150' title='bbox 1074 2612 1130 2661; x_wconf 84' lang='lat' dir='ltr'>vide</span> <span class='ocrx_word' id='word_1_151' title='bbox 1157 2612 1225 2662; x_wconf 89' lang='lat' dir='ltr'>Cort.</span> 
     </span>
     <span class='ocr_line' id='line_1_21' title="bbox 210 2685 1224 2752; baseline -0.003 -16"><span class='ocrx_word' id='word_1_152' title='bbox 210 2689 267 2736; x_wconf 82' lang='lat'>237.</span> <span class='ocrx_word' id='word_1_153' title='bbox 284 2687 385 2750; x_wconf 75' lang='lat' dir='ltr'>Servat]</span> <span class='ocrx_word' id='word_1_154' title='bbox 405 2687 451 2735; x_wconf 92' lang='lat' dir='ltr'>Illa</span> <span class='ocrx_word' id='word_1_155' title='bbox 462 2689 566 2752; x_wconf 80' lang='lat' dir='ltr'>vestigia,</span> <span class='ocrx_word' id='word_1_156' title='bbox 576 2694 604 2736; x_wconf 91' lang='lat' dir='ltr'>ut</span> <span class='ocrx_word' id='word_1_157' title='bbox 614 2686 676 2736; x_wconf 87' lang='lat' dir='ltr'>nitu-</span> <span class='ocrx_word' id='word_1_158' title='bbox 725 2689 756 2739; x_wconf 86' lang='lat' dir='ltr'>ad</span> <span class='ocrx_word' id='word_1_159' title='bbox 766 2689 863 2739; x_wconf 86' lang='lat' dir='ltr'>Sallust.</span> <span class='ocrx_word' id='word_1_160' title='bbox 872 2689 944 2740; x_wconf 90' lang='lat' dir='ltr'>Catil.</span> <span class='ocrx_word' id='word_1_161' title='bbox 950 2689 987 2738; x_wconf 88' lang='grc' dir='ltr'>ΙΙ.</span> <span class='ocrx_word' id='word_1_162' title='bbox 995 2688 1012 2737; x_wconf 93' lang='lat' dir='ltr'>i.</span> <span class='ocrx_word' id='word_1_163' title='bbox 1035 2687 1099 2744; x_wconf 85' lang='lat' dir='ltr'>Voce,</span> <span class='ocrx_word' id='word_1_164' title='bbox 1106 2685 1224 2745; x_wconf 85' lang='lat' dir='ltr'>oratione;</span> 
     </span>
     <span class='ocr_line' id='line_1_22' title="bbox 176 2760 1225 2826; baseline -0.002 -17"><span class='ocrx_word' id='word_1_165' title='bbox 176 2777 227 2810; x_wconf 88' lang='lat' dir='ltr'>rem</span> <span class='ocrx_word' id='word_1_166' title='bbox 243 2761 355 2826; x_wconf 87' lang='lat' dir='ltr'>Daphne,</span> <span class='ocrx_word' id='word_1_167' title='bbox 366 2777 416 2809; x_wconf 85' lang='lat' dir='ltr'>ver.</span> <span class='ocrx_word' id='word_1_168' title='bbox 427 2763 483 2811; x_wconf 75' lang='lat'>552.</span> <span class='ocrx_word' id='word_1_169' title='bbox 498 2761 601 2826; x_wconf 86' lang='lat' dir='ltr'>speciem</span> <span class='ocrx_word' id='word_1_170' title='bbox 618 2777 674 2810; x_wconf 90' lang='lat' dir='ltr'>can-</span> <span class='ocrx_word' id='word_1_171' title='bbox 725 2763 766 2812; x_wconf 84' lang='lat' dir='ltr'>alii</span> <span class='ocrx_word' id='word_1_172' title='bbox 773 2771 855 2812; x_wconf 87' lang='lat' dir='ltr'>contra</span> <span class='ocrx_word' id='word_1_173' title='bbox 864 2764 993 2812; x_wconf 89' lang='lat' dir='ltr'>orationem</span> <span class='ocrx_word' id='word_1_174' title='bbox 1001 2760 1143 2810; x_wconf 86' lang='lat' dir='ltr'>habentibus</span> <span class='ocrx_word' id='word_1_175' title='bbox 1150 2776 1225 2808; x_wconf 83' lang='lat' dir='ltr'>ossen·</span> 
     </span>
     <span class='ocr_line' id='line_1_23' title="bbox 176 2828 1225 2900; baseline -0.002 -17"><span class='ocrx_word' id='word_1_176' title='bbox 176 2834 257 2883; x_wconf 89' lang='lat' dir='ltr'>didam</span> <span class='ocrx_word' id='word_1_177' title='bbox 272 2836 308 2892; x_wconf 92' lang='lat' dir='ltr'>Io,</span> <span class='ocrx_word' id='word_1_178' title='bbox 319 2851 367 2883; x_wconf 84' lang='lat' dir='ltr'>ver.</span> <span class='ocrx_word' id='word_1_179' title='bbox 378 2836 434 2883; x_wconf 79' lang='lat'>612.</span> <span class='ocrx_word' id='word_1_180' title='bbox 468 2828 570 2884; x_wconf 65' lang='lat' dir='ltr'>canities</span> <span class='ocrx_word' id='word_1_181' title='bbox 583 2835 675 2900; x_wconf 88' lang='lat' dir='ltr'>proprie</span> <span class='ocrx_word' id='word_1_182' title='bbox 725 2841 825 2896; x_wconf 69' lang='lat' dir='ltr'>duntur,</span> <span class='ocrx_word' id='word_1_183' title='bbox 838 2846 864 2886; x_wconf 92' lang='lat' dir='ltr'>ut</span> <span class='ocrx_word' id='word_1_184' title='bbox 874 2838 924 2887; x_wconf 91' lang='lat' dir='ltr'>fieri</span> <span class='ocrx_word' id='word_1_185' title='bbox 937 2838 1029 2886; x_wconf 83' lang='lat' dir='ltr'>solebat</span> <span class='ocrx_word' id='word_1_186' title='bbox 1039 2836 1064 2884; x_wconf 91' lang='lat' dir='ltr'>in</span> <span class='ocrx_word' id='word_1_187' title='bbox 1078 2842 1162 2884; x_wconf 86' lang='lat' dir='ltr'>senatu</span> <span class='ocrx_word' id='word_1_188' title='bbox 1173 2834 1225 2882; x_wconf 86' lang='lat' dir='ltr'>Ro·</span> 
     </span>
     <span class='ocr_line' id='line_1_24' title="bbox 177 2907 1224 2978; baseline -0.002 -21"><span class='ocrx_word' id='word_1_189' title='bbox 177 2924 224 2957; x_wconf 88' lang='lat' dir='ltr'>non</span> <span class='ocrx_word' id='word_1_190' title='bbox 235 2908 280 2956; x_wconf 91' lang='lat' dir='ltr'>nisi</span> <span class='ocrx_word' id='word_1_191' title='bbox 290 2908 423 2956; x_wconf 88' lang='lat' dir='ltr'>homiuibus</span> <span class='ocrx_word' id='word_1_192' title='bbox 432 2918 457 2957; x_wconf 89' lang='lat' dir='ltr'>et</span> <span class='ocrx_word' id='word_1_193' title='bbox 471 2907 539 2972; x_wconf 85' lang='lat' dir='ltr'>equis</span> <span class='ocrx_word' id='word_1_194' title='bbox 549 2908 673 2957; x_wconf 89' lang='lat' dir='ltr'>tribuitur:</span> <span class='ocrx_word' id='word_1_195' title='bbox 724 2928 802 2970; x_wconf 83' lang='lat' dir='ltr'>mano,</span> <span class='ocrx_word' id='word_1_196' title='bbox 813 2913 854 2961; x_wconf 89' lang='lat' dir='ltr'>ubi</span> <span class='ocrx_word' id='word_1_197' title='bbox 870 2911 955 2978; x_wconf 86' lang='lat' dir='ltr'>triplex</span> <span class='ocrx_word' id='word_1_198' title='bbox 973 2908 1117 2960; x_wconf 84' lang='lat' dir='ltr'>assentiendi</span> <span class='ocrx_word' id='word_1_199' title='bbox 1130 2907 1224 2964; x_wconf 86' lang='lat' dir='ltr'>modus,</span> 
     </span>
     <span class='ocr_line' id='line_1_25' title="bbox 177 2980 1225 3047; baseline -0.009 -10"><span class='ocrx_word' id='word_1_200' title='bbox 177 2981 243 3030; x_wconf 73' lang='lat' dir='ltr'>Plin·</span> <span class='ocrx_word' id='word_1_201' title='bbox 256 2983 288 3030; x_wconf 80' lang='lat' dir='ltr'>H·</span> <span class='ocrx_word' id='word_1_202' title='bbox 299 2982 333 3031; x_wconf 86' lang='lat' dir='ltr'>N·</span> <span class='ocrx_word' id='word_1_203' title='bbox 343 2981 375 3029; x_wconf 74' lang='lat' dir='ltr'>xl·</span> <span class='ocrx_word' id='word_1_204' title='bbox 387 2983 427 3030; x_wconf 84' lang='lat'>37·</span> <span class='ocrx_word' id='word_1_205' title='bbox 460 2981 508 3030; x_wconf 77' lang='lat' dir='ltr'>Sed</span> <span class='ocrx_word' id='word_1_206' title='bbox 524 2981 548 3029; x_wconf 81' lang='lat' dir='ltr'>h·</span> <span class='ocrx_word' id='word_1_207' title='bbox 559 2982 575 3029; x_wconf 89' lang='lat' dir='ltr'>l·</span> <span class='ocrx_word' id='word_1_208' title='bbox 587 2980 675 3030; x_wconf 72' lang='lat' dir='ltr'>intelli·</span> <span class='ocrx_word' id='word_1_209' title='bbox 724 2987 812 3044; x_wconf 85' lang='lat' dir='ltr'>verbis,</span> <span class='ocrx_word' id='word_1_210' title='bbox 821 2996 880 3037; x_wconf 91' lang='lat' dir='ltr'>uutu</span> <span class='ocrx_word' id='word_1_211' title='bbox 888 2994 912 3036; x_wconf 86' lang='lat' dir='ltr'>et</span> <span class='ocrx_word' id='word_1_212' title='bbox 920 2986 1102 3040; x_wconf 84' lang='lat' dir='ltr'>sublatamanu,</span> <span class='ocrx_word' id='word_1_213' title='bbox 1110 2981 1225 3047; x_wconf 87' lang='lat' dir='ltr'>pedibus:</span> 
     </span>
     <span class='ocr_line' id='line_1_26' title="bbox 176 3055 1225 3122; baseline 0 -18"><span class='ocrx_word' id='word_1_214' title='bbox 176 3057 239 3122; x_wconf 84' lang='lat' dir='ltr'>gitur</span> <span class='ocrx_word' id='word_1_215' title='bbox 259 3055 321 3105; x_wconf 91' lang='lat' dir='ltr'>color</span> <span class='ocrx_word' id='word_1_216' title='bbox 342 3055 455 3113; x_wconf 89' lang='lat' dir='ltr'>cinereus,</span> <span class='ocrx_word' id='word_1_217' title='bbox 475 3072 547 3121; x_wconf 92' lang='lat' dir='ltr'>quem</span> <span class='ocrx_word' id='word_1_218' title='bbox 572 3055 676 3104; x_wconf 83' lang='lat' dir='ltr'>referunt</span> <span class='ocrx_word' id='word_1_219' title='bbox 725 3060 779 3110; x_wconf 82' lang='lat' dir='ltr'>vide</span> <span class='ocrx_word' id='word_1_220' title='bbox 802 3061 868 3110; x_wconf 78' lang='lat' dir='ltr'>cort.</span> <span class='ocrx_word' id='word_1_221' title='bbox 891 3059 921 3108; x_wconf 85' lang='lat' dir='ltr'>ad</span> <span class='ocrx_word' id='word_1_222' title='bbox 939 3059 1036 3108; x_wconf 85' lang='lat' dir='ltr'>Sallust.</span> <span class='ocrx_word' id='word_1_223' title='bbox 1054 3056 1128 3106; x_wconf 88' lang='lat' dir='ltr'>Catil.</span> <span class='ocrx_word' id='word_1_224' title='bbox 1149 3056 1177 3103; x_wconf 88' lang='lat' dir='ltr'>L.</span> <span class='ocrx_word' id='word_1_225' title='bbox 1200 3055 1225 3102; x_wconf 84' lang='grc'>4.</span> 
     </span>
     <span class='ocr_line' id='line_1_27' title="bbox 176 3129 1225 3197; baseline -0.003 -18"><span class='ocrx_word' id='word_1_226' title='bbox 176 3130 229 3179; x_wconf 91' lang='lat' dir='ltr'>villi</span> <span class='ocrx_word' id='word_1_227' title='bbox 249 3130 334 3195; x_wconf 88' lang='lat' dir='ltr'>lupini.</span> <span class='ocrx_word' id='word_1_228' title='bbox 367 3130 431 3179; x_wconf 89' lang='lat' dir='ltr'>Hinc</span> <span class='ocrx_word' id='word_1_229' title='bbox 451 3131 534 3180; x_wconf 72' lang='grc' dir='ltr'>πολιοὶ</span> <span class='ocrx_word' id='word_1_230' title='bbox 555 3129 633 3186; x_wconf 75' lang='grc' dir='ltr'><strong>λύκοι,</strong></span> <span class='ocrx_word' id='word_1_231' title='bbox 649 3139 676 3179; x_wconf 90' lang='lat' dir='ltr'>ut</span> <span class='ocrx_word' id='word_1_232' title='bbox 725 3136 948 3197; x_wconf 71' lang='lat' dir='ltr'>Stimotot&#39;odficere,</span> <span class='ocrx_word' id='word_1_233' title='bbox 958 3131 1033 3196; x_wconf 85' lang='lat' dir='ltr'>magis</span> <span class='ocrx_word' id='word_1_234' title='bbox 1043 3130 1115 3179; x_wconf 86' lang='lat' dir='ltr'>etiam</span> <span class='ocrx_word' id='word_1_235' title='bbox 1126 3129 1225 3185; x_wconf 87' lang='lat' dir='ltr'>irritare,</span> 
     </span>
     <span class='ocr_line' id='line_1_28' title="bbox 175 3203 1226 3275; baseline 0 -23"><span class='ocrx_word' id='word_1_236' title='bbox 175 3203 240 3269; x_wconf 85' lang='lat' dir='ltr'>apud</span> <span class='ocrx_word' id='word_1_237' title='bbox 260 3204 357 3253; x_wconf 87' lang='lat' dir='ltr'>Homer.</span> <span class='ocrx_word' id='word_1_238' title='bbox 373 3203 403 3252; x_wconf 90' lang='lat' dir='ltr'>Il.</span> <span class='ocrx_word' id='word_1_239' title='bbox 422 3222 444 3252; x_wconf 79' lang='grc' dir='ltr'>κ.</span> <span class='ocrx_word' id='word_1_240' title='bbox 463 3206 520 3252; x_wconf 89' lang='grc'><strong>334.</strong></span> <span class='ocrx_word' id='word_1_241' title='bbox 537 3203 579 3252; x_wconf 92' lang='lat' dir='ltr'>ubi</span> <span class='ocrx_word' id='word_1_242' title='bbox 596 3203 675 3252; x_wconf 86' lang='lat' dir='ltr'>Schol.</span> <span class='ocrx_word' id='word_1_243' title='bbox 724 3208 862 3275; x_wconf 87' lang='lat' dir='ltr'>metaphora</span> <span class='ocrx_word' id='word_1_244' title='bbox 872 3224 886 3257; x_wconf 91' lang='lat' dir='ltr'>a</span> <span class='ocrx_word' id='word_1_245' title='bbox 896 3209 974 3256; x_wconf 86' lang='lat' dir='ltr'>bubus</span> <span class='ocrx_word' id='word_1_246' title='bbox 984 3206 1065 3254; x_wconf 83' lang='lat' dir='ltr'>ducta.</span> <span class='ocrx_word' id='word_1_247' title='bbox 1099 3205 1189 3270; x_wconf 69' lang='lat' dir='ltr'>Furere</span> <span class='ocrx_word' id='word_1_248' title='bbox 1200 3212 1226 3252; x_wconf 88' lang='lat' dir='ltr'>et</span> 
     </span>
     <span class='ocr_line' id='line_1_29' title="bbox 178 3276 1224 3348; baseline -0.004 -19"><span class='ocrx_word' id='word_1_249' title='bbox 178 3280 266 3337; x_wconf 76' lang='grc' dir='ltr'>πολιὸς</span> <span class='ocrx_word' id='word_1_250' title='bbox 285 3278 451 3343; x_wconf 86' lang='lat' dir='ltr'>iuterpretatur</span> <span class='ocrx_word' id='word_1_251' title='bbox 471 3276 603 3343; x_wconf 76' lang='grc' dir='ltr'><strong><em>τεφρώδης,</em></strong></span> <span class='ocrx_word' id='word_1_252' title='bbox 620 3277 637 3326; x_wconf 88' lang='lat' dir='ltr'>i.</span> <span class='ocrx_word' id='word_1_253' title='bbox 654 3295 676 3326; x_wconf 93' lang='lat' dir='ltr'>e.</span> <span class='ocrx_word' id='word_1_254' title='bbox 717 3282 791 3347; x_wconf 82' lang='lat' dir='ltr'>furor</span> <span class='ocrx_word' id='word_1_255' title='bbox 811 3282 904 3348; x_wconf 87' lang='lat' dir='ltr'>proprie</span> <span class='ocrx_word' id='word_1_256' title='bbox 923 3282 953 3331; x_wconf 90' lang='lat' dir='ltr'>de</span> <span class='ocrx_word' id='word_1_257' title='bbox 970 3281 1048 3330; x_wconf 84' lang='lat' dir='ltr'>iratis:</span> <span class='ocrx_word' id='word_1_258' title='bbox 1066 3279 1120 3327; x_wconf 88' lang='lat' dir='ltr'>vide</span> <span class='ocrx_word' id='word_1_259' title='bbox 1132 3279 1224 3326; x_wconf 38' lang='lat' dir='ltr'>*Burni</span> 
     </span>
     <span class='ocr_line' id='line_1_30' title="bbox 176 3351 1222 3419; baseline 0.003 -16"><span class='ocrx_word' id='word_1_260' title='bbox 176 3354 291 3404; x_wconf 88' lang='lat' dir='ltr'>cinereus.</span> <span class='ocrx_word' id='word_1_261' title='bbox 314 3353 382 3401; x_wconf 81' lang='lat' dir='ltr'>Oculi</span> <span class='ocrx_word' id='word_1_262' title='bbox 392 3352 442 3419; x_wconf 89' lang='lat' dir='ltr'>lupi</span> <span class='ocrx_word' id='word_1_263' title='bbox 453 3356 526 3402; x_wconf 88' lang='lat' dir='ltr'>etiam</span> <span class='ocrx_word' id='word_1_264' title='bbox 536 3351 561 3399; x_wconf 91' lang='lat' dir='ltr'>in</span> <span class='ocrx_word' id='word_1_265' title='bbox 571 3352 676 3402; x_wconf 88' lang='lat' dir='ltr'>tenebris</span> <span class='ocrx_word' id='word_1_266' title='bbox 725 3357 772 3405; x_wconf 89' lang='lat' dir='ltr'>Sed</span> <span class='ocrx_word' id='word_1_267' title='bbox 792 3373 836 3406; x_wconf 89' lang='lat' dir='ltr'>nec</span> <span class='ocrx_word' id='word_1_268' title='bbox 857 3356 899 3405; x_wconf 87' lang='lat' dir='ltr'>illa</span> <span class='ocrx_word' id='word_1_269' title='bbox 917 3355 1025 3413; x_wconf 87' lang='lat' dir='ltr'>irritatio,</span> <span class='ocrx_word' id='word_1_270' title='bbox 1046 3370 1090 3403; x_wconf 90' lang='lat' dir='ltr'>neo</span> <span class='ocrx_word' id='word_1_271' title='bbox 1112 3352 1222 3406; x_wconf 76' lang='lat' dir='ltr'>formula.</span> 
     </span>
     <span class='ocr_line' id='line_1_31' title="bbox 175 3427 1226 3496; baseline -0.001 -19"><span class='ocrx_word' id='word_1_272' title='bbox 175 3431 261 3478; x_wconf 82' lang='lat' dir='ltr'>luceat.</span> <span class='ocrx_word' id='word_1_273' title='bbox 400 3430 404 3438; x_wconf 84' lang='lat'>&#39;</span> <span class='ocrx_word' id='word_1_274' title='bbox 725 3447 773 3494; x_wconf 88' lang='lat' dir='ltr'>qua</span> <span class='ocrx_word' id='word_1_275' title='bbox 789 3447 900 3496; x_wconf 83' lang='lat' dir='ltr'>expressa</span> <span class='ocrx_word' id='word_1_276' title='bbox 916 3440 959 3488; x_wconf 89' lang='lat' dir='ltr'>est,</span> <span class='ocrx_word' id='word_1_277' title='bbox 971 3430 1028 3478; x_wconf 87' lang='lat' dir='ltr'>satis</span> <span class='ocrx_word' id='word_1_278' title='bbox 1042 3429 1115 3493; x_wconf 80' lang='lat' dir='ltr'>digne</span> <span class='ocrx_word' id='word_1_279' title='bbox 1128 3427 1226 3476; x_wconf 88' lang='lat' dir='ltr'>videtur</span> 
     </span>
     <span class='ocr_line' id='line_1_32' title="bbox 164 3501 1223 3572; baseline -0.001 -22"><span class='ocrx_word' id='word_1_280' title='bbox 164 3510 166 3514; x_wconf 72' lang='grc'><strong>“</strong></span> <span class='ocrx_word' id='word_1_281' title='bbox 208 3503 264 3550; x_wconf 78' lang='lat'>241.</span> <span class='ocrx_word' id='word_1_282' title='bbox 281 3501 571 3572; x_wconf 61' lang='lat' dir='ltr'>feroregnotEainnys]</span> <span class='ocrx_word' id='word_1_283' title='bbox 591 3501 674 3550; x_wconf 89' lang='lat' dir='ltr'>Homi-</span> <span class='ocrx_word' id='word_1_284' title='bbox 724 3504 790 3553; x_wconf 89' lang='lat' dir='ltr'>Jovis</span> <span class='ocrx_word' id='word_1_285' title='bbox 803 3506 935 3571; x_wconf 82' lang='lat' dir='ltr'>majestate.</span> <span class='ocrx_word' id='word_1_286' title='bbox 970 3506 1052 3552; x_wconf 84' lang='lat' dir='ltr'>Partes</span> <span class='ocrx_word' id='word_1_287' title='bbox 1065 3505 1168 3565; x_wconf 84' lang='lat' dir='ltr'>implent,</span> <span class='ocrx_word' id='word_1_288' title='bbox 1180 3501 1223 3549; x_wconf 90' lang='lat' dir='ltr'>ad-</span> 
     </span>
     <span class='ocr_line' id='line_1_33' title="bbox 166 3575 1223 3645; baseline -0.004 -19"><span class='ocrx_word' id='word_1_289' title='bbox 166 3594 218 3644; x_wconf 16' lang='lat' dir='ltr'>unes</span> <span class='ocrx_word' id='word_1_290' title='bbox 238 3577 320 3627; x_wconf 77' lang='lat' dir='ltr'>furunt</span> <span class='ocrx_word' id='word_1_291' title='bbox 339 3575 468 3642; x_wconf 86' lang='lat' dir='ltr'>impietate.</span> <span class='ocrx_word' id='word_1_292' title='bbox 511 3576 587 3625; x_wconf 75' lang='lat' dir='ltr'>Furiae</span> <span class='ocrx_word' id='word_1_293' title='bbox 612 3577 675 3624; x_wconf 88' lang='lat' dir='ltr'>enim</span> <span class='ocrx_word' id='word_1_294' title='bbox 724 3578 785 3627; x_wconf 92' lang='lat' dir='ltr'>dunt</span> <span class='ocrx_word' id='word_1_295' title='bbox 806 3596 831 3628; x_wconf 91' lang='lat' dir='ltr'>se</span> <span class='ocrx_word' id='word_1_296' title='bbox 852 3580 958 3645; x_wconf 88' lang='lat' dir='ltr'>partibus</span> <span class='ocrx_word' id='word_1_297' title='bbox 977 3579 1028 3644; x_wconf 88' lang='lat' dir='ltr'>ejus</span> <span class='ocrx_word' id='word_1_298' title='bbox 1048 3577 1149 3626; x_wconf 87' lang='lat' dir='ltr'>adsensu</span> <span class='ocrx_word' id='word_1_299' title='bbox 1171 3591 1223 3623; x_wconf 91' lang='lat' dir='ltr'>suo.</span> 
     </span>
     <span class='ocr_line' id='line_1_34' title="bbox 175 3648 1222 3717; baseline -0.004 -17"><span class='ocrx_word' id='word_1_300' title='bbox 175 3652 282 3700; x_wconf 87' lang='lat' dir='ltr'>homines</span> <span class='ocrx_word' id='word_1_301' title='bbox 291 3652 317 3700; x_wconf 87' lang='lat' dir='ltr'>in</span> <span class='ocrx_word' id='word_1_302' title='bbox 326 3650 428 3700; x_wconf 74' lang='lat' dir='ltr'>furorem</span> <span class='ocrx_word' id='word_1_303' title='bbox 439 3658 463 3699; x_wconf 87' lang='lat' dir='ltr'>et</span> <span class='ocrx_word' id='word_1_304' title='bbox 473 3651 498 3698; x_wconf 89' lang='lat' dir='ltr'>iu</span> <span class='ocrx_word' id='word_1_305' title='bbox 510 3651 600 3700; x_wconf 85' lang='lat' dir='ltr'>scelera</span> <span class='ocrx_word' id='word_1_306' title='bbox 610 3666 675 3699; x_wconf 88' lang='lat' dir='ltr'>com·</span> <span class='ocrx_word' id='word_1_307' title='bbox 724 3653 780 3710; x_wconf 87' lang='lat' dir='ltr'>Sed,</span> <span class='ocrx_word' id='word_1_308' title='bbox 790 3662 818 3702; x_wconf 92' lang='lat' dir='ltr'>ut</span> <span class='ocrx_word' id='word_1_309' title='bbox 828 3654 862 3711; x_wconf 87' lang='lat' dir='ltr'>fit,</span> <span class='ocrx_word' id='word_1_310' title='bbox 869 3662 943 3702; x_wconf 86' lang='lat' dir='ltr'>restat</span> <span class='ocrx_word' id='word_1_311' title='bbox 952 3652 1084 3717; x_wconf 86' lang='lat' dir='ltr'>scrupulus,</span> <span class='ocrx_word' id='word_1_312' title='bbox 1096 3665 1168 3714; x_wconf 87' lang='lat' dir='ltr'>quem</span> <span class='ocrx_word' id='word_1_313' title='bbox 1176 3648 1222 3697; x_wconf 90' lang='lat' dir='ltr'>sibi</span> 
     </span>
     <span class='ocr_line' id='line_1_35' title="bbox 174 3724 1223 3792; baseline -0.004 -18"><span class='ocrx_word' id='word_1_314' title='bbox 174 3727 276 3792; x_wconf 84' lang='lat' dir='ltr'>pellunt.</span> <span class='ocrx_word' id='word_1_315' title='bbox 304 3724 531 3788; x_wconf 64' lang='lat' dir='ltr'>Eonnyedvrtrot</span> <span class='ocrx_word' id='word_1_316' title='bbox 546 3724 687 3790; x_wconf 66' lang='lat' dir='ltr'>iptvvbew,</span> <span class='ocrx_word' id='word_1_317' title='bbox 725 3727 876 3776; x_wconf 83' lang='lat' dir='ltr'>eximendum</span> <span class='ocrx_word' id='word_1_318' title='bbox 886 3727 941 3777; x_wconf 86' lang='lat' dir='ltr'>Jovi</span> <span class='ocrx_word' id='word_1_319' title='bbox 954 3733 1095 3791; x_wconf 89' lang='lat' dir='ltr'>proponunt.</span> <span class='ocrx_word' id='word_1_320' title='bbox 1128 3724 1171 3771; x_wconf 84' lang='lat' dir='ltr'>Est</span> <span class='ocrx_word' id='word_1_321' title='bbox 1187 3732 1223 3771; x_wconf 88' lang='lat' dir='ltr'>to·</span> 
     </span>
     <span class='ocr_line' id='line_1_36' title="bbox 177 3796 1223 3866; baseline -0.006 -17"><span class='ocrx_word' id='word_1_322' title='bbox 177 3801 208 3849; x_wconf 90' lang='lat' dir='ltr'>ab</span> <span class='ocrx_word' id='word_1_323' title='bbox 226 3799 358 3856; x_wconf 84' lang='lat' dir='ltr'>irascendo,</span> <span class='ocrx_word' id='word_1_324' title='bbox 374 3799 453 3849; x_wconf 72' lang='lat' dir='ltr'>dictat</span> <span class='ocrx_word' id='word_1_325' title='bbox 472 3799 574 3848; x_wconf 85' lang='lat' dir='ltr'>Pausau.</span> <span class='ocrx_word' id='word_1_326' title='bbox 585 3798 634 3848; x_wconf 91' lang='lat' dir='ltr'>viii.</span> <span class='ocrx_word' id='word_1_327' title='bbox 648 3817 672 3865; x_wconf 94' lang='lat' dir='ltr'>p.</span> <span class='ocrx_word' id='word_1_328' title='bbox 723 3817 772 3850; x_wconf 80' lang='lat' dir='ltr'>men</span> <span class='ocrx_word' id='word_1_329' title='bbox 789 3803 882 3849; x_wconf 83' lang='lat' dir='ltr'>hamoni</span> <span class='ocrx_word' id='word_1_330' title='bbox 897 3802 985 3866; x_wconf 74' lang='lat' dir='ltr'>generis</span> <span class='ocrx_word' id='word_1_331' title='bbox 994 3802 1102 3862; x_wconf 82' lang='lat' dir='ltr'>jactura.</span> <span class='ocrx_word' id='word_1_332' title='bbox 1125 3796 1223 3845; x_wconf 84' lang='lat' dir='ltr'>Scribit</span> 
     </span>
     <span class='ocr_line' id='line_1_37' title="bbox 175 3873 1223 3938; baseline -0.004 -16"><span class='ocrx_word' id='word_1_333' title='bbox 175 3875 231 3923; x_wconf 79' lang='lat'>649.</span> <span class='ocrx_word' id='word_1_334' title='bbox 249 3874 398 3938; x_wconf 77' lang='lat' dir='ltr'>Ferarcgnot</span> <span class='ocrx_word' id='word_1_335' title='bbox 407 3874 517 3937; x_wconf 76' lang='lat' dir='ltr'>Erinnys.</span> <span class='ocrx_word' id='word_1_336' title='bbox 536 3875 612 3922; x_wconf 88' lang='lat' dir='ltr'>Plena</span> <span class='ocrx_word' id='word_1_337' title='bbox 618 3883 674 3922; x_wconf 91' lang='lat' dir='ltr'>sunt</span> <span class='ocrx_word' id='word_1_338' title='bbox 723 3875 793 3924; x_wconf 84' lang='lat' dir='ltr'>Plato</span> <span class='ocrx_word' id='word_1_339' title='bbox 803 3873 881 3924; x_wconf 89' lang='lat' dir='ltr'>omnia</span> <span class='ocrx_word' id='word_1_340' title='bbox 897 3873 1016 3922; x_wconf 90' lang='lat' dir='ltr'>homiuum</span> <span class='ocrx_word' id='word_1_341' title='bbox 1028 3887 1101 3921; x_wconf 86' lang='lat' dir='ltr'>causa</span> <span class='ocrx_word' id='word_1_342' title='bbox 1112 3886 1223 3936; x_wconf 86' lang='lat' dir='ltr'>procrea·</span> 
     </span>
     <span class='ocr_line' id='line_1_38' title="bbox 174 3944 1224 4014; baseline -0.005 -18"><span class='ocrx_word' id='word_1_343' title='bbox 174 3947 253 3996; x_wconf 86' lang='lat' dir='ltr'>omnia</span> <span class='ocrx_word' id='word_1_344' title='bbox 264 3947 389 3995; x_wconf 89' lang='lat' dir='ltr'>scelerum.</span> <span class='ocrx_word' id='word_1_345' title='bbox 411 3948 450 3995; x_wconf 88' lang='lat' dir='ltr'>De</span> <span class='ocrx_word' id='word_1_346' title='bbox 458 3947 593 4011; x_wconf 84' lang='lat' dir='ltr'>Erinnybus</span> <span class='ocrx_word' id='word_1_347' title='bbox 604 3949 673 3997; x_wconf 89' lang='lat' dir='ltr'>Fusc.</span> <span class='ocrx_word' id='word_1_348' title='bbox 723 3958 761 4009; x_wconf 86' lang='lat' dir='ltr'>ta;</span> <span class='ocrx_word' id='word_1_349' title='bbox 778 3948 885 3997; x_wconf 87' lang='lat' dir='ltr'>homines</span> <span class='ocrx_word' id='word_1_350' title='bbox 900 3956 994 4014; x_wconf 89' lang='lat' dir='ltr'>propter</span> <span class='ocrx_word' id='word_1_351' title='bbox 1005 3948 1079 4003; x_wconf 85' lang='lat' dir='ltr'>Deos,</span> <span class='ocrx_word' id='word_1_352' title='bbox 1089 3953 1116 3994; x_wconf 92' lang='lat' dir='ltr'>ut</span> <span class='ocrx_word' id='word_1_353' title='bbox 1127 3944 1151 3992; x_wconf 91' lang='lat' dir='ltr'>hi</span> <span class='ocrx_word' id='word_1_354' title='bbox 1166 3959 1224 4008; x_wconf 87' lang='lat' dir='ltr'>cog-</span> 
     </span>
     <span class='ocr_line' id='line_1_39' title="bbox 175 4020 1224 4087; baseline -0.001 -18"><span class='ocrx_word' id='word_1_355' title='bbox 175 4020 279 4078; x_wconf 83' lang='lat' dir='ltr'>Natalis,</span> <span class='ocrx_word' id='word_1_356' title='bbox 289 4020 333 4068; x_wconf 90' lang='lat' dir='ltr'>lib.</span> <span class='ocrx_word' id='word_1_357' title='bbox 345 4020 379 4069; x_wconf 91' lang='lat' dir='ltr'>iii.</span> <span class='ocrx_word' id='word_1_358' title='bbox 390 4037 442 4086; x_wconf 87' lang='lat' dir='ltr'>cap.</span> <span class='ocrx_word' id='word_1_359' title='bbox 454 4038 477 4069; x_wconf 82' lang='lat' dir='ltr'>x.</span> <span class='ocrx_word' id='word_1_360' title='bbox 506 4022 603 4070; x_wconf 66' lang='lat' dir='ltr'>Eaedem</span> <span class='ocrx_word' id='word_1_361' title='bbox 620 4031 674 4072; x_wconf 85' lang='lat' dir='ltr'>sunt</span> <span class='ocrx_word' id='word_1_362' title='bbox 724 4033 858 4081; x_wconf 86' lang='lat' dir='ltr'>noscantur,</span> <span class='ocrx_word' id='word_1_363' title='bbox 869 4025 900 4072; x_wconf 88' lang='lat' dir='ltr'>ab</span> <span class='ocrx_word' id='word_1_364' title='bbox 916 4023 951 4072; x_wconf 87' lang='lat' dir='ltr'>eis</span> <span class='ocrx_word' id='word_1_365' title='bbox 967 4022 1122 4087; x_wconf 85' lang='lat' dir='ltr'>implorentur</span> <span class='ocrx_word' id='word_1_366' title='bbox 1139 4028 1164 4068; x_wconf 91' lang='lat' dir='ltr'>et</span> <span class='ocrx_word' id='word_1_367' title='bbox 1181 4035 1224 4068; x_wconf 89' lang='lat' dir='ltr'>oo·</span> 
     </span>
     <span class='ocr_line' id='line_1_40' title="bbox 175 4095 1221 4160; baseline 0.009 -17"><span class='ocrx_word' id='word_1_368' title='bbox 175 4095 263 4150; x_wconf 58' lang='lat' dir='ltr'>Furiae,</span> <span class='ocrx_word' id='word_1_369' title='bbox 276 4095 419 4152; x_wconf 78' lang='lat' dir='ltr'>Eumenides,</span> <span class='ocrx_word' id='word_1_370' title='bbox 432 4097 556 4160; x_wconf 78' lang='lat' dir='ltr'>Erinnyet.</span> <span class='ocrx_word' id='word_1_371' title='bbox 723 4099 810 4148; x_wconf 80' lang='lat' dir='ltr'>lentur.</span> <span class='ocrx_word' id='word_1_372' title='bbox 922 4125 926 4129; x_wconf 93' lang='lat'>·</span> <span class='ocrx_word' id='word_1_373' title='bbox 1196 4155 1198 4159; x_wconf 53' lang='grc'>,</span> <span class='ocrx_word' id='word_1_374' title='bbox 1219 4095 1221 4097; x_wconf 64' lang='lat'>‚</span> 
     </span>
     <span class='ocr_line' id='line_1_41' title="bbox 209 4166 1226 4233; baseline -0.001 -17"><span class='ocrx_word' id='word_1_375' title='bbox 209 4169 265 4217; x_wconf 80' lang='lat'>24³.</span> <span class='ocrx_word' id='word_1_376' title='bbox 284 4169 483 4233; x_wconf 59' lang='lat' dir='ltr'>sentententia]</span> <span class='ocrx_word' id='word_1_377' title='bbox 501 4172 573 4220; x_wconf 90' lang='lat' dir='ltr'>Certo</span> <span class='ocrx_word' id='word_1_378' title='bbox 591 4169 672 4218; x_wconf 86' lang='lat' dir='ltr'>docre-</span> <span class='ocrx_word' id='word_1_379' title='bbox 756 4174 813 4221; x_wconf 75' lang='lat'>248.</span> <span class='ocrx_word' id='word_1_380' title='bbox 831 4172 888 4226; x_wconf 75' lang='lat' dir='ltr'>Quis</span> <span class='ocrx_word' id='word_1_381' title='bbox 903 4175 932 4220; x_wconf 79' lang='lat' dir='ltr'>sit</span> <span class='ocrx_word' id='word_1_382' title='bbox 944 4173 1041 4228; x_wconf 82' lang='lat' dir='ltr'>loturus,</span> <span class='ocrx_word' id='word_1_383' title='bbox 1053 4169 1113 4232; x_wconf 77' lang='lat' dir='ltr'>etc]</span> <span class='ocrx_word' id='word_1_384' title='bbox 1134 4166 1226 4216; x_wconf 81' lang='lat' dir='ltr'>Priscis</span> 
     </span>
    </p>
   </div>
   <div class='ocr_carea' id='block_1_4' title="bbox 0 0 1410 5010">
    <p class='ocr_par' dir='ltr' id='par_1_4' title="bbox 0 0 1410 5010">
     <span class='ocr_line' id='line_1_42' title="bbox 0 0 1410 5010; baseline 0 1"><span class='ocrx_word' id='word_1_385' title='bbox 0 0 1410 5010; x_wconf 95' lang='lat' dir='ltr'> </span> 
     </span>
    </p>
   </div>
  </div>
 </body>
</html>
