2812 5010
379 337 846 407 METAMORPHOSEON
871 333 962 408 LIB.
983 342 1052 407 III.
1161 345 1226 411 259

182 517 378 591 Flectere:
395 528 437 590 et
456 516 602 589 Oleniae
620 516 725 588 sidus
743 515 907 614 pluviale
925 518 1093 614 capelle,
1149 523 1224 593 594

181 633 468 732 Taygetenque,
478 631 711 730 Hyadesque
725 632 843 705 oculis
854 631 1073 730 Arctonque
1084 636 1224 722 notavi,

181 749 465 846 Ventorumque
483 748 628 834 domos,
645 757 686 821 et
701 758 832 844 portus
851 748 1042 846 puppibus
1057 760 1181 848 aptos.

184 865 294 939 Forte
313 876 447 963 petens
466 864 601 949 Delon,
622 863 728 935 Chiae
745 864 890 935 telluris
909 864 1057 938 adoras

182 980 375 1079 Applicor,
390 991 430 1055 et
445 980 590 1054 dextris
608 981 776 1054 adducor
792 981 900 1054 litora
918 981 1069 1071 remis3·

184 1096 320 1194 Doque
336 1097 437 1170 leves
456 1097 574 1169 saltus
589 1124 597 1183 ;
627 1097 789 1194 udaeque
807 1096 944 1170 innitor
962 1121 1095 1185 arenae,
1148 1104 1223 1173 599

184 1213 664 1312 Noxubiconsumptaest.
695 1213 1049 1288 Aurorarubescere
1060 1214 1222 1313 primum

185 1330 381 1429 Coeperat:
411 1354 566 1426 exurgo,
583 1329 790 1426 laticesque
807 1328 942 1403 inferre
959 1341 1130 1404 recentes
1160 1360 1163 1367 ·

182 1445 389 1533 Admoneo,
409 1456 652 1545 monstroque
665 1446 774 1532 riam,
788 1471 873 1544 quae
890 1448 1005 1520 ducat
1021 1447 1069 1521 ad
1086 1449 1220 1521 undas.

183 1559 271 1660 lpse
289 1562 381 1659 quid
399 1586 490 1636 aura
507 1562 597 1635 mihi
613 1564 758 1637 tumulo
776 1563 972 1660 promittat
989 1565 1037 1637 ab
1052 1565 1130 1637 alto

182 1812 203 1860 in
220 1810 301 1876 capite
315 1810 397 1882 Tauri,
408 1826 462 1876 quas
480 1829 552 1877 quum
572 1814 678 1862 oriuntur
725 1815 823 1867 buissot.
834 1815 875 1864 sed
892 1831 905 1863 e
919 1817 1014 1880 regione
1027 1824 1053 1865 et
1067 1816 1137 1880 longe
1147 1830 1223 1866 remo·

176 1895 203 1934 et
211 1885 332 1943 occidunt,
343 1887 421 1951 largos
429 1885 515 1935 imbres
526 1887 598 1936 cient.
619 1888 675 1936 Gel·
726 1900 785 1938 tam.
806 1890 854 1938 Sed
863 1889 1016 1954 cogitandum
1029 1890 1160 1939 videturde
1169 1891 1222 1948 Ger,

181 1961 224 2010 lius
234 1961 267 2008 N.
278 1961 308 2009 A.
320 1959 372 2010 xiii.
382 1962 407 2010 9.
441 1962 521 2018 Quare
533 1962 627 2026 Hyades
643 1963 676 2012 sic
726 1981 799 2029 quam
809 1962 915 2012 Romani
929 1964 1037 2012 nonnulli
1050 1973 1074 2014 et
1087 1965 1153 2013 Ceam
1169 1965 1221 2015 dix·

181 2034 321 2092 dicta,·dnd
336 2037 382 2085 τοῦ
395 2035 456 2085 llus.
485 2037 676 2092 drothrsanr
724 2047 801 2095 munt,
812 2047 837 2087 et
846 2038 947 2087 Ptolem.
972 2037 1223 2094 remedorum
1250 2062 1254 2074 ι

180 2111 307 2168 borealem,
327 2111 483 2174 Cynosuram,
503 2112 541 2159 vel
566 2111 675 2162 Helicen.
724 2120 748 2161 et
769 2111 824 2161 h.l.
844 2127 857 2159 e
877 2111 974 2160 consilio
991 2113 1156 2161 nonnullorum
1175 2115 1221 2163 Cic

183 2186 303 2233 Ventorum
320 2189 401 2241 domos,
413 2184 529 2249 regiones,
545 2186 609 2234 unde
626 2186 673 2251 spi·
724 2187 899 2236 rescribendum
913 2186 951 2235 sit.
977 2188 1014 2235 Ea
1025 2187 1129 2252 quinque
1144 2189 1221 2238 millia

179 2269 239 2309 rant.
719 2277 833 2326 passuum
846 2261 949 2310 distabat
954 2262 988 2309 ab
997 2262 1099 2318 Helena,
1106 2263 1220 2326 quemad-

210 2335 267 2384 597.
288 2334 387 2396 Delum]
412 2333 487 2382 Delos
507 2334 584 2384 insula
604 2335 675 2383 maris
723 2336 883 2385 modumhmc
898 2352 914 2384 a
928 2336 1000 2384 Sunio
1017 2336 1114 2384 totidem
1127 2352 1221 2402 passus.

179 2407 266 2472 AEgrm.
300 2409 453 2464 Danaorum
468 2423 519 2457 esse
533 2424 580 2458 non
590 2417 675 2474 potest.
724 2411 788 2459 Plin.
806 2411 869 2459 Hist.
890 2411 948 2459 Nar.
964 2409 996 2458 iv.
1015 2412 1118 2460 ta-ao.
1152 2412 1220 2462 Idem

180 2485 224 2533 Dia
234 2483 300 2533 enim
307 2491 346 2533 est
354 2484 438 2532 eadem
449 2500 502 2548 qun
512 2485 588 2533 Nanos
598 2484 676 2545 (Plio.
723 2485 803 2544 tradit,
811 2485 911 2534 eandem
921 2492 946 2534 et
958 2485 1101 2548 Hydruntum
1108 2485 1220 2551 (ὑδρόισ-

177 2559 208 2606 Η.
216 2559 250 2607 Ν.
260 2557 294 2606 ἰν.
306 2557 358 2619 la.)
376 2557 401 2606 in
418 2573 491 2622 quarn
509 2557 596 2607 deferri
612 2559 674 2608 Bac·
724 2560 795 2622 oav,)
807 2559 874 2625 aquis
885 2558 1054 2616 abundantem,
1064 2559 1158 2609 Graecia
1168 2577 1220 2611 essa

176 2633 235 2682 chus
245 2632 349 2689 volebat,
359 2648 421 2681 vers.
430 2634 487 2682 636.
497 2634 554 2682 690.
570 2633 674 2681 Difficile
724 2634 821 2684 dictam.
838 2634 867 2682 Ei
877 2635 950 2698 igitur
960 2635 1021 2682 bene
1032 2633 1149 2692 convenit,
1156 2636 1221 2699 quod

176 2716 210 2755 est
225 2723 308 2756 verum
323 2717 409 2756 nomen
425 2707 465 2755 lric
482 2723 603 2773 reponere,
615 2723 673 2773 quo·
724 2708 822 2758 Acoetas
838 2725 893 2756 mox
912 2716 1000 2763 narrat,
1021 2712 1046 2757 se
1067 2709 1143 2756 laticis
1159 2710 1220 2772 isfr-

177 2783 240 2831 niam
251 2782 377 2838 nescimus,
388 2782 451 2831 unda
462 2782 560 2830 Acoetes
570 2783 673 2839 solverit,
724 2788 791 2833 rendi
808 2799 880 2832 cansa
899 2783 946 2831 huc
962 2783 1089 2847 appulisse.
1115 2783 1222 2832 Ovidius

176 2873 219 2906 osc
232 2857 314 2906 caeteri
329 2865 437 2905 auctores
446 2856 538 2920 aliquid
549 2856 606 2905 certi
617 2873 672 2922 sup
723 2858 802 2922 igitur,
816 2857 858 2922 qui
874 2857 926 2905 hac
943 2873 986 2905 suo
1004 2857 1074 2904 modo
1087 2857 1220 2915 exornavit,

176 2931 293 2995 peditent.
320 2931 350 2979 In
365 2931 456 2994 hymno
471 2931 591 2980 Homerio.
602 2939 627 2979 et
642 2932 673 2979 ab
723 2948 778 2981 eum
799 2931 866 2980 linxit
883 2946 897 2980 e
915 2931 966 2979 sinu
983 2931 1096 2980 Saronico
1113 2931 1220 2981 solvisse.

175 3004 265 3069 Hygia.
283 3005 365 3053 nullos
383 3005 450 3053 locus
467 3013 671 3053 commemoretur.
725 3007 810 3062 Tellus,
823 3006 895 3054 ctiam
907 3005 936 3054 de
952 3005 1031 3054 insula
1041 3004 1127 3053 dicitur
1137 3006 1221 3070 postis.

175 3078 248 3142 Apud
259 3077 374 3142 Apollod-
383 3077 494 3126 Bacchus
510 3095 538 3127 er
555 3078 633 3126 Icaria
648 3079 672 3127 in
723 3079 780 3130 Vid.
792 3079 909 3145 Heynius,
925 3079 955 3128 ad
967 3078 1051 3143 Virgil.
1063 3079 1121 3128 AEn.
1131 3079 1168 3128 iii.
1181 3081 1220 3129 ta.

177 3155 258 3202 Naana
277 3153 476 3214 nmsfsrrirult3
495 3162 573 3202 nautae
592 3164 672 3202 autem
722 3155 894 3204 inVarr.lect.
922 3155 1041 3202 Adduccre
1059 3155 1126 3202 litora
1144 3159 1219 3212 mstis,

173 3243 226 3276 eam
240 3227 345 3276 insulam
358 3227 585 3292 praternauigantes
594 3229 672 3276 Atium
722 3243 762 3293 per
772 3228 941 3293 metonymiam
951 3243 1001 3292 pro,
1012 3229 1126 3276 malama
1138 3245 1217 3286 ranas,

174 3309 267 3366 petunt,
284 3310 310 3349 ut
320 3301 425 3366 praedam
435 3301 469 3349 ibi
481 3301 593 3351 vendant.
626 3303 671 3351 Per
722 3321 801 3351 nouem
815 3306 847 3351 od
862 3307 937 3351 litora.
965 3303 994 3349 In
1005 3302 1103 3364 vulgata
1115 3305 1220 3351 adducor

175 3377 251 3424 Adam
269 3375 379 3440 Heynius
394 3375 507 3440 intelligit
521 3376 604 3425 Asiam
618 3394 669 3442 pro·
722 3380 790 3426 litora
805 3381 871 3424 rems
884 3375 1024 3425 subauditur
1033 3375 1167 3440 praepositio
1177 3380 1218 3427 od.

173 3448 536 3515 priedictam,Lydiaepartem.
564 3451 608 3506 At,
621 3452 671 3515 qui,
722 3453 845 3507 Solmsdo,
857 3451 928 3500 exilio
946 3467 960 3499 e
976 3466 1035 3500 nave
1046 3449 1148 3499 inlitus.
1174 3451 1219 3500 Le·

174 3523 258 3572 relicte
268 3522 354 3580 Icaria,
366 3524 453 3572 Naxon
463 3525 669 3589 praeternavigant,
721 3543 766 3581 aes,
784 3534 812 3574 ut
829 3526 914 3573 Horat.
932 3526 968 3573 ΙΙ.
986 3525 1037 3572 Set.
1057 3523 1087 3571 vi.
1103 3526 1145 3573 98.
1164 3527 1219 3574 kris

174 3595 189 3642 ii
207 3612 256 3644 non
271 3596 410 3645 deferuntur
430 3613 498 3646 cursu
517 3597 543 3645 in
561 3598 671 3663 Lydiam,
722 3603 794 3648 utilit.
1085 3624 1087 3629 >

173 3669 215 3718 sed
227 3669 307 3733 magis
318 3671 444 3736 magisque
458 3673 488 3720 ab
499 3688 529 3721 ea
539 3671 672 3722 discedunt.
755 3674 811 3720 603.
831 3674 967 3720 Promittere
985 3671 1014 3719 de
1032 3670 1101 3719 bonis
1118 3686 1217 3736 progno-

174 3743 295 3792 Revocavi
306 3743 461 3808 antiquiorem
471 3745 598 3794 lectionem
607 3762 670 3794 earn-
721 3747 797 3802 sticis,
811 3755 839 3795 ut
851 3749 991 3794 menmium
1007 3746 1038 3794 de
1052 3745 1122 3794 malis
1132 3747 1219 3810 virgil.

175 3833 218 3881 que
228 3815 384 3881 plurimorum
394 3818 512 3876 codicum,
523 3820 593 3869 otta.
615 3821 670 3868 Non
722 3823 808 3886 Georg.
829 3822 846 3869 i.
868 3822 924 3869 45³.
959 3821 1074 3868 Sociorum
1092 3814 1218 3870 duodecim

175 3899 253 3940 eutem
268 3889 372 3956 intellig.
396 3893 462 3941 Chios
479 3893 557 3942 insula
572 3895 671 3944 celebris
721 3896 817 3945 nomina
826 3894 1087 3959 habetldygin.eadem
1096 3895 1154 3952 fere,
1163 3910 1217 3960 qum

174 3981 243 4031 prope
255 3964 355 4014 Ioniam.
388 3967 533 4032 Quanquam
549 3968 612 4016 enim
623 3970 669 4034 Ly·
720 3969 744 4018 h.
755 3969 771 4018 l.
783 3971 870 4018 Noster
884 3983 913 4017 ea
928 3984 970 4033 per
983 3976 1057 4016 totum
1074 3968 1153 4016 locum
1169 3968 1217 4016 dis-

174 4037 216 4087 dns
226 4039 307 4088 Delon
325 4048 409 4104 petens
423 4041 547 4090 commode
564 4042 595 4090 ad
612 4042 668 4091 dax·
719 4042 806 4108 posuit,
819 4059 850 4091 ne
859 4058 906 4091 uno
918 4042 970 4090 loco
984 4039 1108 4089 cumulata
1118 4041 1217 4089 radium

175 4120 247 4162 terum
265 4115 318 4178 ojus
334 4114 392 4164 litus
409 4115 530 4181 appellere
546 4116 669 4181 potuisset,
720 4117 837 4166 afferrent.
879 4117 955 4164 Erant
974 4121 1054 4162 autern
1075 4111 1112 4160 illi
1133 4129 1217 4163 secun·

174 4201 218 4236 non
235 4195 316 4237 tamea
334 4190 420 4238 Naxon
437 4190 469 4238 ad
486 4190 608 4239 dexteram
625 4191 669 4240 ha·
719 4191 776 4239 dum
795 4192 890 4239 Homer.
905 4190 986 4254 hymn.
1004 4195 1029 4236 ct
1043 4184 1218 4252 ellesponto,
