2812 5010
358 313 834 381 METAMORPHOSEON
856 315 949 381 LIB.
970 315 1055 382 VII.
1164 262 1229 385 475

176 490 367 589 Concipit,
387 500 426 563 et
444 488 570 563 fundit
587 513 722 586 purum
740 489 837 562 inter
854 514 995 585 cornua
1011 491 1150 580 vinum,

174 605 289 680 Haud
307 615 510 703 expectato
528 605 747 678 ceciderunt
764 606 917 680 vulnere
934 608 1050 680 tauri!
1154 613 1227 684 595

175 722 264 820 Ipse
283 746 353 818 ego
372 745 479 795 sacra
496 720 519 792 J
522 721 580 793 ovi
598 745 666 818 pro
685 745 757 807 me,
777 723 988 820 patriaque,
1001 723 1205 822 'tribusque

175 837 302 922 Quum
320 836 484 911 facerem
502 837 612 924 natis,
632 839 800 933 mugitus
817 837 970 912 victima
988 839 1089 912 diros

176 952 326 1040 Edidit3
357 963 396 1026 et
415 953 539 1025 subito
559 952 727 1050 collapsa
744 953 825 1026 sine
843 951 981 1026 ictibus
999 952 1086 1027 ullis
1205 1044 1209 1049 p

175 1067 325 1165 Exiguo
344 1067 460 1141 tinxit
477 1068 669 1164 subjectos
689 1067 872 1164 sanguine
891 1069 1046 1142 cultros.
1154 1062 1227 1146 599

176 1183 289 1257 Fibra
302 1208 455 1280 quoque
470 1208 569 1279 aegra
587 1194 695 1257 notas
709 1184 786 1257 veri
799 1184 1042 1282 monitusque
1060 1185 1228 1260 Deorum

175 1299 419 1374 Perdiderat:
448 1300 575 1373 tristes
593 1311 794 1398 penetrant
815 1301 863 1374 ad
880 1300 1026 1374 viscera
1042 1302 1175 1376 morbi.

175 1416 276 1490 Ante
295 1440 421 1494 sacros
439 1415 516 1488 vidi
534 1418 703 1513 projecta
719 1418 902 1491 cadavera
924 1429 1074 1515 postes:

175 1532 277 1606 Ante
294 1533 409 1630 ipsae,
429 1555 505 1628 quo
523 1556 624 1605 mors
642 1531 738 1606 foret
755 1534 982 1620 invidiosior,
1001 1557 1084 1608 aras

176 1715 257 1764 Inaec
272 1718 328 1764 dam
340 1716 407 1763 alvea
423 1718 581 1765 obmallatur
597 1717 676 1781 irpala
725 1736 778 1768 aras
788 1718 853 1768 delet
862 1725 1022 1783 punctum,ut
1031 1716 1083 1766 lraec
1094 1717 1229 1768 cohereant

176 1791 244 1847 uitta,
266 1790 333 1837 Inter
351 1799 486 1838 cunctantes
506 1794 587 1840 cecidit
607 1794 676 1839 mml-
726 1793 954 1856 cumsequentibus.
982 1789 1124 1840 Noumale:
1142 1789 1163 1839 ei
1174 1806 1229 1856 ergo

176 1865 252 1912 maela
271 1867 393 1912 ministros.
426 1865 476 1913 Aat
491 1868 510 1913 ai
527 1884 595 1928 qaam
607 1866 677 1931 ferro
726 1866 873 1930 obsequutus
893 1881 953 1914 sum.
993 1864 1118 1921 Invidiosa,
1139 1863 1228 1921 odiosa,

174 1947 314 1986 mactaverat
328 1947 382 1987 cate
400 1941 510 1995 sacerdos,
529 1940 589 1988 lade
607 1956 677 2003 nepae
727 1937 901 1987 abominabilis.
934 1936 1068 1992 Lucretius,
1091 1936 1125 1985 vi.
1149 1939 1228 1986 1270:

175 2013 283 2072 impositis
293 2015 376 2060 ardeat
386 2013 472 2060 altaria
476 2013 562 2075 fibris‚·
581 2013 631 2060 Nec
638 2029 676 2060 re·
729 2011 810 2059 Omnia
828 2014 924 2073 denique
940 2019 1019 2060 sancta
1038 2011 1114 2058 Derim
1131 2012 1228 2059 dolabra

162 2102 254 2147 'mansa
271 2094 341 2147 potest
355 2087 472 2133 cortsultus
488 2088 582 2134 reddere
599 2096 675 2134 vates:
727 2083 828 2144 reple‘rat
842 2084 976 2145 Corporibus
991 2099 1049 2131 mars
1063 2085 1187 2142 exanimis5
1205 2091 1231 2132 el

176 2159 211 2207 Aa
232 2163 269 2207 oia
291 2162 398 2220 suppositi
420 2163 547 2223 tingantur
565 2162 677 2224 sanguine
729 2158 807 2205 1274:
835 2157 883 2205 Nec
897 2161 951 2220 jam
967 2159 1050 2221 religio
1071 2157 1166 2214 Dialem,
1187 2174 1228 2205 aec

175 2234 255 2289 cultri,
267 2233 401 2294 Summaque
404 2235 491 2295 jejuna
501 2236 564 2282 saaie
573 2233 677 2296 infirma·
727 2232 824 2278 arimino
831 2232 910 2294 magni
919 2230 1094 2280 Pendeboatar:
1105 2233 1228 2293 raimpre-

175 2315 215 2353 tar
236 2323 315 2354 acerra.
351 2306 406 2352 Vota
428 2309 535 2368 concipit,
553 2306 676 2355 formulam
727 2320 776 2352 sens
789 2306 852 2352 dolor
865 2307 1018 2368 exsuperabat.
1043 2306 1228 2354 Aaimamclua·

175 2395 272 2443 precum
290 2378 383 2435 recitat,
394 2380 514 2444 conceptis
532 2379 610 2428 verbis
624 2396 677 2445 pre·
727 2381 796 2432 daret.
808 2378 919 2436 breviter,
935 2378 1030 2437 clausis,
1041 2378 1181 2436 constrictis,
1191 2379 1228 2428 la·

176 2460 259 2499 catur:
277 2451 383 2508 Tacitus,
398 2453 462 2500 Hist.
474 2452 508 2502 iv.
523 2455 564 2501 ³1.
574 2457 678 2516 jurisju-
728 2468 789 2517 queo
807 2453 916 2501 faucibus
932 2452 1074 2518 impediunt,
1085 2452 1143 2509 sive,
1153 2453 1227 2502 inter·

175 2528 246 2573 randi
255 2528 323 2574 verba
334 2529 456 2589 concipere,
467 2528 621 2592 pronunciare
632 2529 677 2576 lor·
728 2525 829 2574 cludunt
838 2525 952 2576 animam.
968 2525 1074 2581 Plenius,
1082 2525 1106 2574 in
1114 2525 1161 2584 Ibi,
1171 2530 1228 2577 552.

176 2598 436 2663 mulamjurisjurendi.
454 2601 678 2650 Parumcommuue
727 2602 809 2648 aalma
825 2601 903 2662 laqaea
918 2603 947 2647 sit
962 2601 999 2646 aia
1015 2601 1093 2647 abaco
1108 2609 1162 2648 tua.
1196 2601 1229 2648 Et

175 2687 253 2720 rarum
264 2688 383 2736 sacrarum
394 2673 523 2737 epitheton.
541 2675 580 2722 Sic
587 2674 612 2723 ii.
622 2677 678 2724 713.
728 2675 834 2721 claudere
849 2673 944 2721 omnino
959 2672 1083 2737 impedire,
1092 2683 1120 2722 ut
1128 2676 1161 2725 vi.
1171 2676 1228 2735 579.

172 2745 480 2807 pararasa,ubivid.not.
507 2746 678 2804 Valaas,ictua
729 2747 863 2808 Martisque,
882 2755 928 2795 etc.
961 2746 1069 2808 Arguta:
1091 2746 1180 2797 nediu
1199 2749 1229 2797 ti-

175 2819 255 2876 cultri‚
277 2835 426 2883 consequeus
445 2836 489 2885 pro
509 2821 676 2872 antecedente.
728 2836 791 2869 more
808 2822 889 2869 mortis
906 2820 956 2868 tam
975 2819 1062 2868 odiosae
1083 2821 1226 2880 cmcientur,

175 2893 247 2941 Mala
256 2892 344 2949 omina,
355 2892 375 2940 si
387 2893 484 2942 victima
500 2901 597 2960 repente
611 2899 678 2945 curle-
728 2895 875 2958 repentesibi
884 2895 957 2942 aliam
965 2893 1229 2963 consciscuutmortem.

175 2967 222 3022 bot,
236 2969 338 3031 mugitus
354 2965 448 3022 edebat,
461 2969 609 3032 exiguumque
623 2969 677 3016 sun·
728 2967 829 3024 Plinius,
849 2969 894 3032 Ep.
907 2968 951 3016 VI.
962 2985 1003 3016 xx.
1018 2970 1057 3015 14.
1072 2968 1102 3017 de
1118 2969 1229 3020 incendio

153 3082 155 3086 .
174 3039 248 3088 debat
257 3043 399 3106 magainam.
416 3042 508 3104 Largus
519 3049 600 3089 cantra
610 3057 679 3091 cruor
728 3041 841 3089 Vesuvii:
860 3043 945 3097 Erant,
956 3046 996 3105 qai
1006 3051 1068 3089 metu
1077 3047 1156 3091 mortis
1169 3061 1229 3092 mor-

175 3114 280 3162 laustum
298 3114 400 3177 signum.
424 3112 526 3171 Plinius,
545 3116 607 3162 Pan.
619 3133 642 3164 v.
654 3118 678 3167 3.
729 3122 772 3161 tem
792 3125 952 3175 precarentur.
984 3115 1088 3164 Mirifice
1106 3116 1151 3165 hoc
1172 3133 1229 3166 acu·

175 3187 297 3250 Sabjectos,
309 3188 333 3235 in
348 3187 420 3236 sacris
431 3187 500 3236 cultri
513 3189 594 3236 subter
604 3190 676 3254 jugu·
728 3202 783 3235 men
800 3188 937 3237 Schiracbio
956 3188 1055 3254 placuit,
1075 3189 1117 3254 qui
1137 3207 1230 3240 summa

175 3259 226 3307 lum
237 3260 301 3324 adigi
313 3260 429 3309 solebant.
727 3261 761 3310 sic
783 3261 889 3311 efficacia
914 3263 990 3312 morbi
1010 3263 1128 3313 cruciatus
1153 3266 1229 3329 pictos

208 3336 264 3384 600.
281 3334 352 3383 Fibra
360 3353 369 3392 ,·
387 3335 451 3383 fibra
465 3335 558 3400 proprie
569 3344 677 3384 extorum
725 3349 776 3384 esse
792 3346 879 3385 monet.
913 3337 1002 3386 Praeter
1017 3336 1078 3384 illud
1097 3336 1169 3385 Plinii
1187 3353 1230 3385 ex·

175 3409 345 3466 extremitates,
356 3408 442 3457 deinde
454 3407 549 3457 omnino
560 3418 624 3465 exta,
632 3410 677 3460 boc
726 3410 840 3472 emplum,
860 3409 923 3472 quod
938 3409 1019 3458 attulit
1035 3410 1066 3458 cl.
1078 3409 1169 3475 Gierr'g,
1180 3409 1228 3459 duo

176 3489 220 3538 est,
229 3482 307 3546 jecur,
318 3498 366 3538 cor,
377 3481 509 3546 pulmones.
542 3483 625 3547 AEgra,
641 3485 677 3531 vi·
726 3491 813 3530 cetera
828 3490 943 3547 petemus,
953 3482 1019 3547 prius
1035 3482 1065 3531 ab
1076 3482 1192 3549 Martiali,
1203 3483 1230 3535 ii.

175 3555 245 3604 tiata.
280 3556 677 3620 Notasoerisignaqnibusverum
726 3556 867 3619 Epigr.80:
885 3557 942 3613 Hic,
959 3573 1022 3622 rogo,
1039 3575 1085 3605 aaa
1095 3557 1171 3619 jieror
1187 3567 1228 3614 est,
1272 3574 1277 3582 ¹

175 3631 332 3694 cognoscitur.
366 3630 440 3678 Dolet
455 3631 632 3695 AEacusquod
647 3648 677 3680 ne
727 3647 755 3678 aa
766 3633 872 3688 moriare,
883 3632 955 3678 mori?
972 3630 1187 3688 alterumaFloro,
1200 3631 1227 3681 ii.

175 3719 205 3752 ex
216 3703 274 3768 ipsis
285 3704 382 3769 quidem
394 3703 456 3753 extis
467 3704 564 3753 consilia
573 3706 678 3755 Deorum
732 3706 777 3751 12:
795 3707 862 3766 cujas
871 3713 937 3751 tanta
949 3705 1070 3765 trepidatio
1077 3703 1141 3768 fait,
1152 3715 1180 3752 at
1188 3722 1228 3767 pe·

174 3776 231 3826 inre
240 3785 289 3825 tam
298 3777 357 3826 tristi
367 3777 416 3843 peti
427 3777 560 3843 potuerint:
572 3779 679 3828 morbida
728 3782 821 3827 cuniam
833 3795 917 3828 ornnem
927 3781 953 3827 ia
966 3795 1029 3826 mare
1034 3781 1134 3840 jusserit
1143 3783 1227 3844 mergi,

175 3847 239 3897 enim
256 3848 293 3897 uis
311 3853 453 3910 perdiderat,
474 3861 607 3914 corruperat
627 3853 679 3916 ipsa
729 3858 868 3915 neperiret,·
884 3854 975 3901 clasmm
989 3855 1094 3910 memori,
1106 3869 1134 3900 ae
1148 3856 1227 3901 iacea-

175 3922 275 3980 uiscera,
286 3932 313 3972 ut
323 3941 401 3972 uerum
417 3923 473 3972 inde
488 3925 598 3987 cognosci
612 3925 678 3974 baud
728 3928 830 3975 deretur.
865 3927 949 3974 Vocare
959 3925 1013 3989 quis
1026 3925 1112 3974 dicitur
1122 3941 1160 3982 ea,
1173 3942 1228 3990 qua

175 4005 265 4060 posset.
298 3995 402 4047 Lenaius
414 4000 546 4058 prodiderat
561 3999 624 4062 expl.
636 3999 678 4048 de·
729 4000 854 4049 accelerat.
887 3999 951 4047 Huic
965 4000 1028 4047 bene
1039 3998 1150 4048 convenit
1165 4003 1229 4048 ceni-

174 4077 289 4125 aeruerat.
322 4072 384 4118 Ante
397 4073 464 4138 ipsas,
480 4080 526 4120 etc.
559 4071 612 4120 Hoc
626 4073 679 4136 jam
728 4073 873 4138 eatia,qaod
883 4072 1227 4122 Burmannusillustrat:Per·

175 4141 267 4192 dictum
277 4159 346 4194 versu
358 4145 416 4195 591.
442 4146 536 4210 Regius
546 4144 617 4210 igitur
627 4153 680 4210 post
728 4147 785 4204 sius,
795 4147 829 4197 iii.
840 4150 880 4197 64.
895 4149 999 4198 Venientt
1009 4163 1127 4198 accurrere
1136 4144 1219 4198 morbo.
