2812 5010
173 341 239 405 294
469 335 508 399 P.
532 331 694 401 OVIDII
718 329 931 396 NASONIS

176 513 272 593 Esse
291 511 416 597 Deus;
445 532 512 581 seu
529 518 572 581 tu
590 505 696 580 Deus
714 529 767 590 es,
787 513 894 602 potes
912 527 997 579 esse
1016 501 1188 601 Cupid03

177 628 264 702 Sive
282 651 323 700 es
341 623 519 710 mortalis
539 622 656 719 quite
674 644 836 718 genuere
853 620 968 707 beati,

177 742 228 817 Et
245 742 357 816 frater
373 740 476 825 felix,
495 749 534 813 et
550 736 740 811 fortunata
756 734 923 834 profecto

178 859 219 933 si
238 882 314 956 qua
330 856 399 930 tibi
417 877 518 928 soror
536 865 606 939 est,
625 862 663 925 et
681 875 765 949 quae
783 851 890 926 dedit
906 852 1022 928 ubera
1039 850 1180 927 nutrix.

180 974 257 1049 Sed
274 974 385 1069 longe
403 970 562 1056 cunctiS,
581 970 769 1065 longeque
787 969 973 1066 potentior
989 968 1077 1054 illis,
1146 971 1217 1040 325

178 1091 220 1164 Si
238 1115 314 1189 qua
330 1088 400 1162 tibi
417 1111 555 1185 sponsa
571 1097 643 1173 est,
663 1086 694 1158 si
713 1110 827 1182 quam
844 1085 1048 1182 dignabere
1065 1084 1180 1159 taeda.

177 1205 270 1280 Haec
288 1205 357 1278 tibi
375 1203 453 1278 sive
472 1203 599 1300 aliqua
615 1213 687 1288 est,
707 1227 791 1277 mea
809 1202 859 1275 sit
876 1201 1011 1275 furtiva
1026 1200 1217 1299 voluptas:

179 1323 256 1395 Seu
269 1321 372 1394 nulla
385 1331 454 1406 est,
470 1344 539 1416 ego
555 1319 638 1405 sim,
652 1319 935 1415 thalamumque
947 1318 1118 1391 ineamus
1129 1340 1219 1390 euu-

177 1439 271 1513 Nais
285 1438 332 1511 ab
350 1437 408 1509 his
422 1435 561 1510 tacuit:
582 1435 688 1533 pueri
702 1437 814 1508 rubor
824 1458 890 1510 ora
903 1433 1057 1520 notavit,
1077 1429 1220 1527 [dem.⁷'

177 1555 329 1642 Nescia,
349 1554 441 1652 quid
459 1554 508 1626 sit
525 1577 648 1642 amor3
678 1553 746 1626 sed
763 1562 802 1625 et
819 1549 1014 1625 erubuisse
1031 1548 1208 1622 decebat.

177 1669 251 1775 Hic
269 1671 370 1743 color
388 1669 514 1767 aprica
531 1667 783 1765 pendentibus
801 1668 933 1740 arbore
950 1663 1085 1763 pomis,
1145 1667 1216 1736 331

175 1771 253 1858 Aut
270 1785 372 1860 ebori
390 1786 507 1859 tincto
526 1795 595 1872 est,
614 1794 679 1859 aut
696 1785 766 1857 sub
784 1783 946 1858 candore
964 1779 1127 1866 rubenti,

178 1901 304 1986 Quum
321 1902 458 1976 frustra
477 1912 653 1977 resonant
671 1925 744 1976 aera
762 1898 969 1984 auxiliaria,
991 1895 1120 1971 Lunae.

177 2015 356 2091 Poscenti
376 2018 564 2117 Nymphae
583 2019 664 2094 sine
681 2019 755 2090 fine
773 2016 914 2091 sororia
931 2015 1064 2089 saltem
1148 2015 1221 2085 334

179 2133 332 2221 Oscula,
344 2136 499 2231 jamque
517 2159 650 2208 manus
665 2134 713 2208 ad
727 2135 892 2207 eburnea
909 2132 1009 2205 colla
1023 2128 1171 2214 ferenti,

178 2257 202 2287 ‘⁴
212 2249 366 2336 Desine,
375 2251 434 2323 vel
445 2250 560 2347 fugio,
571 2248 884 2346 tecumque,’'ait,
898 2255 921 2284 “
931 2247 1003 2319 ista
1013 2243 1225 2340 relinqu0.''

179 2365 361 2440 Salmacis
375 2366 562 2453 extimuit,
576 2376 600 2405 “
614 2366 789 2464 Lucaque
800 2367 881 2438 haec
892 2364 960 2437 tibi
971 2363 1091 2437 libera
1100 2360 1222 2446 trado,

175 2566 225 2614 Sat.
235 2565 266 2615 vi.
276 2567 314 2616 lu.
348 2566 489 2614 Nummum.
507 2567 562 2615 Non
572 2566 611 2615 bic
621 2567 670 2631 agi-
721 2569 834 2623 rubescit,-
852 2565 893 2631 qui
909 2565 983 2612 Luna
999 2563 1069 2612 rubor
1079 2561 1155 2610 etiam
1165 2561 1224 2610 Am.

174 2647 221 2696 tur,
232 2647 258 2687 ut
268 2640 418 2688 Burmannus
426 2641 535 2705 putabat,
546 2639 576 2688 de
586 2639 673 2688 furtivo
721 2641 756 2690 ΙΙ.
766 2658 790 2691 ν.
800 2643 841 2689 37.
853 2637 1024 2705 comparationi
1035 2636 1142 2684 inservit.
1165 2636 1225 2683 Per-

175 2712 247 2769 coitu,
258 2712 301 2761 sed
311 2713 341 2762 de
351 2713 456 2776 legitimo
473 2713 631 2771 matrimonio,
641 2713 672 2762 de
721 2731 817 2765 suasum
827 2723 907 2762 autem
918 2721 969 2762 erat
978 2710 1147 2777 superstitiosa
1160 2710 1224 2758 mul-

175 2803 222 2850 quo
230 2788 343 2835 thalamus
349 2795 373 2836 et
381 2791 439 2836 teda
446 2788 518 2836 etiam
526 2804 598 2852 supra
604 2805 673 2837 versu
722 2787 827 2843 titudini,
837 2786 880 2836 tali
897 2794 1001 2851 tempore
1014 2784 1141 2833 Thessalas
1151 2799 1224 2832 vene-

176 2860 360 2910 anatinam.
396 2897 397 2900 η
722 2863 779 2911 ficas
799 2861 825 2911 id
851 2870 930 2925 agere,
953 2869 980 2908 ut
1004 2856 1150 2906 carminibus
1177 2857 1228 2906 suis

208 2936 265 2982 329.
282 2937 317 2982 Ab
333 2937 375 2992 tis,
386 2943 439 3001 post
456 2935 516 2993 bac,
528 2945 555 2986 ut
564 2936 598 2985 iii.
609 2936 673 2998 273;
722 2939 816 2985 Lunam
829 2935 859 2984 de
872 2935 934 2984 coelo
949 2933 1078 2989 deducant,
1089 2931 1159 2980 illam
1170 2948 1225 2980 vero

176 3007 224 3055 viii.
237 3009 294 3055 611.
325 3009 453 3058 Orarubor
464 3011 634 3060 uotaottetiam
642 3013 673 3060 vi.
722 3012 836 3066 laborare,
855 3011 874 3058 i.
890 3026 912 3058 e.
932 3016 1014 3058 contra
1032 3006 1085 3062 niti,
1107 3022 1225 3071 pugnare,

175 3081 208 3128 46
215 3099 222 3140 ;
239 3080 321 3128 Amor.
332 3083 380 3130 III.
390 3083 422 3132 vi.
434 3085 474 3130 78.
501 3085 593 3148 Nempe
605 3086 674 3133 rubor
722 3082 997 3149 laborantiquehomines
1002 3097 1071 3146 posse
1077 3093 1226 3138 succurrere,

175 3163 230 3201 uota
240 3153 335 3217 pudoris
346 3164 390 3204 est.
424 3157 511 3204 Nature
520 3156 593 3220 igitur
602 3157 672 3221 signi·
722 3166 747 3209 et
756 3160 867 3206 uuatltart
877 3164 994 3205 concentu
1005 3153 1155 3218 strepituque
1164 3159 1224 3212 atis,

175 3227 284 3276 licentius
293 3236 337 3284 est,
348 3246 419 3293 quam
432 3229 544 3293 suffundi.
579 3231 672 3289 Nescia,
723 3233 748 3281 b.
756 3248 779 3281 e.
792 3233 907 3287 tubarum,
918 3244 1031 3278 cornuum
1041 3236 1066 3275 et
1076 3226 1226 3276 tindnnabu-

175 3303 230 3363 qut'd
246 3305 276 3349 stt
294 3319 372 3361 amor,-
390 3303 491 3352 Codices
504 3303 586 3360 nostri,
604 3308 675 3353 nescit
722 3307 798 3356 lorum
809 3320 936 3354 aeneorum.
952 3301 1121 3361 Liv.xxvi.5;
1139 3303 1226 3351 Senec.

175 3378 230 3437 quid
240 3378 352 3424 utmnor.
387 3377 510 3425 Erubutste
520 3380 624 3427 decebat:
642 3379 673 3427 de
723 3381 798 3446 Hipp.
815 3397 864 3428 ver.
874 3382 922 3429 735
933 3395 1001 3442 sqq.:
1025 3375 1076 3425 vid.
1096 3376 1177 3425 Cerda
1195 3377 1226 3425 ad

176 3447 213 3496 his
222 3449 299 3497 verbis
310 3448 365 3497 vide
376 3451 407 3498 ad
416 3465 510 3499 versum
517 3453 576 3500 Ι230.
723 3455 790 3518 Virg.
809 3456 860 3503 Ecl.
879 3453 985 3502 vittae.
1018 3449 1065 3499 Sed
1084 3450 1137 3498 hac
1155 3451 1226 3499 tertia

208 3524 264 3572 334.
281 3525 410 3581 Hiecobr,
423 3525 482 3588 eta]
508 3526 598 3575 Eadem
609 3527 673 3575 simi-
722 3528 851 3577 similitudo
870 3527 941 3593 paulo
963 3525 1034 3576 altius
1054 3524 1157 3588 repetita
1177 3534 1222 3583 est,

173 3595 258 3654 litudo,
269 3596 302 3646 iii.
314 3599 371 3648 433.
405 3599 489 3656 Ροηιίι,
502 3616 544 3664 pro
561 3616 608 3664 quo
626 3600 672 3649 Co·
721 3619 766 3652 nec
774 3602 882 3668 jucunda
893 3601 1030 3650 admodum.

174 3671 220 3719 dex
228 3671 319 3734 Regius
329 3671 438 3721 B.habet
448 3675 522 3721 malie.
545 3672 608 3722 Huic
617 3689 673 3722 con·
755 3678 812 3725 334.
829 3677 920 3725 Sarma
935 3677 1012 3724 osenla
1029 3675 1102 3724 etiam
1117 3673 1152 3722 ix.
1167 3674 1224 3722 533.

174 3743 247 3792 sentit
257 3744 378 3802 Heinsius,
389 3746 430 3810 qui
442 3762 524 3794 omnes
535 3747 673 3795 vetustiores
722 3750 777 3815 Ipse
785 3749 898 3815 explicat,
906 3748 933 3797 ii.
942 3750 998 3796 431.
1021 3747 1104 3811 Gierig
1113 3745 1223 3795 admisit:

175 3817 263 3866 habere
274 3821 340 3867 matis
350 3820 458 3876 affirmat,
469 3830 494 3869 et
503 3820 565 3869 hanc
576 3836 673 3869 causam
721 3828 797 3874 desine
805 3836 846 3873 aut
847 3826 920 3890 fugio
926 3843 936 3883 ,·
953 3840 1016 3881 nam,
1026 3823 1114 3880 aiebat,
1124 3821 1224 3870 interro-

175 3889 216 3939 dat
227 3899 299 3949 recte,
311 3893 374 3956 quod
386 3910 432 3942 uon
442 3894 522 3943 omnia
531 3911 601 3959 poma
611 3895 673 3943 colo·
721 3900 785 3964 gatio
802 3902 900 3949 demis?
916 3917 950 3947 aa
961 3899 1051 3965 fugio?
1072 3895 1225 3945 incommoda

176 3971 227 4011 rata
238 3974 299 4012 sunt.
327 3967 397 4015 Eburi
407 3971 486 4016 tincto.
502 3966 600 4016 Plenius
605 3969 673 4032 Virg.
722 3974 778 4022 satis
789 3981 839 4022 est:
858 3982 968 4022 caetemm
979 3971 1018 4020 hic
1027 3987 1123 4036 quoque
1133 3969 1225 4034 simpli-

177 4039 274 4086 AEneid.
285 4039 326 4087 xii.
337 4042 383 4089 67:
404 4041 488 4090 ludam
502 4046 625 4107 sanguineo
636 4061 672 4090 ve·
723 4046 782 4094 citas
798 4048 865 4110 pueri
884 4047 1056 4105 bene-notata3
1075 4044 1118 4093 sed
1137 4059 1168 4092 aa
1182 4058 1222 4090 ne·

177 4113 412 4162 tuttvtoluoeritostro
423 4116 448 4162 St
458 4119 579 4178 quitabur.
595 4119 673 4173 Luna,
723 4128 812 4183 queant
830 4135 923 4169 versum
940 4119 974 4168 ita
992 4117 1169 4167 claudicantem
1184 4131 1224 4164 ex·
1245 4165 1247 4168 .

176 4201 248 4248 quum
270 4190 369 4236 candida
388 4190 427 4245 sit,
445 4196 549 4254 tempore
567 4190 673 4238 defectus
723 4208 812 4241 emate.
