2812 5010
218 334 287 399 DE
311 329 476 397 OPERE
498 327 990 398 METAMORPHOSEON.
1064 357 1130 400 xxv

84 506 231 573 Athenas
246 504 397 571 redeunti
410 501 578 569 Achelous
595 501 710 566 fluvius
727 502 888 586 objicitur.
935 502 1027 569 Saltu
1041 505 1127 572 facto

83 649 109 687 v.
125 626 213 703 572;
240 624 300 690 sed
316 624 370 687 vix
389 621 466 687 alibi
486 620 649 687 transitur.
688 618 812 684 Verum
835 621 936 684 omnis
957 620 1029 687 hoec
1052 644 1128 688 eon-

81 743 176 808 nexio
190 740 374 808 fabularum
389 738 506 805 clarius
521 738 673 805 elucescit
692 759 712 802 e
734 737 826 816 serie,
841 761 939 823 quam
952 739 1028 806 huic
1043 763 1128 808 com·

80 861 270 926 mentationi
294 857 506 942 subjecimus:
530 868 565 923 et
592 878 702 941 operae
730 857 868 941 pretium
893 869 943 923 est
965 858 998 923 in
1022 860 1129 944 perle-

80 980 189 1064 gendo
205 1001 305 1064 opere
320 980 391 1064 ipso
405 978 448 1044 ad
461 1000 532 1044 eam
545 977 723 1043 anendere.

120 1097 214 1163 Hinc
230 1098 408 1174 videamus,
426 1119 492 1183 qua
511 1106 580 1162 arte
599 1095 726 1180 mythos
751 1097 796 1161 sic
817 1117 919 1162 nexos
942 1088 1040 1182 poeta
1064 1101 1128 1166 dis-

80 1218 228 1301 posuerit
249 1227 348 1303 atque
366 1216 579 1283 exornaverit.
619 1215 798 1301 Plerisque,
815 1216 873 1301 qui
893 1229 1061 1284 narrantes
1080 1221 1129 1284 in·

81 1335 259 1413 ducuntur,
289 1335 476 1400 tribuuntur
499 1357 574 1420 quae
604 1335 750 1419 personis
780 1356 891 1399 eorum
919 1338 1125 1403 conveniunt.

82 1452 237 1519 Scelestae
270 1452 417 1519 Pierides
449 1461 568 1518 canunt
600 1474 674 1537 quae
704 1452 795 1517 Deos
831 1452 1001 1531 dedecent,
1031 1456 1128 1541 impia

80 1568 236 1636 Arachne
257 1571 443 1636 eommdem
461 1569 585 1656 flagitia
604 1571 702 1648 texit3
726 1570 920 1656 Minyeides,
935 1571 1051 1656 puellae
1072 1598 1128 1659 pe·

80 1688 232 1767 tulantes,
247 1690 408 1754 umoribus
428 1689 614 1754 enarrandis
631 1688 816 1773 indulgent3
841 1690 1008 1776 Orpheus,
1021 1691 1128 1758 Thra·

80 1808 172 1873 cibus
192 1829 369 1892 puerorum
388 1830 528 1872 amorem
547 1808 838 1885 commendaturus,
855 1809 896 1872 de
913 1810 1022 1894 pueris
1042 1812 1128 1875 canit

81 1947 100 1986 a
120 1924 196 1990 Diis
219 1924 355 1991 dilectis.
393 1925 570 1991 Varietatis
592 1948 690 1990 causa
718 1925 861 1990 nonnulli
888 1942 947 1991 sua
976 1926 1042 1992 fata
1064 1930 1126 2014 ipsi

82 2054 225 2122 narrant,
246 2056 283 2109 ut
300 2043 466 2111 Arethusa
485 2057 518 2111 et
536 2045 715 2123 Achelous
734 2069 927 2131 quamquam
947 2045 999 2111 hic
1023 2049 1127 2114 minus

83 2163 260 2240 commode,
276 2186 385 2248 quum,
404 2164 493 2249 quod
513 2165 543 2229 ei
564 2165 682 2251 pudori
696 2176 777 2242 erat,
794 2176 844 2230 ter
858 2167 960 2230 victus
980 2177 1067 2231 esset
1086 2169 1128 2233 ab

84 2271 230 2345 Hercule
251 2281 395 2346 nondum
415 2281 501 2347 Deo.
547 2281 669 2349 Cornix
689 2282 772 2347 adeo
794 2304 891 2347 corvo
914 2305 979 2347 una
998 2282 1128 2362 volanti,

83 2421 155 2483 quae
177 2422 254 2465 ares
268 2401 417 2485 quaedam
435 2422 540 2485 passae
558 2412 660 2476 erant,
676 2410 787 2464 notum
805 2398 891 2465 facit.
938 2399 1001 2463 Est
1020 2402 1127 2481 etiam,

84 2518 139 2583 ubi
164 2517 299 2582 Themis
328 2521 520 2583 mutationes
549 2519 673 2583 futuras
695 2518 895 2582 vaticinatur.
944 2516 1129 2583 Nonnullos

85 2634 211 2720 mythos
230 2636 341 2721 paucis
361 2645 458 2722 poeta
477 2637 672 2712 transmittit,
691 2647 728 2701 ut
746 2635 868 2700 Bacchi
884 2635 1024 2701 nutrices
1038 2649 1129 2702 vetu-

85 2752 140 2832 las,
158 2755 278 2838 quibus
290 2756 444 2839 juventus
463 2779 483 2819 a
504 2755 626 2823 Medea
646 2755 805 2833 redditur,
823 2764 868 2832 et,
885 2754 974 2840 quod
993 2756 1127 2835 mireris,

86 2871 365 2940 celebratissimum
379 2875 462 2940 adeo
475 2874 786 2960 Gigantomachiam.
820 2872 998 2950 Quosdam,
1007 2874 1129 2958 quippe

85 3013 199 3074 parum
220 2990 453 3069 memorabiles,
477 2992 576 3056 verbo
601 3001 725 3054 tantum
751 2991 864 3076 tangit.
919 2989 973 3056 Sic
996 3013 1062 3055 una
1087 3012 1128 3055 ex

86 3105 318 3192 Minyeidibus,
336 3109 499 3185 dubitans,
515 3107 594 3194 quid
613 3126 632 3172 e
652 3106 758 3171 multis
778 3107 979 3190 potissimum
997 3105 1127 3184 referat,

86 3234 117 3287 et
144 3224 259 3302 altero,
290 3228 508 3312 praetentione
542 3227 704 3292 rhetorica
732 3236 839 3304 utens,
867 3226 1008 3311 plurium
1034 3248 1130 3310 argu·

84 3352 190 3407 menta
210 3343 396 3410 brevissime
420 3354 606 3422 recensent,
637 3366 696 3410 nec
718 3344 812 3409 aliter
838 3365 872 3408 se
898 3343 1031 3420 habent,
1055 3366 1128 3429 quae

86 3459 238 3526 Arachne
258 3465 350 3541 texit,
366 3475 399 3529 et
417 3487 490 3550 quae
507 3463 658 3529 Minerva
677 3485 750 3528 cum
768 3485 807 3527 ea
827 3471 953 3528 certans
974 3462 1007 3525 in
1024 3471 1128 3525 extre-

85 3580 140 3643 mis
164 3580 262 3645 vestis
285 3583 431 3666 partibus
456 3583 557 3668 ponit.
611 3581 733 3646 Medea
762 3580 906 3646 sublimis
931 3578 1057 3663 fugiens
1086 3599 1128 3641 ex

87 3719 157 3763 aere
188 3699 326 3784 despicit
352 3699 424 3766 loca
451 3699 560 3765 multa·
579 3698 910 3764 transformationibus
939 3706 1025 3772 nota,
1055 3718 1128 3782 quae

88 3835 149 3879 non
169 3828 351 3895 narrantur,
367 3820 425 3884 sed
444 3829 569 3882 tuntum
585 3818 796 3901 attinguntur.
835 3814 960 3880 Verum
979 3814 1014 3877 in
1032 3812 1128 3899 longe

89 3933 229 4017 plurimis
248 3937 368 4023 ingenii
387 3939 495 4022 copias
511 3937 649 4003 Ovidius
667 3935 793 4012 effudit,
812 3944 845 3999 et
861 3943 1014 4018 quantum
1031 3935 1128 4005 rebus

91 4049 216 4118 flumine
239 4055 391 4120 orationis
413 4056 606 4121 exornandis
624 4038 744 4120 valeret
766 4052 918 4130 ostendit,
938 4075 977 4118 eu
999 4053 1129 4137 quidem

130 4190 203 4233 von.
222 4192 271 4235 111.
851 4173 873 4236 d
