2812 5010
303 337 370 407 320
597 337 636 401 Ρ.
661 334 822 400 OVIDII
846 333 1059 400 NASONIS

236 529 241 536 ·
308 511 496 608 Gorgonis
515 510 746 606 anguicomae
765 508 929 586 Perseus
944 519 1150 607 superator,
1170 517 1210 581 et
1226 508 1298 583 alis

308 628 494 703 AEtheries
513 651 626 702 ausus
640 626 796 724 jactatis
811 625 865 700 ire
882 649 949 724 per
967 649 1098 712 auras3

308 742 509 818 Praeferrer
527 742 673 816 cunctis
692 752 794 818 certe
809 764 944 838 gener:
974 740 1113 815 addere
1130 739 1247 815 tentis
1285 745 1354 813 700

308 859 473 936 Dotibus
492 869 531 935 et
544 857 731 944 meritum,
749 856 897 934 faveant
920 857 1031 932 modo
1050 855 1217 942 numina,
1235 865 1351 946 tento.

310 975 366 1049 Ut
381 999 466 1048 mea
482 973 543 1062 sit,
563 984 711 1049 servata
727 996 813 1047 mea
828 973 978 1060 virtute,
999 971 1210 1072 paciscor.'’

307 1090 512 1190 Accipiunt
527 1090 663 1187 legem,
682 1089 768 1188 quis
787 1088 888 1163 enim
905 1089 1121 1166 dubitaret?
1147 1098 1187 1161 et
1204 1098 1323 1174 orant,

309 1207 618 1305 Promittuntque
636 1230 749 1305 super
767 1229 924 1302 regnum
942 1205 1080 1291 dotale,
1100 1214 1290 1303 parentes.

309 1322 411 1399 Ecce
428 1324 531 1399 velut
548 1323 666 1411 navis,
685 1322 840 1423 praefixo
859 1321 1007 1397 concita
1024 1331 1155 1409 rostra,
1285 1326 1306 1394 7
1310 1324 1352 1393 05

311 1440 444 1515 Sulcat
461 1464 591 1537 aquae,
607 1441 787 1536 juvenum
806 1438 1029 1515 sudantibus
1049 1447 1134 1511 acta
1151 1436 1323 1525 lacertis;

313 1553 378 1629 Sic
396 1555 485 1644 fera,
504 1555 657 1631 dimotis
675 1556 839 1654 impulsu
853 1556 1015 1655 pectoris
1033 1554 1156 1641 undis,

311 1669 474 1748 Tantum
492 1673 622 1747 aberat
639 1674 818 1772 scopulis
839 1683 1022 1772 quantum
1042 1669 1241 1747 Balearica
1261 1680 1352 1743 torto

312 1784 446 1864 Funde
462 1797 587 1886 potest
604 1789 759 1886 plumbo
776 1788 891 1864 medii
909 1786 1163 1864 transmittere
1181 1787 1290 1876 coeli3

312 1899 439 1986 Quum
457 1903 581 1976 subito
595 1905 757 1999 juvenis
774 1905 934 2004 pedibus
950 1904 1084 1979 tellure
1101 1904 1266 2002 repulsa,
1286 1907 1353 1977 710

311 2014 464 2093 Arduus
478 2017 516 2090 in
534 2018 654 2095 nubes
673 2019 785 2097 abiit:
815 2021 913 2097 utin
930 2043 1082 2117 aequore
1096 2043 1247 2095 summo

315 2130 460 2207 Umbra
476 2133 543 2209 viri
560 2133 641 2209 visa
657 2144 728 2223 est,
748 2137 866 2211 visam
883 2135 963 2211 sera
979 2136 1086 2209 saevit
1099 2136 1138 2208 in
1155 2135 1338 2209 umbram.

314 2247 444 2345 thue
461 2249 485 2322 J
488 2251 566 2323 ovis
584 2274 744 2349 praepes,
759 2276 876 2325 vacuo
896 2276 1013 2349 quum
1029 2251 1125 2326 vidit
1141 2252 1181 2324 in
1199 2274 1287 2325 arvo

313 2363 553 2442 Praebentem
571 2366 716 2443 Phoebo
734 2368 887 2444 liventia
900 2379 1007 2465 terga
1023 2369 1240 2454 draconem,

312 2626 438 2687 Latinum
455 2628 497 2677 sed
508 2630 570 2678 bene
581 2631 712 2680 Burmann.
723 2639 812 2688 monet,
861 2631 905 2695 gil.
921 2629 1018 2679 AEneid.
1030 2645 1052 2677 v.
1064 2630 1119 2677 158.
1128 2628 1221 2676 sulcant
1231 2628 1292 2675 vade
1306 2625 1360 2673 salsa

312 2700 393 2758 etiam,
411 2701 445 2752 iii.
456 2702 509 2752 Art.
527 2705 583 2752 415.
594 2705 697 2754 Danaen
713 2707 813 2754 eloctum
862 2705 950 2752 euriae.
984 2703 1090 2758 Juvencs,
1101 2701 1210 2766 remiges.

314 2773 363 2824 dici
380 2775 526 2842 simpliciter.
561 2778 812 2836 Ferendum,t⁴oecun·
896 2778 953 2826 708.
971 2777 1091 2825 Balearim
1098 2774 1206 2840 fuam]
1226 2773 1360 2822 Balearium

216 2918 218 2921 .
313 2847 381 2906 dans,
394 2860 420 2898 ut
430 2851 447 2899 i.
458 2853 514 2901 420.
524 2857 598 2910 vivex,
609 2853 682 2903 vitam
690 2854 758 2904 dem.
863 2851 994 2901 insularum
1014 2849 1105 2899 incolae
1121 2849 1194 2898 fuisse
1210 2847 1361 2914 peritissimus

347 2923 403 2972 701.
420 2925 537 2989 Dentrem]
561 2927 615 2984 Dor,
634 2927 749 2992 quidquid
771 2928 813 2986 ho-
863 2923 995 2975 funditores
1009 2924 1067 2973 setis
1082 2931 1175 2972 notum.
1211 2921 1362 2986 Tormqmd

313 2994 401 3046 minem
415 3005 458 3048 aut
472 3015 522 3049 rem
537 2999 642 3064 aliquem
656 3001 815 3052 commendet.
863 3007 993 3064 torquetur,
1003 2995 1221 3048 mittiturebrnda.
1255 2996 1362 3050 Pedibus,

313 3069 377 3121 Plin.
388 3071 410 3121 Ι.
416 3072 464 3136 Ep.
477 3072 543 3122 xxiv.
555 3077 583 3122 5:
600 3077 744 3135 predictum,
753 3079 814 3138 quod
864 3082 911 3123 etc.
922 3081 949 3122 ut
959 3073 1008 3123 vim
1021 3072 1120 3122 adderet
1127 3069 1227 3136 corpori.
1260 3070 1324 3120 Vide
1333 3069 1363 3119 ad

312 3147 483 3195 commendetur
501 3147 535 3195 bie
554 3149 651 3197 cortem
683 3149 740 3197 Non
758 3164 813 3213 ergo
863 3147 955 3197 neat.
989 3147 1020 3195 In
1036 3149 1104 3196 nubea
1119 3153 1162 3195 eut
1178 3148 1210 3194 ed
1224 3154 1292 3194 estre
1303 3147 1364 3194 ubire

314 3216 353 3266 hic
367 3216 452 3282 respici
469 3228 527 3285 puto
544 3219 622 3286 prisca
635 3227 749 3287 tempora,
761 3223 813 3286 qui·
864 3220 977 3270 dicuntur
998 3221 1093 3270 omnino
1110 3221 1151 3286 qui
1168 3235 1194 3268 se
1210 3220 1325 3269 attollunt
1338 3219 1363 3267 in

313 3291 358 3339 buo
374 3306 473 3356 sponset
488 3299 513 3342 et
528 3309 620 3358 sponse
637 3302 661 3343 et
676 3295 813 3359 perentibus
864 3311 927 3345 aera.
959 3292 1363 3360 Jaminpugmilladescribenda.

313 3363 365 3429 ejus
375 3363 454 3417 dotem
466 3365 549 3418 offerre
560 3368 659 3418 solebat.
864 3384 913 3434 qua
926 3369 1027 3418 Persem
1040 3377 1064 3417 et
1077 3385 1107 3419 ex
1123 3383 1177 3416 aere
1192 3374 1258 3417 etex
1268 3366 1364 3434 scopulo

347 3441 405 3493 703.
422 3441 532 3503 Accipere
541 3443 612 3507 legem
622 3443 723 3492 formula
737 3445 813 3494 solen-
862 3443 969 3492 belluam
980 3441 1123 3508 aggreditur,
1134 3440 1254 3507 plurimun
1259 3448 1297 3490 eet
1301 3457 1309 3502 ;
1323 3456 1363 3488 ne-

312 3515 358 3564 nis.
390 3513 504 3581 Apollod.
512 3513 554 3565 ee
565 3514 662 3576 τούτοις
675 3516 814 3584 γενομένων
864 3518 947 3582 quein
956 3533 986 3567 ea
995 3526 1071 3583 poete
1082 3515 1233 3582 phantasiam
1242 3512 1363 3564 desidere·

310 3588 402 3655 dpecv.
435 3591 517 3652 Super,
537 3590 641 3657 insuper.
675 3593 767 3650 Dotele,
787 3593 813 3642 in
862 3591 908 3641 bis.
931 3591 1066 3640 Similitudo
1077 3590 1165 3656 equile
1176 3589 1216 3638 hio
1225 3589 1312 3640 melius
1322 3589 1363 3638 ed·

311 3663 399 3716 dotem
862 3666 947 3721 hibita,
958 3666 1234 3730 quemeupredtizeqq.

345 3739 401 3788 705.
419 3739 479 3789 Eece
493 3741 555 3788 velut
571 3741 658 3802 neeis]
677 3741 734 3789 Non
749 3741 812 3790 male
891 3741 948 3790 713.
961 3738 1362 3804 Vacuodicieoleutaroc,quianon

311 3811 407 3864 delecte
424 3813 562 3863 similitudo.
594 3814 659 3863 Plio.
673 3815 737 3864 Hist.
750 3817 811 3865 Net.
861 3812 1363 3870 comiteurbuetis.Praebeotenuetcineole

312 3885 359 3937 IX.
368 3887 401 3936 ri.
414 3888 437 3936 6.
448 3887 478 3937 de
488 3889 598 3938 belena:
618 3889 739 3938 Eminebat
750 3892 814 3938 <torro
861 3889 991 3954 jacentem.
1026 3889 1142 3944 Livcruia,
1154 3887 1267 3945 caerulea,
1276 3895 1320 3936 aut
1329 3885 1363 3934 ni-

311 3963 410 4012 mtdtum
419 3978 486 4025 super
496 3981 574 4026 aquae,
584 3966 669 4012 carine
678 3967 727 4012 viee
736 3967 812 4013 inaer-
863 3979 913 4028 gra.
923 3964 1007 4012 Heius.
1016 3963 1047 4011 ad
1054 3962 1253 4020 drumniaco.
1264 3962 1294 4012 In
1301 3977 1364 4009 ever·

312 4051 349 4083 sc.
383 4034 452 4085 Idem
467 4036 525 4085 ibid.
537 4037 567 4086 de
584 4037 652 4094 orcis,
663 4040 760 4086 batenus
775 4040 812 4086 tn·
863 4046 955 4086 remeet
962 4035 1026 4085 notio
1033 4035 1153 4102 primarie.
1172 4036 1363 4100 Serpeoscuptus

299 4126 390 4165 ,cursen
396 4127 437 4157 ceu
443 4112 611 4159 liburnicarum
618 4115 705 4170 romeis,
703 4113 813 4177 fodiunt.
863 4115 953 4160 sinitote
971 4113 1088 4159 volumina
1104 4120 1188 4167 verret,
1199 4118 1221 4158 et
1237 4110 1364 4163 sibiletm

311 4183 391 4233 Sulcat
400 4184 548 4248 exquisitius,
558 4199 639 4250 quam,
648 4187 724 4236 findit.
757 4189 781 4236 V
781 4187 812 4236 ir·
864 4186 1163 4251 Arduueinrurgens.Virg.
1169 4184 1267 4234 AEneid.
1273 4182 1306 4232 xi.
1312 4184 1363 4232 755-
