2812 5010
260 313 731 381 METAMORPHOSEON
756 314 847 380 LIB.
864 314 913 379 11.
1045 317 1111 384 179

64 487 134 561 Illa
151 488 305 585 quidem
323 500 465 576 contra,
485 499 670 586 quantum
689 491 805 564 modo
818 489 958 564 femina
974 491 1106 588 possit,
1172 567 1176 572 ,

60 602 262 703 Aspiceres
280 605 438 693 utinam,
460 605 647 693 Satumia‚
664 607 787 681 mitior
802 606 927 680 esses!
1034 611 1119 680 435,

61 718 133 792 Illa
150 719 306 817 quidem
324 733 489 820 pugnat:
519 723 588 796 sed
605 748 692 821 quae
711 749 887 822 superare
906 724 1045 822 puella,

60 834 202 920 Quisve
213 836 347 911 Jovem
359 840 531 944 poterat?
551 864 728 937 superum
739 840 835 938 petit
845 841 985 914 aethera
993 839 1112 914 victor

60 950 232 1050 Jupiter:
261 953 350 1028 huic
370 956 457 1029 odio
475 982 607 1031 nemus
626 969 696 1044 est,
717 969 756 1032 et
773 957 927 1031 conscia
943 956 1057 1046 silva3

63 1067 189 1156 Unde,
208 1071 347 1167 pedem
364 1071 542 1161 referens
563 1098 660 1170 pene
678 1085 737 1147 est
754 1075 872 1148 oblita
888 1075 1102 1171 pharetram

62 1183 210 1258 Tollere
221 1211 309 1259 curn
320 1187 419 1274 telis,
431 1198 480 1275 et,
491 1213 605 1286 quem
614 1191 875 1287 suspenderat,
886 1193 1112 1262 arcum.440

112 1300 228 1389 Ecce,
249 1328 318 1376 suo
337 1305 516 1380 comitata
539 1307 652 1379 choro
672 1307 866 1406 Dictynna
882 1331 950 1405 per
967 1307 1086 1379 altum

64 1415 256 1492 Maenalon
274 1418 502 1516 ingrediens
523 1432 562 1495 et
579 1423 683 1496 caede
702 1424 866 1520 superba
880 1421 1053 1507 ferarum,

64 1531 213 1631 Aspicit
231 1535 341 1622 hanc,
361 1537 559 1634 visamque
577 1549 708 1613 vocat:
738 1540 898 1612 clamata
916 1537 1066 1635 refugit,

67 1647 115 1722 Et
133 1650 262 1724 timuit
280 1650 414 1749 primo,
434 1676 481 1725 ne
498 1651 649 1751 Jupiter
666 1664 768 1727 esset
784 1655 824 1727 in
840 1653 917 1728 illa.

67 1764 144 1850 Sed
155 1778 360 1866 postquam
371 1769 509 1867 pariter
521 1769 721 1869 Nymphas
731 1771 907 1845 incedere
919 1770 1026 1859 vidit,
1037 1774 1112 1846 445

69 1880 197 1957 Sensit
224 1885 359 1958 abesse
394 1884 531 1976 dolos3
566 1911 841 1985 numerumque
872 1886 1034 1960 accessit
1064 1887 1113 1961 ad

218 1999 365 2073 harum.

68 2113 153 2189 Heu
168 2139 285 2214 quam
303 2117 454 2192 difficile
472 2128 543 2205 est,
563 2119 704 2194 crimen
723 2144 798 2193 non
814 2120 973 2218 prodere
985 2118 1112 2194 vultu!

99 2318 156 2367 434.
166 2317 215 2366 Illa
226 2319 334 2383 quidem]
350 2320 463 2385 Apollod.
472 2319 567 2388 ἀκούσῃ
617 2323 641 2371 3.
652 2330 676 2371 et
686 2323 745 2371 242.
754 2323 787 2370 H.
798 2321 816 2369 l.
831 2329 912 2369 tamen
925 2321 1006 2368 chorus
1019 2318 1116 2368 videtur

68 2391 250 2450 συνευνάζεται.
283 2393 349 2443 Illud
368 2393 462 2461 ἀκούσῃ
479 2397 567 2444 Noster
616 2393 965 2459 omninocoetusNympharum
973 2408 1033 2441 esse.
1050 2393 1116 2441 Nam

67 2465 174 2529 pluribus
183 2467 342 2534 persequitur.
617 2487 658 2537 pro
669 2486 697 2519 eo
705 2485 773 2519 versu
783 2470 839 2527 446,
848 2480 969 2526 nrrmmm
979 2483 1047 2515 versu
1057 2468 1115 2525 449,

100 2540 157 2590 437.
173 2539 288 2604 Superum
304 2545 381 2591 lumen
395 2543 484 2592 coelum
497 2544 567 2594 voci·
617 2562 699 2609 agmen
706 2562 716 2603 ,·
733 2559 781 2593 ver.
799 2544 855 2600 465,
866 2552 943 2592 cetius.
975 2540 1024 2589 Sed
1038 2549 1063 2589 et
1079 2541 1116 2592 ΙΙ.

68 2622 122 2662 runt
139 2615 239 2672 Ennius,
257 2615 390 2673 Lucretius,
407 2625 431 2665 et
444 2617 568 2681 Virgilius.
618 2620 682 2667 Fast.
692 2619 747 2666 156.
761 2633 824 2664 sacer
838 2618 919 2665 choros
936 2614 1031 2672 Dianae,
1043 2631 1115 2680 quem

70 2689 193 2738 Nemmet
207 2692 266 2739 siloa
280 2690 366 2754 possim
381 2691 566 2757 conjunguntur,
617 2691 799 2756 Hamadryades
815 2690 922 2740 fecerint.
957 2691 1016 2738 Erat
1034 2697 1115 2738 autern

69 2763 448 2824 uti.568;vide13urmannum.
474 2767 569 2815 Conscia
618 2767 703 2816 choms
724 2767 776 2831 ejus
792 2764 1004 2814 numerosissimus.
1026 2764 1116 2828 Virgil.

72 2838 148 2902 poetis
158 2837 270 2887 dicuntur
279 2839 334 2887 loca
343 2838 369 2887 in
379 2838 466 2903 quibus
477 2840 569 2905 aliquid
618 2842 675 2889 AEn.
686 2840 705 2889 i.
716 2841 765 2889 500
775 2859 780 2887 :
789 2834 792 2839 ⁴
796 2855 838 2901 per
844 2842 909 2904 juga
921 2839 1008 2902 Cynthi
1020 2838 1117 2886 Exercet

71 2911 156 2977 stupri.
191 2913 286 2962 mmm
300 2915 359 2962 silvo
372 2913 447 2979 stupri
461 2916 492 2963 ab
508 2917 569 2965 Jove
620 2917 700 2964 Diana
710 2916 802 2972 clwros5
813 2931 880 2977 quam
890 2914 952 2961 mille
962 2921 1042 2961 moute
1052 2912 1117 2962 Hine

67 2985 140 3035 illati.
185 2987 248 3036 Perre
268 2998 309 3045 ert,
326 2996 375 3037 etc.
417 2989 478 3039 Haeo
498 2991 571 3039 verba
619 2992 748 3054 atquehioc
757 2987 1033 3054 glomeranturOreodes.

69 3064 130 3111 bene
149 3071 236 3112 notent
250 3079 367 3113 summam
384 3063 497 3115 Callistus
513 3082 567 3132 per-
652 3066 708 3114 447.
719 3063 840 3127 Superbe]
854 3063 968 3125 Superbus
978 3061 1009 3110 de
1019 3059 1115 3110 victori-

69 3137 238 3186 turbetionem.
619 3141 672 3197 bus,
687 3148 711 3188 et
724 3138 782 3188 inde
792 3138 823 3186 de
833 3136 982 3186 venatoribus
992 3145 1046 3202 post
1055 3136 1117 3186 mul·

100 3212 159 3260 441.
176 3212 306 3285 Dictypum
317 3212 406 3270 Diana,
420 3212 455 3262 sic‘
473 3212 537 3262 dicta
554 3230 569 3262 a
619 3222 657 3262 tas
664 3213 840 3261 domitasseras.
851 3211 937 3259 Nost'er
945 3210 1117 3276 ipse,II.Fast,

68 3284 183 3345 δικτύοις,
194 3279 313 3346 amitibus.
325 3286 436 3352 equibus
445 3304 516 3336 unam
527 3304 568 3337 co·
623 3289 676 3336 163.
686 3287 800 3352 explicat,
814 3286 882 3335 Mille
885 3286 953 3348 feros
964 3286 1045 3333 Praene
1054 3287 1118 3333 silvis

68 3360 155 3409 mitum
170 3377 266 3410 suarum
281 3363 430 3411 servarerot:
446 3361 501 3410 vide
513 3362 569 3412 Cal·
619 3371 701 3410 uenata
711 3363 808 3410 redibat.
830 3360 936 3407 Clamare
946 3357 1118 3422 significantius

68 3434 167 3484 limachi
190 3435 216 3484 h.
240 3435 315 3484 Dian.
336 3451 385 3484 ver.
407 3437 463 3485 198.
488 3436 570 3500 ibique
620 3443 804 3501 quamvocata.
831 3435 912 3491 Quum
927 3433 1030 3497 nympha
1044 3433 1116 3481 simn-

68 3508 198 3574 Spanhem.
231 3509 295 3561 Vide
313 3518 393 3558 tamen
414 3509 503 3575 Heynii
523 3511 569 3558 Err-
619 3512 689 3567 laret,
708 3525 733 3557 se
754 3509 832 3557 lenem
852 3521 935 3556 uocem
959 3522 1005 3553 non
1025 3505 1116 3562 audire,

69 3574 166 3632 cursum
178 3583 210 3632 ad
219 3583 318 3648 Virgilii
327 3583 403 3633 Cirin.
419 3583 506 3632 Dianas
516 3599 588 3631 vero·
621 3586 703 3634 Diana
718 3584 829 3632 clamabat
836 3599 845 3640 ,·
862 3579 916 3628 vide
933 3580 1096 3628 Burmannum
1110 3598 1116 3627 :

69 3655 135 3705 datae
152 3665 209 3706 sunt
227 3657 299 3706 etiam
318 3655 445 3723 χσρὴτιδες
461 3656 571 3722 nymphe
622 3663 718 3710 clamore
728 3673 806 3706 vocare
817 3655 878 3703 dixit
887 3653 968 3709 Silius,
978 3653 1011 3702 iv.
1021 3653 1077 3702 597.

70 3729 259 3794 (Callimachus,
270 3746 331 3780 vers.
343 3732 382 3779 13.
395 3729 463 3792 170.)
475 3731 572 3794 quibus·
655 3735 711 3782 447.
729 3733 784 3780 Heu
801 3748 868 3792 quam
884 3728 978 3793 difficile
996 3737 1038 3785 est,
1056 3728 1117 3792 ete]

69 3818 128 3852 cum
137 3804 215 3853 choros
224 3803 463 3868 exercebat:Virgil.
474 3802 573 3852 AEneid.
622 3809 709 3860 Gravis
725 3814 750 3855 et
759 3819 816 3853 vera
832 3803 957 3852 sententia.
989 3802 1034 3851 Vis
1047 3802 1118 3851 malae

70 3877 174 3928 istos.
201 3879 239 3927 Ex
255 3878 364 3944 opinione
382 3878 446 3927 enim
458 3879 573 3927 Veterum
622 3879 772 3930 conscientie
793 3887 818 3926 et
836 3876 966 3942 perturbati
983 3876 1056 3925 animi
1075 3893 1118 3942 pu-

70 3950 195 4000 nullavita
204 3953 277 4002 beata
285 3953 392 4001 Deorum
402 3951 453 4000 sine
465 3951 571 4000 choreis:
622 3957 677 4004 dore
695 3954 780 4003 amisso
794 3951 888 4016 egregie
901 3950 940 3999 hic
954 3960 1056 4000 notatur.
1088 3953 1118 4000 In

71 4024 128 4073 vide
142 4025 232 4091 Heynii
250 4028 383 4075 Excursum
402 4027 459 4073 XX.
479 4025 510 4073 ad
528 4027 572 4073 AE·
622 4047 676 4095 sqq.
688 4029 731 4077 illa
740 4029 859 4094 ipsaque
870 4042 899 4075 ex
911 4025 1015 4075 Hesiodo
1026 4026 1118 4090 Hygin.

71 4098 157 4147 neidos
172 4099 259 4149 librum
277 4100 301 4148 i:
319 4098 381 4149 adde
396 4098 525 4164 Spanhem.
542 4098 573 4147 ad
621 4105 702 4160 refert,
713 4110 835 4151 exornata.

73 4171 216 4222 Callimachi
235 4173 351 4239 hymnum
368 4173 448 4222 Dian.
470 4173 574 4221 versibus
