2812 5010
173 287 267 393 res
357 374 360 381 .
469 322 509 388 P.
533 320 694 389 ovrnrr
712 319 929 388 ⁴nmsonrs

174 500 288 573 Alma
304 510 431 572 tamen
448 496 590 590 Tellus,
608 506 651 569 ut
668 506 749 570 erat
765 494 999 569 circumdata
1015 500 1146 592 ponte,

175 616 280 690 luter
294 639 413 712 aquas
431 612 568 712 pelagi,
589 620 879 708 contractosque
897 610 1065 707 undique
1082 606 1217 691 fontes,

176 732 251 816 Qui
270 757 311 807 se
329 731 574 805 condiderant
588 729 627 801 in
645 752 773 827 opacae
792 727 937 802 viscera
954 724 1105 812 matris„

177 849 338 923 Sustulit
355 846 554 921 omniferos
569 846 666 919 collo
684 857 795 919 tenus
814 845 918 917 arida
934 844 1082 929 vultus3
1149 841 1219 912 275

177 964 445 1062 Opposuitque
464 939 616 1035 manum
630 961 764 1050 fronti3
794 984 1007 1057 magnoque
1024 969 1187 1031 tremore

178 1082 317 1155 Omnia
333 1079 554 1154 concutiens
573 1080 726 1179 paulum
745 1077 935 1164 subsedit3
965 1085 1005 1148 et
1021 1072 1129 1159 infra,

177 1197 301 1281 Quam
315 1197 413 1270 solet
426 1221 523 1283 esse,
535 1194 625 1284 fuit3
648 1194 825 1293 siccaque
836 1192 889 1265 ita
898 1215 990 1265 voce
1000 1191 1130 1264 locuta
1140 1197 1218 1261 est:

178 1313 265 1386 “Si
293 1314 418 1411 placet
443 1313 527 1400 hoc,
552 1313 761 1410 meruique,
781 1310 887 1408 quid,
914 1335 949 1395 o,
974 1318 1041 1382 tua
1065 1302 1224 1379 fulmina

327 1438 489 1514 cessant,

180 1712 224 1759 Tei
239 1712 324 1760 melius
341 1711 476 1776 repetitum,
492 1726 564 1776 quam
578 1711 598 1759 si
612 1729 674 1760 nun·
724 1713 777 1769 bus,
797 1710 839 1759 sed
857 1709 933 1758 omnis
954 1705 1047 1772 generis
1064 1720 1141 1771 aquas
1162 1719 1223 1754 com·

177 1803 244 1848 quum
255 1784 363 1833 dixisset.
724 1800 852 1835 memorare
864 1785 922 1832 vult.

210 1861 267 1907 272.
278 1860 346 1906 Alma
358 1858 529 1921 inminutus]
540 1859 597 1906 Post
608 1859 675 1907 illum
758 1862 815 1910 275.
833 1860 932 1908 Sustulit
952 1856 1093 1921 miniferos]
1120 1856 1155 1905 Ut
1174 1853 1224 1902 Au·

180 1934 257 1982 Tellus
267 1933 353 1997 prodit,
364 1949 418 1997 que
433 1941 484 1981 erat
495 1949 549 1998 pars
559 1931 624 1982 illius
634 1949 675 1982 ca·
726 1944 808 1985 tumne
826 1936 856 1983 ab
875 1928 973 1982 Horatio
991 1940 1060 1993 caput
1076 1935 1149 1993 pomis
1161 1932 1224 1978 deco·

176 2007 290 2056 lamitatis
308 2007 419 2063 maxima,
430 2015 506 2055 mater
522 2007 592 2056 etiam
610 2009 676 2056 labo·
725 2029 787 2066 rum,
795 2009 829 2058 sic
836 2008 926 2057 Telluri
937 2008 1047 2056 aNostro
1055 2006 1164 2070 omniferi
1174 2005 1224 2052 uul-

177 2081 280 2132 rentium
288 2081 396 2138 fontium,
404 2081 453 2148 qui,
460 2090 487 2130 ut
494 2081 562 2130 liberi
572 2091 676 2151 tempore
727 2097 764 2134 tus
780 2085 880 2133 dantur:
898 2083 1026 2147 omniferoa
1036 2080 1179 2130 vocabulum
1194 2080 1224 2127 eb

178 2156 316 2206 calamitoso
333 2155 358 2204 in
373 2156 449 2205 einum
466 2158 556 2213 matris,
567 2156 597 2205 in
608 2175 677 2219 opaca
726 2159 778 2225 ipso
784 2157 1063 2220 Ovidiofactum,nptum
1070 2162 1223 2204 tamenterrae

178 2231 233 2293 (ubi
255 2230 313 2292 tuti)
332 2231 383 2295 ejus
404 2230 495 2279 viscera
516 2230 677 2295 confugerant.
727 2231 851 2298 τανδώρῳ
867 2241 891 2280 et
907 2229 1060 2296 παμμήτορι,
1072 2245 1125 2294 quae
1138 2232 1222 2284 omniu

178 2305 297 2355 Prreclara
304 2304 368 2354 idea.
386 2305 442 2353 Non
453 2313 533 2353 antem
540 2305 617 2354 Tellus
627 2305 677 2370 ipse
727 2307 814 2371 quibus
823 2305 915 2368 indiget
925 2313 1008 2353 natura
1019 2303 1189 2368 humana,fert
1200 2309 1225 2350 et

178 2380 240 2429 orbis
259 2387 374 2428 terrarum
392 2379 541 2442 intelligitur,
562 2379 604 2427 sed
623 2381 678 2428 Dea
728 2382 778 2430 elit.
795 2379 907 2430 Lucretio
915 2388 939 2427 et
946 2377 1046 2442 Virgilio
1057 2377 1145 2425 dicitur
1155 2378 1225 2424 cumi·

177 2454 269 2504 telluris
284 2454 309 2502 in
327 2453 396 2502 terris
413 2452 533 2510 habitans,
547 2462 574 2502 ut
589 2455 679 2502 Peneus
726 2472 817 2518 pareus.
850 2455 959 2502 Sustulit.
980 2452 1082 2501 Videtur
1100 2461 1172 2516 poeta
1189 2466 1225 2500 re-

179 2537 216 2578 est
226 2528 285 2578 dens
295 2527 369 2578 Penei
381 2528 455 2585 fluvii,
467 2527 492 2576 in
503 2527 568 2590 fonte
579 2528 630 2594 ejus
640 2543 677 2577 se·
727 2529 831 2596 spcxisse
848 2528 879 2576 ad
896 2529 975 2576 locum
984 2525 1109 2575 Pausaniae
1124 2525 1151 2573 in
1162 2524 1226 2574 Atti·

178 2603 233 2653 dem
251 2603 350 2652 habens.
383 2603 465 2652 Tellus
480 2618 534 2652 vero
555 2619 602 2651 non
620 2618 679 2651 ausa
728 2601 863 2655 ciss'Eeri
873 2600 948 2651 δὲκαὶ
959 2605 1010 2661 Γῆς
1021 2601 1125 2665 ἄγαλμα
1140 2599 1226 2649 iseren—

178 2683 214 2725 est
229 2684 279 2725 tota
294 2675 552 2740 prodire,sedtantum
566 2692 596 2725 ex
610 2675 678 2741 aquis
727 2679 804 2740 ούσης
824 2676 881 2727 ὗσαι
903 2679 949 2727 τὸν
972 2676 1027 2726 Δία.
1063 2676 1143 2723 “Est
1163 2674 1227 2739 apud

180 2749 369 2814 quibus-cincta,
381 2757 538 2815 prospectare,
550 2751 678 2815 vultusque
727 2752 886 2802 Athenienses
905 2751 1057 2799 simulacrum
1076 2749 1154 2797 Terrre
1172 2744 1227 2798 lovi

179 2824 272 2873 tollere.
306 2823 403 2872 Exernit
417 2824 513 2888 quidem
529 2833 553 2874 et
568 2842 676 2882 manum;
727 2825 891 2892 supplicantis,
909 2837 934 2873 ut
950 2840 964 2872 e
985 2823 1047 2873 coelo
1065 2823 1165 2871 imbrem
1185 2822 1227 2870 de-

179 2912 232 2947 earn
243 2913 298 2945 vero
312 2914 359 2945 non
374 2914 467 2946 movere
478 2898 678 2966 interdicendum
728 2901 833 2949 mittat.''

179 2970 264 3036 potuit,
275 2971 326 3027 sed,
337 2983 364 3021 ut
381 2973 463 3021 oculos
480 2974 510 3021 ab
528 2981 588 3022 aestu
604 2981 628 3021 et
642 2974 677 3022 fa·
761 2976 818 3023 276.
836 2974 995 3035 Opposuitque,
1007 2971 1067 3034 etc]
1087 2970 1161 3019 Silius
1179 2969 1229 3018 xiii.

179 3042 239 3092 villa
256 3043 403 3101 defenderet,
420 3050 521 3108 opposuit
531 3047 621 3110 fronti.
647 3048 679 3095 Et
728 3051 794 3099 341:
815 3050 984 3110 obtendensque
998 3064 1090 3095 manum
1102 3046 1179 3096 solem
1192 3045 1229 3095 in-

180 3117 292 3181 quoniam
309 3133 339 3167 ne
354 3118 388 3167 sic
405 3119 503 3184 quidem
518 3128 602 3168 esium
620 3121 679 3170 ferre
729 3123 859 3173 fervescere
871 3121 940 3170 fronti
951 3122 1033 3169 Arcet.

179 3198 281 3255 poterat,
296 3193 408 3240 subsedit:
425 3192 545 3242 subsidere
564 3193 618 3242 fecit
633 3202 679 3243 ter·
761 3199 818 3247 278.
835 3197 901 3246 Sicca
915 3195 978 3259 nou]
998 3196 1059 3253 Qnae
1069 3194 1161 3243 venite
1174 3203 1229 3260 gnt-

179 3279 238 3321 ram,
250 3279 387 3329 quanquam
399 3267 523 3327 paululum
536 3275 637 3324 tantum,
649 3284 679 3318 ne
729 3284 781 3321 ture
798 3270 870 3320 sicco.
897 3271 950 3319 Hoc
968 3277 994 3318 et
1008 3270 1084 3334 magis
1100 3269 1230 3334 poeticum,

53 3353 55 3360 ·
75 3387 78 3392 ,
179 3337 273 3402 longius
283 3339 377 3387 abesset
392 3340 421 3387 ab
434 3340 571 3396 arcelovis,
582 3341 680 3404 quicum
730 3353 754 3394 et
769 3345 824 3394 huic
839 3345 892 3393 loco
907 3343 995 3409 aptius,
1008 3359 1080 3408 quarn
1091 3343 1184 3408 vulgat.
1193 3361 1230 3392 sa·

180 3428 249 3476 egere
266 3413 368 3462 volebat.
395 3413 458 3462 Hinc
472 3432 567 3479 ruamus
586 3425 678 3465 tremor.
729 3437 826 3482 eraque:
844 3436 868 3467 x.
880 3419 938 3467 663.
950 3421 1029 3466 aridru
1039 3412 1165 3466 anhelitus.

180 3487 219 3535 lta
234 3487 300 3535 labor
309 3487 412 3536 Telluris
427 3498 451 3536 et
466 3503 524 3555 cura
538 3488 563 3536 in
577 3491 680 3540 maximo
762 3495 818 3542 279.
830 3494 855 3541 Si
864 3494 939 3555 placet
950 3492 1011 3555 loe]
1025 3492 1080 3540 Non
1092 3491 1231 3557 suppliciter

148 3613 152 3617 ,
179 3561 243 3609 malo
252 3561 314 3609 bene
326 3568 416 3611 notata.
433 3563 509 3619 Alme,
517 3561 595 3627 omnia
603 3563 678 3620 alens,
729 3576 789 3625 orat,
807 3567 849 3616 sed
868 3577 918 3616 tota
937 3575 973 3615 est
992 3567 1017 3615 in
1036 3566 1179 3630 indignitate
1196 3567 1231 3616 rei

179 3636 298 3700 proprium
315 3645 339 3684 et
360 3647 441 3702 aptum
458 3645 526 3685 terne
546 3637 678 3703 epitheton.
729 3642 914 3692 demonstranda
939 3642 1055 3706 Jovisque
1085 3641 1232 3706 negligentia

183 3709 216 3756 Ut
226 3719 285 3767 erut,
296 3708 329 3768 ὡς
340 3710 399 3775 εἶχε,
412 3710 522 3776 exprimit
539 3719 627 3760 statum
638 3721 680 3760 aut
729 3715 869 3766 incusanda.
893 3717 960 3766 Inest
972 3716 1089 3781 requnbile
1100 3725 1125 3765 et
1136 3724 1232 3780 gratum

99 3830 102 3838 Α
179 3782 354 3849 habitumque
372 3785 425 3849 quis
442 3786 621 3842 erat,iv.473:
640 3804 679 3835 ca·
729 3791 840 3840 orationis
863 3791 960 3840 flumen.
994 3792 1054 3839 Haec
1077 3800 1232 3855 compensant

181 3874 229 3913 nos,
240 3869 267 3906 ut
278 3869 328 3908 erut
339 3861 442 3916 turbata,
453 3862 564 3923 capillos,·
575 3861 678 3910 vient:
729 3863 847 3914 luxuriem
863 3864 960 3929 ingenii,
972 3881 1025 3930 quae
1037 3865 1062 3913 in
1073 3865 1233 3930 superioribus

180 3940 209 3979 ut
220 3942 271 3980 erat
280 3949 364 3993 monus
370 3951 379 3992 ,·
390 3935 451 3981 244:
463 3931 524 3984 sieut
535 3939 679 3998 eruutjunc·
730 3938 855 4003 aliquoties
865 3940 977 3988 ostendit.
994 3940 1075 3989 Prima
1082 3941 1155 4001 verba
1162 3939 1232 4005 quasi

180 4007 207 4052 ti.
234 4005 294 4053 Mox
304 4007 464 4056 revocandum
470 4008 563 4073 putavi,
576 4019 680 4058 contrac-
730 4012 891 4077 captationem
918 4013 1089 4063 benevolentias
1110 4014 1233 4078 quandam

181 4089 265 4143 iusque,
278 4081 308 4128 ab
318 4081 417 4130 Heinsio
426 4083 530 4147 pulsum.
550 4082 679 4132 Nonenim
731 4085 827 4136 habent.
855 4086 943 4136 Mereri
958 4088 1104 4138 malosensu
1121 4105 1164 4154 pro
1180 4105 1232 4152 pec-

179 4151 265 4210 innuit,
276 4169 350 4219 aquas
359 4155 438 4221 pelagi
449 4169 555 4205 constare
566 4173 595 4204 ex
607 4157 678 4205 fonti·
730 4176 790 4214 cure,
802 4160 874 4208 etiam
888 4162 934 4209 291
946 4181 952 4208 :
970 4162 1025 4210 vide
1039 4162 1129 4228 Heynii
1143 4164 1233 4212 Obser·
