2812 5010
257 327 724 397 METAMORPHOSEON
747 329 838 396 ΗΒ.
860 331 920 397 VI.
1039 331 1103 399 381

60 503 139 576 Cur
156 501 332 602 nonipsa
348 502 474 578 venit?
501 527 568 577 cur
585 502 664 577 baec
676 502 888 578 certamina
903 503 1043 578 vitati'’

57 617 155 692 Turn
190 618 285 706 Dea,
323 627 346 658 ‘⁴
366 618 517 708 Venit,'’
551 619 623 709 ait;
677 619 910 718 formamque
945 620 1102 696 removit

206 733 355 822 anilem,
452 739 455 747 '
1051 741 1100 813 43

57 848 292 947 Palladaque
302 849 885 927 exhibuitzveneranturnumina
895 851 1099 951 Nymphae,

56 964 388 1064 Mygdonidesque
405 990 542 1042 nurus:
572 969 652 1042 sola
668 977 727 1041 est
744 992 819 1042 non
836 967 968 1042 territa
983 969 1098 1064 virgo,

59 1081 136 1155 Sed
154 1091 282 1157 tamen
300 1081 460 1170 erubuit,
480 1082 705 1180 subitusque
722 1083 839 1157 invita
857 1083 1002 1157 notavit

57 1196 137 1270 Ora
153 1199 277 1285 rubor,
296 1221 500 1295 rursusque
517 1199 688 1287 evanuit;
717 1209 760 1273 ut
776 1199 871 1274 solet
888 1223 951 1273 aer

57 1312 275 1411 Purpureus
291 1313 385 1400 fieri,
405 1339 523 1411 quum
539 1317 700 1414 primum
719 1339 851 1389 aurora
867 1325 1048 1403 movetur,

57 1427 110 1503 Et
125 1430 238 1505 breve
256 1439 344 1528 post
360 1440 511 1530 tempus
528 1433 754 1507 candescere
772 1432 860 1506 solis
879 1433 927 1505 sb
944 1441 1040 1505 ortu.

56 1545 209 1620 Perstat
225 1546 263 1619 in
280 1544 445 1644 incept0,
464 1548 687 1646 stolidaeque
703 1547 878 1646 cupidine
892 1547 1026 1646 palmae
1051 1549 1100 1622 50

57 1659 104 1733 ln
122 1685 191 1734 sus
206 1661 284 1736 fate
300 1663 395 1738 ruit:
425 1688 549 1762 neque
567 1665 667 1739 enim
680 1663 775 1739 Jove
793 1674 883 1737 nata
896 1671 1056 1749 recusat,

57 1775 95 1850 N
98 1801 142 1852 ec
159 1787 288 1853 monet
305 1778 473 1866 ulterius,
492 1803 563 1855 nec
576 1774 656 1878 jam
671 1780 877 1856 certamina
893 1778 1031 1854 differt.

109 1891 222 1966 Haud
240 1917 355 1981 mora,
375 1894 587 1973 consistunt
605 1894 761 1971 diversis
778 1895 948 1994 partibus
965 1894 1098 1983 ambae,

58 1998 110 2084 Et
127 2008 256 2106 gracili
272 2010 441 2106 geminas
459 2010 659 2088 intendunt
677 2013 836 2087 stamine
853 2012 961 2087 telas.

90 2258 132 2307 43.
150 2258 208 2306 Tum
224 2259 284 2316 Deo,
297 2259 358 2323 ete]
392 2259 459 2309 Nota
473 2259 555 2309 celeri·
604 2264 672 2320 telss,
691 2270 733 2311 sut
750 2269 813 2310 certe
829 2260 863 2309 sic
878 2258 1022 2327 capiendum
1036 2259 1102 2307 verb.
1206 2288 1208 2294 ·

56 2340 139 2390 tatem,
149 2347 197 2397 qua
205 2332 411 2398 Desilludipsum
420 2349 556 2399 responsum
604 2340 742 2386 consutum:
770 2337 920 2384 Burmannus
945 2334 984 2382 bic
1009 2340 1100 2389 monet,

56 2406 157 2470 cupiens
174 2414 199 2455 et
214 2414 351 2473 expectens,
369 2423 394 2455 se
410 2407 556 2457 manifestat.
603 2413 720 2459 concutere
737 2408 861 2459 convenire
880 2409 982 2470 partibus
999 2409 1101 2464 diuersis,

56 2479 556 2546 ExemplaDeorumiormasassnmptnspo-
604 2492 629 2532 et
638 2483 687 2533 dici
699 2483 728 2533 de
739 2483 831 2533 duabus
847 2481 993 2538 adversariis,
1004 2496 1058 2545 qun
1071 2479 1103 2529 nd

56 2552 165 2604 nentium
180 2554 253 2603 babet
263 2553 380 2618 Heynius,
391 2555 453 2604 Exn.
464 2553 515 2603 xiii.
525 2555 556 2604 ad
604 2566 725 2606 certamen
738 2575 763 2609 se
780 2563 921 2623 preparent,
931 2555 1004 2619 idque
1018 2570 1044 2603 se
1059 2553 1103 2602 do·

57 2627 183 2677 AEneidi.
201 2625 301 2677 Pallada
311 2629 419 2684 cohibuit,
427 2628 555 2692 eleganter,
605 2631 681 2680 cuisse
692 2631 723 2679 nd
736 2632 831 2680 Petron.
843 2631 881 2678 19.
913 2630 964 2693 Ego
974 2643 1030 2678 vero
1040 2626 1103 2676 arbi-

56 2701 161 2750 ostendit
171 2717 197 2751 se
210 2717 262 2752 essa
279 2702 389 2751 Pallada.
400 2703 483 2767 Supra,
493 2703 519 2750 ii.
531 2705 555 2752 l.
605 2713 661 2762 trun,
673 2704 802 2771 respexisse
819 2705 932 2754 Nostrum
949 2717 1037 2752 morem
1054 2702 1103 2751 Ve-

54 2778 129 2839 positn
136 2775 382 2841 bnaginesecorffessus
390 2775 554 2826 erat.si.264:
606 2788 691 2835 terum,
703 2777 744 2844 qui
761 2794 808 2827 non
823 2778 940 2833 sedentes,
956 2775 998 2825 sed
1014 2783 1104 2825 stantes

57 2849 167 2898 Exhibitus
177 2860 208 2897 est
218 2849 300 2898 ibatis.
323 2847 452 2912 Confessam
459 2850 556 2911 amplee-
606 2853 728 2902 terrebunt.

56 2923 196 2972 titurberos.
223 2923 382 2988 Mygdonides,
393 2922 475 2986 Lydio
482 2937 556 2983 ;nsm
639 2928 679 2975 54.
697 2923 1012 2990 Etgracitigeminos,etc.]
1040 2921 1104 2970 Corn

58 2995 328 3062 Mygdoneuhracn
338 2995 439 3053 oriundi,
452 2996 521 3046 sedes
532 2996 557 3045 in
606 2999 652 3049 bac
670 2999 775 3049 textoriae
794 2999 851 3047 artis
868 2997 1024 3062 descriptione
1040 2994 1104 3044 conf.

57 3069 141 3119 Αεὶαω
158 3070 341 3130 transtulerant3
364 3071 456 3127 Strabo,
473 3069 514 3120 vii.
532 3088 556 3135 p.
603 3072 732 3131 Claudiae.
742 3073 775 3121 R.
784 3073 812 3120 P.
820 3072 837 3120 i.
848 3073 897 3120 246
903 3088 956 3136 sqq.
975 3071 1029 3118 Tela
1040 3067 1104 3119 varie

57 3146 123 3205 295;
141 3144 183 3193 xii.
192 3162 218 3210 p.
228 3147 284 3194 575.
318 3145 370 3194 Non
382 3148 473 3203 territa,
482 3143 556 3193 inter·
605 3145 691 3196 dicitur
701 3163 708 3206 ;
720 3162 783 3195 nunc
794 3145 895 3210 intellig.
904 3156 980 3195 trama
989 3142 1105 3200 staminis,

56 3218 113 3275 rita,
124 3227 150 3267 nt
160 3234 229 3267 versu
238 3218 296 3267 234.
306 3236 352 3267 non
362 3220 475 3274 evitabile,
487 3218 557 3267 etsie
605 3220 678 3269 series
688 3219 776 3284 duplex
787 3219 914 3269 staminum
925 3234 967 3266 seu
978 3217 1070 3265 filorum
1080 3215 1106 3265 in

57 3292 155 3359 pessim-
188 3295 245 3344 Jam
255 3309 337 3358 pugna
346 3292 441 3359 pudoris
452 3292 557 3342 etanda·
606 3293 981 3356 longumextensorumdatrame,
991 3291 1107 3340 nebeim.

57 3367 170 3415 einbene
178 3374 422 3430 notetur,quanqnem
430 3365 558 3415 similitudo
606 3366 673 3414 Alibi
685 3383 738 3415 vero
750 3366 786 3415 vel
801 3374 877 3415 totum
888 3381 955 3430 opus,
966 3363 1029 3428 quod
1043 3363 1106 3412 texi·

57 3439 153 3504 adjecta
163 3455 247 3504 parum
257 3455 311 3488 earn
322 3439 434 3489 illustret.
463 3440 559 3488 Notavit
607 3449 653 3497 tur,
670 3439 704 3488 sic
724 3447 829 3497 vocatur,
845 3439 884 3487 vel
894 3442 990 3503 jugum,
1004 3437 1107 3486 baculus

57 3516 136 3563 rubor.
165 3512 229 3563 Vide
246 3513 277 3562 nd
295 3513 328 3563 iv.
344 3515 401 3563 329.
442 3515 557 3571 Μουκίαν,
607 3521 759 3570 transversus,
775 3527 824 3576 quo
839 3511 889 3560 tela
904 3518 1005 3566 tenetur,
1020 3510 1045 3557 id
1061 3517 1106 3566 est,

57 3586 139 3637 oritur.
161 3587 249 3636 Moneri
257 3587 558 3654 dicuntnrprofi'ciscentes.
608 3585 765 3650 leasonpleau.
793 3587 888 3634 Gracile
897 3599 991 3641 stamen,
1001 3592 1028 3633 ut
1039 3593 1107 3632 teum

90 3663 131 3710 50.
148 3661 261 3724 stolide]
294 3661 335 3710 Ad
354 3663 453 3724 palmam
469 3661 558 3720 retulit,
607 3661 819 3711 sebtenrenAuson.
829 3660 917 3708 Mosei.
927 3659 983 3708 397.
1000 3660 1109 3715 Anausin

59 3735 125 3800 qnod
136 3735 229 3784 eistad
241 3737 378 3798 cupidinem.
389 3748 430 3786 aut
441 3737 471 3784 nd
482 3737 559 3802 ipsam
608 3743 694 3801 pecten
709 3752 739 3785 ex
756 3733 879 3791 arundine,
894 3732 1040 3782 discriminat
1057 3733 1106 3790 fila,

57 3808 181 3858 mulierem
197 3807 356 3860 referendum.
389 3810 437 3858 Nes
453 3826 499 3859 non
513 3810 556 3859 mi·
609 3827 638 3860 ne
655 3810 836 3866 contundantur,
849 3810 870 3857 le
885 3810 974 3873 peigne.
1007 3808 1107 3864 Radius,

57 3898 104 3933 uus
120 3883 241 3947 eleganter
260 3883 395 3948 repetitum,
412 3898 484 3948 quam
500 3882 557 3933 alibi
606 3885 692 3950 gallice
711 3886 735 3932 ta
753 3891 850 3933 noneste.
882 3882 941 3947 Ejus
955 3894 1000 3945 ope
1018 3880 1065 3930 filis
1080 3879 1107 3930 in

57 3960 111 4006 sed:
127 3955 183 4006 vide
194 3957 225 4006 ed
235 3975 260 4006 v.
272 3958 313 4005 17.
606 3970 764 4008 transversum
769 3956 903 4006 immittitur
909 3957 1030 4011 subtemen,
1038 3955 1059 4002 le
1067 3956 1106 4001 tis·

91 4033 131 4081 53.
151 4031 303 4094 metunt]
331 4031 556 4080 Inbocverbohre·
606 4033 819 4091 suantt'ancbue.
847 4032 920 4088 Quod,
931 4043 1016 4093 nempe
1026 4029 1105 4076 subte-

57 4113 111 4153 rent
120 4103 268 4170 interpretes.
303 4105 416 4154 Heinsius
426 4113 504 4172 putet,
517 4113 559 4155 aut
607 4122 670 4164 rnen,
688 4106 753 4170 quod
767 4104 907 4154 staminibus
922 4102 1061 4157 immissum,
1079 4107 1105 4149 ut

17 4194 18 4199 ¹
56 4178 259 4301 hgii‘gfflffm
284 4182 433 4236 constituunt,
455 4179 556 4236 scilicet,
607 4195 666 4245 opus
683 4178 783 4301 delusum
799 4179 849 4236 fiat,
868 4177 949 4227 feritur
963 4176 1059 4238 pectine,
1080 4175 1104 4222 ta

161 4287 168 4300 .
222 4287 228 4301 .
717 4253 745 4300 'i
