2812 5010
167 340 230 405 158

454 340 494 404 Ρ.
518 337 679 404 OVIDII
702 334 913 404 NASONIS

170 513 359 610 Prospicit
375 537 554 587 occasus:
574 510 761 587 interdum
778 509 931 609 respicit
944 518 1067 595 ortus;
1139 509 1209 580 190

170 629 346 727 Quidque
357 640 445 726 agat
457 629 620 725 ignarus,
636 637 780 724 stupet;
795 637 833 700 et
843 649 912 700 nec
924 624 1028 699 frena
1037 621 1207 707 remittit,

170 745 252 820 Nec
271 745 430 820 retinere
448 745 568 834 valet;
598 769 667 820 nec
685 742 951 818 nominanovit
968 765 1181 838 equorum..

172 860 312 959 Sparsa
330 884 483 958 quoque
501 860 539 933 in
556 861 657 934 vario
675 860 817 959 passim
835 858 1014 933 miracula
1031 855 1139 945 coelo,

170 975 448 1073 Vastarumque
466 975 568 1050 videt
585 977 752 1075 trepidus
768 976 966 1048 simulacra
983 972 1157 1046 serarum.

220 1090 291 1164 Est
303 1092 422 1178 locus,
435 1092 473 1165 in
485 1091 652 1187 geminos
667 1091 730 1165 ubi
743 1089 897 1164 brachia
909 1096 1089 1162 concavat
1102 1110 1209 1160 arcus

172 1207 368 1305 Scorpios3
385 1217 423 1281 et
434 1208 556 1281 cauda
565 1207 750 1304 flexisque
761 1205 949 1300 utrimque
960 1202 1122 1286 lacertis,
1140 1204 1209 1274 196

171 1322 336 1419 Porrigit
352 1323 390 1395 in
407 1321 570 1420 spatium
589 1321 778 1418 signorum
797 1319 965 1393 membra
981 1320 1153 1392 duorum.

170 1437 282 1511 Hunc
301 1462 393 1535 puer
410 1449 453 1512 ut
470 1440 565 1535 nigri
583 1440 774 1512 madidum
789 1439 924 1511 sudore
942 1436 1075 1509 veneni

169 1552 334 1629 Vulnera
351 1565 503 1628 curvata
519 1554 754 1628 minitantem
771 1552 927 1651 cuspide
945 1551 1058 1636 vidit;

61 1733 63 1736 .
171 1666 313 1742 Mentis
326 1669 445 1768 inops,
465 1669 590 1765 gelida
606 1668 801 1742 formidine
819 1669 899 1740 lora
916 1665 1070 1740 remisit.
1138 1669 1212 1736 200

171 1782 265 1866 Quae
275 1796 484 1890 ¹postquam
498 1809 685 1857 summum
699 1785 857 1880 tetigere
866 1781 1034 1880 jacentia
1050 1791 1209 1875 tergum,

171 1896 442 1997 Exspatiantur
459 1902 567 1997 equi3
587 1903 766 1999 nulloque
783 1900 976 1974 inhibente
991 1921 1058 1996 per
1075 1920 1185 1970 auras

171 2012 314 2110 Ignotae
330 2016 491 2112 regionis
509 2027 623 2105 eunt;
645 2041 797 2115 quaque
814 2004 977 2112 ii'npetus
996 2014 1084 2109 egit,

171 2127 255 2204 Hac
274 2129 353 2204 sine
370 2131 454 2228 lege
471 2142 603 2220 ruunt;
624 2133 776 2230 altoque
790 2132 860 2204 sub
879 2131 1017 2204 aethere
1034 2129 1121 2201 fixis

205 2315 260 2363 19³.
280 2315 348 2364 Vario
366 2315 439 2378 cem]
462 2315 557 2364 Varium
575 2319 665 2374 celum,

172 2387 260 2436 coelum
272 2388 342 2437 variis
353 2391 479 2448 miraculis,
493 2391 510 2439 i.
521 2407 543 2439 e.
560 2391 623 2440 miris
633 2393 667 2442 fe-

172 2476 249 2510 rarum
268 2462 347 2512 formis
359 2462 468 2512 obsitum.
492 2464 571 2513 Etiam
581 2467 666 2515 Senes.

171 2536 217 2602 Ep.
234 2554 271 2586 xc.
288 2554 312 2602 p.
328 2553 363 2587 m.
382 2539 440 2588 684.
459 2538 518 2588 sorte
536 2555 565 2588 ex
585 2539 610 2588 h.
630 2540 666 2589 l.:

175 2611 263 2664 Quidni
275 2614 373 2674 juvaret
393 2615 474 2676 ungari
492 2608 592 2678 (oculis)
608 2617 668 2662 iuter

173 2695 219 2732 tam
235 2687 281 2733 late
295 2695 372 2747 sparso
386 2689 499 2735 miraculo
513 2687 586 2736 coelit
603 2688 668 2737 Infra

172 2759 207 2805 xi.
219 2760 282 2806 309:
302 2760 352 2808 Nos
369 2762 450 2809 calum
464 2771 576 2824 epormot
591 2765 667 2810 nstris.

172 2831 291 2879 Eveniunt
312 2850 374 2882 nunc
396 2848 432 2890 aa,
455 2849 508 2898 qus
528 2834 668 2900 predixerat

173 2904 268 2968 Apollo.

206 2979 260 3026 195.
279 2979 321 3028 Est
337 2980 416 3043 locus]
436 2981 458 3028 Α
470 2981 524 3046 ροΙο
535 2982 622 3031 arctico
632 2999 668 3032 re-

172 3060 243 3115 pente
260 3053 315 3116 equi
332 3069 426 3102 cursum
443 3055 559 3104 flexemnt
574 3057 599 3103 in
614 3073 668 3122 par-

173 3132 221 3173 tem
239 3126 373 3175 australem.
402 3129 515 3176 Consonat
530 3130 669 3193 exquisitius

173 3214 254 3261 quam,
274 3209 363 3249 aurunt.
389 3200 428 3248 De
448 3205 532 3262 scorpio
549 3213 571 3250 et
590 3209 668 3264 motio,

173 3272 236 3336 quod
261 3281 370 3338 occupat,
391 3274 481 3324 dictum
508 3276 538 3324 ad
559 3293 607 3326 ver.
629 3280 668 3327 82.

175 3348 253 3396 Verba
266 3350 336 3411 fletis
352 3352 467 3412 utrimque
486 3352 607 3399 commode
626 3353 668 3401 ab·

172 3437 223 3470 esse
244 3430 354 3487 possent;
377 3422 440 3471 idem
460 3423 535 3472 enim·
548 3425 668 3490 precedit.

173 3494 247 3560 Apud
266 3496 366 3544 Lucian.
383 3496 442 3545 d.1.
466 3497 599 3554 Phaethon,
618 3515 667 3548 me-

173 3577 250 3626 tuens,
262 3585 292 3617 ne
302 3569 430 3625 excideret,
441 3570 544 3620 remissis
559 3571 666 3629 habenis,

172 3651 264 3706 partem
290 3659 371 3692 eunus
395 3635 538 3693 eminentem
558 3645 668 3695 manibus

173 3715 335 3780 apprehendit.
366 3716 413 3765 Sed
428 3717 510 3766 Ovidii
529 3718 667 3782 figmentum

171 3787 257 3838 melius
277 3798 321 3846 est,
340 3807 413 3855 quum
429 3791 450 3839 ei
470 3791 573 3841 lubuerit
589 3792 669 3842 formis

171 3859 274 3910 siderum
289 3873 397 3912 naturam
409 3864 551 3913 terrestrium
562 3865 667 3915 animan·

173 3934 232 3981 tium
243 3936 352 3986 tribuere.

208 4008 262 4057 lea.
291 4010 495 4075 Nigri—ueneni]
529 4012 668 4078 Apollodor.

173 4081 238 4145 apud
259 4082 322 4134 Plin.
338 4084 369 4134 H.
381 4085 414 4132 N.
425 4084 457 4133 xi.
472 4087 511 4134 26.
525 4095 606 4134 auctor
624 4095 668 4143 est,

172 4151 323 4224 Scorpionem
339 4158 437 4207 sundere
451 4158 580 4208 candidum
596 4176 667 4209 vene·

718 2333 784 2367 num.
819 2316 866 2365 Sed
885 2317 979 2380 nigrum
997 2321 1021 2363 et
1036 2323 1114 2362 atrum
1130 2327 1214 2377 perpe·

717 2400 783 2440 tuum
794 2390 841 2439 lere
851 2389 971 2454 epitheton
982 2388 1077 2436 veneni.
1105 2387 1215 2450 lleynius

717 2473 797 2513 autem
819 2464 849 2512 ad
870 2461 955 2527 Virgil.
977 2461 1075 2512 AEneid.
1092 2459 1136 2510 vii.
1156 2461 1213 2510 354.

717 2547 805 2594 monet,
818 2539 890 2587 verba
906 2539 1022 2585 madidum
1036 2539 1116 2584 nidore
1134 2538 1214 2584 ueneni

717 2628 764 2661 non
785 2612 818 2660 ita
837 2610 953 2677 capienda
973 2626 1032 2666 esse,
1054 2609 1123 2674 quasi
1143 2625 1213 2659 exsu-

717 2686 785 2734 dlsse
807 2701 862 2733 enm
882 2699 999 2732 venenum
1018 2683 1154 2740 crediderit,
1173 2682 1214 2733 sed

716 2762 818 2807 nidorem
838 2762 918 2806 ueneni
940 2756 1033 2823 poetica
1053 2766 1078 2806 et
1095 2758 1215 2822 exquisita

717 2833 806 2882 ratione
823 2833 913 2881 dictum
929 2847 980 2881 esse
994 2847 1035 2897 pro
1049 2847 1142 2880 veneno
1158 2832 1214 2880 sim·

717 2906 811 2972 pliciter
818 2924 825 2966 ;
842 2908 959 2955 umidum
975 2913 1056 2954 autem
1068 2905 1128 2952 nihil
1139 2905 1215 2962 aliud,

718 2979 763 3028 nisi
773 2981 926 3045 profluentem
937 2978 984 3029 oris
994 2978 1091 3035 saniem,
1100 2978 1215 3028 indicare.

717 3055 765 3103 Sed
776 3071 849 3119 quum
860 3063 928 3119 poeta
937 3069 1001 3102 nunc
1014 3052 1093 3102 omnia
1107 3053 1216 3102 ardentia

718 3129 800 3193 fingat,
812 3137 883 3193 atque
894 3129 919 3176 in
929 3128 993 3177 omni
1004 3128 1028 3175 h.
1038 3129 1056 3176 1.
1066 3127 1161 3191 ingenio
1171 3143 1214 3175 sno

718 3201 846 3250 luxurianti
870 3202 955 3266 passim
983 3201 1115 3265 indulgeat,
1133 3208 1160 3249 nt
1183 3200 1215 3249 ad

718 3292 768 3324 ver.
794 3277 839 3325 173
863 3275 1017 3331 admonitum,
1040 3275 1123 3340 quidni
1143 3276 1215 3324 etiam

718 3349 1213 3416 Scorpionemsudantemcogitemus,proe·

718 3423 798 3471 sertim
807 3439 879 3487 quum
887 3424 958 3471 verba
968 3424 1015 3473 huc
1026 3422 1132 3471 ducant?
1145 3425 1215 3473 Scor·

718 3497 795 3563 pionis
813 3506 891 3546 autem
906 3497 984 3545 cauda
994 3497 1081 3547 desinit
1095 3499 1121 3545 in
1133 3515 1216 3548 miruo-

719 3581 765 3619 tom
782 3573 905 3633 cuspidem,
916 3579 940 3618 et
957 3586 1050 3635 semper
1063 3570 1088 3619 in
1103 3570 1152 3619 ictu
1167 3580 1214 3627 est,

717 3645 830 3711 nulloque
842 3653 960 3692 momento
967 3644 1076 3696 meditari
1087 3653 1172 3700 cessat,
1184 3661 1215 3694 ne

718 3719 813 3783 quando
829 3718 891 3767 desit
907 3718 1042 3768 occasioni:
1057 3718 1121 3766 Plin.
1134 3720 1167 3767 H.
1178 3721 1213 3768 N.

717 3792 751 3841 xi.
769 3796 811 3842 25.
845 3793 900 3840 Non
921 3793 1014 3848 mirum,
1035 3792 1055 3841 si
1073 3809 1133 3853 puer
1150 3792 1215 3841 hunc

718 3867 810 3916 metuit.
966 3916 973 3928 Ι

750 3942 808 3989 204.
827 3942 881 3988 Sine
900 3940 968 4006 lega]
994 3939 1050 3988 Sine
1071 3939 1152 3988 ordine
1172 3948 1215 3989 aut

718 4014 825 4079 imperio.
849 4014 922 4079 Apud
938 4013 1036 4062 Lucian.
1050 4013 1076 4062 d.
1088 4013 1105 4060 1.
1121 4028 1216 4062 currum

718 4088 813 4152 rapiunt
833 4088 889 4152 ἄρτι
904 4089 950 4153 μέν
965 4087 1007 4136 ἐπὶ
1025 4088 1056 4137 rd
1076 4088 1145 4142 λαιὰ,
1164 4086 1216 4152 μετ’

719 4161 804 4226 ὀλίγον
820 4159 844 4211 δὲ
861 4161 903 4211 tut
920 4163 951 4211 τὰ
967 4160 1040 4218 δεξιὰ,
1053 4163 1094 4210 καὶ
1107 4162 1161 4210 ἅνω
1174 4162 1216 4210 soi
