2812 5010
301 402 303 408 ¹
368 318 840 386 Msrtuourrsosuorv
864 318 955 385 nro.
981 321 1043 386 rv.
1157 320 1223 387 817

174 490 515 584 Insilvasabeunt;
532 497 625 592 juga
638 505 726 567 sunt
740 494 973 592 humerique,
986 518 1215 593 manusque3

175 605 285 691 Quod
303 620 418 709 caput
435 620 522 685 ante
547 611 628 698 fuit,
648 635 794 685 summo
817 621 877 686 est
898 611 937 686 in
955 621 1082 685 monte
1106 634 1216 686 cacu-

176 723 381 825 Ossalapis
391 727 506 802 fiunt:
523 738 603 802 tum
614 737 740 827 partes
755 737 888 802 auctus
900 729 939 800 iu
949 750 1078 802 omnes
1094 730 1216 823 [men;

177 840 304 918 Crevit
320 844 360 918 in
377 845 613 933 immensum,
631 846 685 919 sic
705 845 755 918 Di
773 844 969 932 statuistis,
989 856 1027 920 et
1044 869 1155 921 omne

176 957 275 1032 Cum
292 970 349 1034 tot
366 960 550 1036 sideribus
569 962 705 1035 coelum
722 961 907 1060 requievit
923 961 961 1036 in
979 961 1057 1035 illo.
1145 962 1215 1034 661

223 1073 271 1149 V.
294 1075 493 1152 Clauserat
504 1077 739 1178 Hippotades
753 1088 892 1151 aeterno
907 1100 1056 1153 carcere
1066 1087 1216 1164 ventos3

175 1188 475 1291 Admonitorque
493 1218 649 1293 operum
667 1194 762 1267 coelo
780 1193 1009 1266 clarissimus
1027 1192 1103 1267 alto

176 1303 326 1381 Lucifer
342 1320 444 1383 ortus
463 1292 563 1384 erat:
592 1309 725 1408 pennis
743 1308 835 1403 liget
851 1308 914 1381 ille
931 1309 1132 1407 resumptis
1229 1312 1232 1317 ’

177 1421 292 1498 Parte
309 1426 357 1498 ab
370 1437 531 1524 utreque
545 1427 684 1526 pedes;
705 1426 860 1523 teloque
877 1424 1087 1521 accingitur
1099 1447 1215 1513 unco;

176 1537 227 1614 Et
243 1541 429 1639 liquidum
446 1544 557 1619 motis
574 1542 756 1620 talaribus
774 1563 861 1615 aera
877 1540 997 1614 findit.
1145 1543 1219 1614 666

174 1724 266 1775 lebant.
289 1726 385 1777 Piudar.
403 1727 476 1791 Pyth.
490 1728 509 1777 i.
525 1731 566 1779 ³6.
600 1729 673 1795 Apud
722 1726 872 1791 Intelligatur
891 1725 925 1774 nil
947 1724 1021 1782 nliud,
1043 1723 1089 1773 nisi
1107 1731 1222 1790 perpetua

175 1800 315 1858 Homerum,
333 1801 380 1851 Od.
395 1807 427 1852 A.
441 1805 481 1852 52.
497 1803 568 1852 Atlas
584 1803 673 1855 eoelum
723 1809 847 1850 ventorum
863 1799 940 1858 sedes,
956 1799 981 1847 in
997 1813 1077 1864 quarn,
1092 1800 1164 1848 AEolo
1175 1798 1221 1848 im-

173 1870 295 1924 'sustinens
316 1876 395 1941 (ἔχων
416 1875 502 1935 κίονας
519 1878 622 1942 μακρὰς,
645 1877 673 1926 αἳ
723 1883 830 1942 perante,
841 1873 926 1924 reverti
936 1889 1029 1938 semper
1044 1881 1169 1939 coguntur,
1180 1873 1221 1922 ubi

175 1946 255 2012 γαῖάν
271 1967 298 1998 τε
314 1951 355 1999 καὶ
366 1950 474 2014 οὐρανὸν
487 1949 562 2016 ἀμφὶς
575 1950 673 2016 ἔχουσι)
722 1949 836 1998 mandata
855 1946 950 1996 executi
969 1955 1032 2004 sunt,
1051 1954 1076 1995 et
1093 1946 1124 1995 od
1140 1962 1221 2011 qnam,

175 2021 246 2071 ltomo
265 2031 311 2081 est,
330 2023 398 2088 isque
415 2024 570 2089 peritissimus
587 2041 673 2084 rerum,
723 2032 836 2089 tanquam
855 2022 886 2071 ad
903 2036 1030 2078 carcerem,
1045 2020 1153 2070 damnati
1167 2029 1224 2070 sunt

174 2095 313 2163 ὀλοόφρων,
326 2098 367 2163 qui
377 2105 402 2147 et
413 2098 485 2147 maris
495 2099 568 2148 totius
576 2101 673 2165 profun·
723 2113 738 2146 a
747 2099 763 2147 J
764 2114 816 2154 ove,
831 2113 904 2162 quum
916 2104 987 2146 antea
997 2095 1071 2144 libere
1081 2104 1223 2159 vagarentur

175 2169 265 2219 dilates
274 2172 373 2221 noverit.
393 2173 447 2221 Hoc
456 2172 596 2238 phantasma
608 2173 673 2238 Hey-
723 2188 765 2239 per
779 2173 870 2220 orbem.
895 2171 970 2235 Apud
981 2170 1050 2234 Virg.
1062 2171 1119 2218 AEn.
1129 2170 1146 2219 i.
1157 2171 1223 2219 62-

176 2245 230 2293 nius
245 2246 276 2294 ad
291 2244 404 2312 Apollod.
419 2247 468 2295 III.
480 2264 504 2296 x.
523 2249 674 2298 Laurente
724 2248 765 2295 63.
787 2247 873 2294 AEolns
893 2247 970 2293 clauso
990 2253 1111 2292 ventorum
1132 2260 1222 2293 carcere

176 2318 275 2368 ductum
287 2328 375 2378 censet,
385 2320 453 2386 cujus
461 2320 552 2369 radices
561 2329 673 2369 extreme
723 2329 873 2386 regnatque
881 2321 955 2368 verba
966 2317 1067 2367 Ovidius
1077 2327 1132 2366 ante
1141 2318 1223 2368 oeulos

176 2391 201 2441 in
227 2392 300 2442 maris
325 2393 426 2443 fundum
446 2403 591 2461 procurrant,
612 2395 674 2444 coelo
723 2394 816 2444 habuit.
841 2394 880 2442 Sic
891 2393 940 2442 fere
950 2401 974 2442 et
984 2392 1021 2442 vir
1030 2392 1114 2441 doctus
1124 2391 1150 2440 in
1160 2390 1222 2440 Mis-

175 2465 260 2515 vertici
275 2467 436 2517 incumbente.
464 2468 576 2534 Apoetis
585 2469 674 2534 passim
724 2468 778 2518 cell.
789 2468 849 2517 Obs.
861 2467 910 2516 vol.
922 2467 981 2516 VII.
992 2473 1048 2514 tom.
1059 2465 1085 2514 ii.
1095 2481 1153 2530 pag.
1163 2465 1222 2515 274.

177 2547 293 2604 tanquam
307 2549 387 2591 vastus
404 2541 472 2606 gigas
488 2542 638 2600 describitur,
648 2550 676 2591 ut
726 2543 872 2604 Hippotades,
894 2541 988 2597 AEolus,
1005 2540 1117 2604 Hippotae
1138 2555 1222 2604 nepos.

177 2613 370 2678 Virgil.AEneid.
380 2615 414 2665 iv.
429 2617 485 2664 246.
501 2616 543 2665 ubi
558 2615 581 2664 ei
597 2626 676 2678 caput,
726 2616 823 2683 Lucifer
842 2615 957 2682 praeclare
979 2617 1108 2663 admonitor
1131 2631 1224 2677 operum

178 2689 273 2745 humeri,
282 2691 360 2746 barbo,
368 2689 511 2739 tribuuntur.
521 2690 592 2739 Coni.
600 2690 675 2748 idem,
725 2707 772 2755 quo
783 2690 872 2739 oriente
882 2689 990 2739 homines
1000 2705 1013 2738 e
1024 2705 1105 2737 somno
1118 2688 1224 2737 excitan-

177 2762 225 2811 viii.
238 2764 287 2811 136
298 2779 351 2829 sqq.
367 2771 392 2812 et
408 2763 488 2821 Silius,
504 2765 521 2813 i.
536 2766 583 2813 201
601 2781 655 2830 sqq.
668 2783 674 2812 :
726 2773 797 2814 tutet
807 2764 838 2812 ad
849 2780 908 2830 opus
922 2779 992 2812 suum
1006 2761 1082 2811 redire
1093 2762 1223 2811 admonen-

180 2837 253 2886 Caret
263 2839 332 2885 barba
343 2840 406 2902 gelu,
414 2838 562 2903 frmttemqee
572 2843 677 2889 immani·
726 2848 772 2888 tur.
804 2838 917 2889 Similiter
931 2837 998 2903 Virg.
1009 2838 1098 2902 Geor-g.
1111 2837 1144 2886 iv.
1157 2837 1221 2886 186:

179 2912 312 2960 busumhris
323 2913 462 2962 Pineesiluo
470 2918 561 2976 premit.
730 2914 810 2976 Vesper
820 2916 925 2962 admonet
940 2915 1045 2962 decedere
1059 2913 1150 2973 campis.
1177 2912 1222 2960 AE-

209 2987 349 3034 662--75L
370 2987 445 3053 Virgae
461 2991 487 3035 irs
500 2989 599 3045 curulia,
615 2987 674 3051 etc]
725 2987 788 3036 ueid.
802 2987 834 3037 xi.
851 2988 912 3036 183:
930 2988 1024 3035 Aurora
1040 2987 1142 3051 refereris
1156 3001 1225 3048 opero

179 3060 276 3124 Legitur
289 3060 341 3109 haec
355 3061 551 3126 metamorphosis
567 3062 676 3112 etiamin
725 3071 792 3126 etque
812 3064 904 3111 hiberes.
936 3060 1076 3109 Tenendum
1098 3059 1170 3110 etiam
1188 3068 1226 3109 est

179 3133 270 3200 Orphei
287 3149 361 3184 carm.
382 3134 413 3184 de
429 3135 568 3201 Lepidibus,
585 3153 624 3186 xv.
644 3137 676 3186 49
724 3136 780 3192 hoc,
799 3138 917 3184 monitores
934 3134 1011 3183 dictos
1028 3150 1087 3192 esse,
1108 3132 1150 3200 qui
1165 3150 1225 3199 opus

179 3223 232 3272 sqq.
243 3222 382 3272 quanquam
393 3225 448 3257 cum
458 3209 572 3259 varietate
585 3211 675 3275 aliqua.
724 3210 867 3259 iacientibus
880 3218 1017 3277 preessent,
1024 3218 1049 3258 et
1061 3209 1170 3258 iacienda
1181 3207 1224 3258 do-

180 3281 216 3330 Ibi
234 3281 298 3330 euim
315 3282 414 3330 mutatio
432 3283 459 3331 fit
477 3283 557 3332 statim
570 3293 624 3349 post
640 3300 676 3333 re·
727 3293 816 3334 cerent.
855 3285 937 3333 Corte·
947 3284 978 3332 ad
999 3283 1148 3340 Sallustium,
1167 3283 1225 3349 Jug.

180 3362 270 3404 sectum
296 3363 321 3404 et
342 3356 420 3405 adhuc
442 3357 548 3406 calidum
568 3357 677 3413 Medusae
727 3359 811 3407 lxxxv.
826 3359 865 3406 10.

180 3437 265 3494 caput:
283 3430 326 3479 sed
342 3430 444 3480 Ovidius
466 3432 518 3479 haec
536 3433 679 3497 conjungere
760 3433 815 3480 664.
824 3433 896 3495 Liger
904 3434 985 3493 peririis
992 3433 1067 3493 pedes,
1074 3429 1158 3495 alligat
1166 3445 1225 3495 pen·

179 3503 263 3551 maluit
289 3519 344 3552 cum
363 3505 511 3553 Andromede
531 3504 679 3562 liberatione,
727 3505 887 3570 naspedibus.
913 3504 985 3551 Parte
998 3506 1143 3565 clamaque.
1161 3502 1225 3551 Vide

179 3591 233 3640 quie
244 3592 302 3626 sane
312 3584 349 3625 est
358 3593 413 3643 pars
428 3577 566 3642 gravissima
582 3578 678 3628 fabulae.
728 3579 759 3627 ad
769 3578 811 3626 xii.
819 3578 877 3627 272.
912 3576 1014 3635 Talaria,
1029 3577 1165 3643 πτερόεντα
1183 3574 1225 3626 rri-

180 3649 249 3708 Eam,
264 3667 337 3716 quam
354 3651 446 3716 Hygia.
467 3656 592 3701 notissimas
611 3655 678 3701 histo·
727 3652 790 3710 aaa,
818 3651 931 3717 πτερωτὰ
957 3650 1116 3717 ὑποδήματα,
1137 3659 1163 3699 et
1183 3667 1225 3716 ga·
1289 3643 1290 3648 ¹

180 3727 226 3773 rios
246 3732 325 3783 vocat,
346 3727 478 3787 tractbrant
504 3727 633 3792 Sophocles
654 3738 678 3776 et
726 3729 789 3776 leam
801 3727 901 3775 Perseus
912 3725 1024 3774 adversus
1033 3725 1161 3774 Medusam
1171 3742 1226 3791 pro·

179 3797 314 3864 Euripides.
336 3799 396 3848 Inde
407 3801 496 3866 pendet
506 3800 625 3848 Eratostb.
639 3802 677 3858 15,
727 3802 835 3850 hciseens
849 3799 943 3864 accepit
953 3801 991 3849 vel
1007 3815 1023 3847 a
1032 3798 1161 3856 Mercurio,
1173 3800 1225 3865 Hy-

182 3874 221 3930 lo,
241 3874 279 3922 17.
306 3873 364 3932 Vid.
381 3882 406 3922 et
421 3875 511 3939 Hygin.
530 3873 581 3923 sab.
598 3875 638 3923 64.
654 3883 679 3923 et
727 3878 776 3941 gin.
797 3876 846 3925 sab.
860 3876 901 3924 64.
920 3876 958 3923 vel
979 3889 995 3922 a
1015 3873 1133 3940 Nymphis
1152 3889 1226 3940 prope

182 3947 211 3995 P.
221 3946 254 3995 A.
265 3946 292 3996 ii.
302 3950 400 4010 9-11;
416 3949 534 4014 Apollod.
552 3949 589 3997 11.
604 3951 636 3997 iv.
648 3951 678 4009 33
728 3952 851 4017 Gorgonas
869 3948 1040 4007 habitantibus,
1058 3949 1161 3998 Pausan.
1177 3950 1225 3997 La-

179 4021 262 4071 schol.
284 4023 404 4088 Lycophr.
433 4026 500 4085 8363
528 4025 619 4073 Conon.
638 4025 678 4073 40.
728 4043 780 4075 con.
797 4043 822 4091 p.
833 4027 900 4084 2513
918 4023 1031 4090 Apollod.
1046 4023 1112 4086 d.l.;
1134 4022 1225 4089 Hygia.

180 4097 278 4145 AEteruo
288 4113 387 4146 carcere.
413 4097 472 4146 Haee
482 4099 599 4148 vocabula
608 4098 678 4146 valde
728 4103 756 4149 P.
768 4102 799 4150 A.
811 4099 836 4149 ii.
851 4101 889 4148 12.

180 4170 304 4220 offendunt
315 4172 468 4238 Interpretes‚
480 4173 521 4222 sed
536 4170 587 4221 sine
598 4187 679 4222 causa.

213 4246 293 4294 VOL.
309 4247 360 4295 111.
827 4247 867 4296 Li
