2812 5010
425 316 892 384 METAMORPHOSEON
916 316 1007 382 LlB.
1033 316 1062 380 I.
1197 318 1259 383 131

218 489 338 563 Naias
355 516 430 564 una
446 491 526 566 fuit.
572 491 608 565 N
610 492 760 590 ymphae
781 490 944 588 Syringa
960 491 1156 564 vocabant.

219 604 309 678 Non
327 608 444 681 semel
462 617 501 681 et
520 606 675 704 Satyros
694 607 857 680 eluserat
874 605 937 678 illa
955 616 1169 702 sequentes,

218 719 271 792 Et
289 745 547 818 quoscumque
566 721 669 794 Deos
685 722 906 794 umbrosave
924 720 1027 806 silva,
1046 719 1197 793 feraxve

219 835 302 908 Rus
321 838 447 912 habet.
495 837 691 935 Ortygiam
710 836 857 922 studiis,
878 836 1035 933 ipsaque
1053 835 1202 909 colebat

218 951 444 1048 Virginitate
458 954 600 1027 Deam:
622 954 695 1026 ritu
710 977 862 1052 quoque
880 953 1004 1025 cincta
1019 951 1150 1025 Dianae
1186 955 1258 1024 695

220 1066 395 1155 Falleret,
416 1080 455 1142 et
470 1069 572 1143 credi
590 1081 720 1168 posset
738 1067 905 1154 Latonia,
926 1067 957 1140 si
975 1092 1050 1140 non

220 1182 392 1259 Corneus
410 1186 497 1258 huic
516 1210 636 1272 arcus,
653 1185 685 1258 si
702 1209 778 1258 non
795 1183 890 1257 foret
907 1207 1041 1256 aureus
1061 1181 1140 1254 illi:

221 1297 286 1373 Sic
305 1323 459 1399 quoque
476 1301 652 1376 fallebat:
683 1302 902 1375 redeuntem
920 1300 1015 1372 colle
1034 1297 1160 1395 Lyceo

219 1414 304 1487 Pan
320 1416 423 1488 videt
438 1417 548 1503 hanc,
565 1418 730 1515 pinuque
745 1427 859 1514 caput
877 1415 1100 1513 praecinctus
1118 1423 1241 1497 acuta,

220 1529 328 1604 Talia
339 1532 454 1604 verba
466 1531 615 1606 refert.''
655 1532 841 1606 Restabat
857 1532 972 1604 verba
989 1529 1145 1618 referre;
1165 1570 1169 1577 ’
1186 1533 1259 1602 700

219 1781 292 1829 Orac.
303 1780 352 1830 def.
367 1799 391 1846 p.
402 1783 458 1830 415.
493 1781 644 1839 Nonacrinas,
663 1799 715 1847 quae
766 1780 860 1847 χρύσεα
888 1782 965 1836 τόξα.
993 1783 1090 1829 Homer.
1118 1780 1141 1828 b.
1171 1781 1208 1827 ll.
1236 1779 1262 1827 in

218 1853 478 1903 inNonacrinomonte
489 1863 619 1904 versantur.
637 1856 716 1904 Nona·
766 1857 838 1904 Dian.
859 1859 894 1915 5;
922 1853 1009 1919 Virgil.
1028 1854 1125 1904 AEneid.
1146 1854 1179 1902 xi.
1201 1854 1260 1902 652.

219 1929 274 1983 cris,
290 1927 404 1994 oppidum
420 1936 445 1976 et
460 1944 526 1978 mons
539 1930 657 1986 Arcadia,
670 1947 716 1980 non
766 1933 857 1995 Magna
874 1939 953 1979 autem
969 1929 994 1977 in
1010 1928 1046 1976 his
1064 1928 1182 1994 Nympha
1197 1942 1261 1976 com-

218 2001 302 2066 procul
321 2017 336 2050 a
351 2002 449 2051 Ladone
464 2003 547 2052 fluvio:
566 2004 628 2052 Plin.
640 2006 672 2052 H.
683 2006 715 2055 N.
766 2003 894 2053 mendatio.
919 2003 1045 2052 Claudian.
1056 2004 1097 2052 35.
1109 2003 1149 2050 39.
1162 2000 1192 2050 de
1204 2002 1262 2051 Pro·

218 2075 244 2124 ii.
258 2078 314 2124 103.
765 2078 872 2143 serpina:
891 2079 973 2125 Potuit
988 2080 1061 2137 videri
1073 2079 1163 2133 Pallas,
1179 2080 1198 2124 si
1213 2078 1262 2140 cly-

166 2136 187 2169 ”⁴
252 2152 309 2200 691.
317 2151 439 2216 Syringa]
449 2153 481 2201 Et
489 2153 574 2217 Syrius
582 2160 605 2201 et
617 2154 716 2219 Syringa
764 2169 839 2214 peum,
850 2155 868 2200 si
870 2152 949 2217 ferret
959 2153 1054 2212 spiculo.

219 2224 244 2272 in
265 2241 325 2274 usn:
349 2224 403 2274 vide
424 2227 535 2276 Munker.
556 2225 587 2274 ad
608 2227 716 2277 Lactant.
799 2228 855 2274 699.
870 2224 1145 2282 Pan,ArcadiusDeus,
1160 2226 1262 2288 Lyceum

220 2298 322 2362 Argum.
333 2298 357 2349 h.
368 2298 416 2347 fab.

252 2374 309 2422 692.
332 2371 460 2436 illuserat]
481 2373 580 2421 Elndere
598 2372 718 2437 eleganter

218 2445 341 2501 dicuntur,
354 2447 395 2509 qui
410 2462 480 2495 cursu
495 2446 566 2494 celeri
580 2454 605 2495 et
617 2463 659 2511 per
676 2462 717 2495 an·

220 2518 309 2567 fractus
319 2517 460 2568 elabuntur:
475 2519 523 2567 viii.
530 2521 586 2568 687.
595 2519 718 2569 Phaedr.I.

220 2591 271 2641 fab.
282 2592 326 2641 xii.
336 2595 366 2642 9:
376 2611 454 2659 ,ουτω
465 2594 509 2641 leui
521 2593 592 2641 Canes
603 2596 677 2642 elusit.

253 2667 312 2716 694.
324 2667 467 2732 Ortygiam]
486 2667 598 2725 Dianam,
609 2684 671 2732 quae,
680 2684 717 2717 se·

221 2739 328 2789 cundum
339 2741 438 2789 Homer.
447 2741 472 2789 h.
483 2741 566 2806 Apoll.
578 2742 626 2790 xvi.
641 2742 665 2791 in
680 2742 716 2791 in·

220 2815 274 2862 sula
291 2814 392 2879 Ortygia
407 2823 463 2864 nata
478 2815 623 2874 credebatur,
634 2833 716 2880 quem-

221 2887 351 2936 admodum
361 2887 448 2954 Apollo
462 2890 488 2938 in
501 2891 575 2939 Delo.
602 2889 652 2938 Alii
662 2906 717 2939 vero

221 2962 313 3019 volunt,
336 2963 435 3020 Delum,
457 2963 483 3012 in
509 2980 556 3029 qua
575 2965 668 3013 Latona
693 2971 718 3012 et

222 3036 328 3086 Dianam
346 3045 371 3086 et
385 3037 521 3102 Apollinem
539 3039 718 3096 enuntiandis

222 3109 317 3159 nomine
334 3110 459 3176 Ortygiam
475 3128 526 3162 esse
542 3112 645 3161 dictam:
664 3112 718 3162 vide

222 3184 352 3248 Spanhem.
363 3185 394 3234 ad
409 3185 504 3234 Gallim.
515 3187 539 3235 h.
550 3187 631 3252 Apoll.
642 3189 682 3236 59.
694 3197 719 3236 et

222 3258 279 3306 Del.
288 3259 348 3308 266.
380 3258 475 3316 Studiis,
487 3261 625 3320 venatione;
642 3264 719 3310 stadia

222 3330 286 3380 enim
297 3331 353 3380 vita
364 3347 447 3396 genus,
458 3334 521 3398 quod
535 3334 588 3398 quis
599 3334 643 3383 sibi
654 3335 718 3384 dele-

221 3403 265 3468 git,
276 3422 324 3470 quo
335 3405 447 3455 trahitur:
461 3409 592 3458 clamor.
619 3409 719 3467 Celabat,

220 3477 368 3535 imitabatur,
377 3478 402 3527 in
410 3496 456 3546 quo
466 3497 540 3545 genus
550 3482 637 3531 cultus.
655 3482 718 3545 Ipsa-

221 3569 273 3614 que,
285 3561 359 3617 atque
369 3553 443 3602 adeo:
461 3571 532 3620 supra
539 3571 588 3606 ver.
599 3557 647 3604 476
658 3575 663 3603 ι
677 3557 718 3606 In-

221 3637 300 3688 nupta
309 3629 392 3675 aemula
404 3628 501 3678 Prata.
556 3665 560 3668 ·

255 3701 312 3750 695.
338 3701 536 3768 Ritu-Diona]
561 3705 637 3769 Supra
657 3720 719 3768 genu

221 3774 302 3822 cincta
319 3783 386 3824 erat:
403 3775 458 3825 vide
474 3777 563 3843 Spania.
578 3776 608 3826 ad
624 3777 720 3828 Gallim.

223 3846 250 3896 h.
261 3846 336 3896 Dian.
346 3847 379 3897 xi.
389 3851 446 3899 212.
530 3900 532 3905 Α

255 3922 313 3975 696.
331 3917 456 3988 Funebria]
476 3925 505 3972 In
515 3940 543 3973 eo
557 3926 658 3975 multum
668 3927 720 3975 lau·

223 3993 260 4042 (lis
272 4013 277 4041 ι
288 4012 315 4045 v.
327 3996 358 4044 ad
369 3996 404 4045 iii.
419 3999 472 4048 182.
506 3999 612 4048 Latonia.
629 3999 719 4057 Diana,

224 4068 322 4118 Latona
335 4069 393 4119 filia.

255 4143 313 4192 697.
330 4145 442 4208 Aureus]
468 4145 553 4195 Diana
571 4155 638 4195 erant
656 4165 720 4211 παγ-

766 2299 791 2348 in
801 2299 881 2366 primis
891 2308 914 2348 et
925 2298 1065 2354 Maenalum,
1075 2297 1184 2345 Arcadiae
1194 2314 1261 2346 mon·

766 2383 811 2430 tes,
833 2373 936 2422 incolere
963 2372 1117 2420 credebatur:
1144 2372 1263 2422 Theocrit.

767 2447 805 2497 Id.
826 2448 842 2497 i.
868 2450 930 2507 1233
957 2446 1044 2509 Virgil.
1068 2446 1156 2508 Georg.
1175 2445 1192 2493 i.
1216 2448 1246 2495 16
1254 2464 1262 2507 ;

767 2523 850 2570 Horat.
861 2520 906 2569 IV.
915 2520 965 2568 Od.
976 2519 1017 2567 xii.
1048 2518 1086 2566 lbi
1099 2518 1203 2566 babebat
1220 2535 1262 2568 an·

765 2605 809 2651 tra,
821 2595 846 2642 in
865 2594 951 2658 quibus
966 2609 980 2640 a
997 2593 1122 2641 venatione
1137 2593 1211 2642 lessus
1225 2609 1263 2642 re·

765 2670 853 2718 cubare
870 2668 976 2716 solebat:
995 2667 1090 2715 Gallim.
1105 2665 1129 2714 h.
1146 2664 1219 2715 Dian.
1230 2668 1262 2715 87

765 2759 818 2808 sqq.
840 2743 911 2790 Sacra
932 2741 954 2789 ei
973 2748 1023 2788 erat
1039 2743 1116 2802 pinus,
1133 2738 1215 2797 πίτυς,
1231 2740 1263 2789 si-

765 2818 844 2866 milem
865 2819 895 2866 ob
916 2831 1019 2870 causam,
1040 2817 1070 2863 ob
1090 2830 1162 2879 quam
1182 2814 1263 2864 laurus

765 2891 878 2956 Apollini.
916 2891 983 2956 Pitys
1004 2889 1067 2938 enim
1088 2897 1112 2937 et
1132 2889 1184 2954 ipsa
1205 2889 1262 2938 olim

767 2965 847 3031 puella
864 2966 949 3022 fuerat,
967 2979 1039 3027 quam
1058 2971 1177 3038 amaverat
1195 2963 1261 3012 Pan:

767 3039 816 3088 vid.
826 3039 946 3089 Brouckb.
957 3038 987 3087 ad
998 3039 1104 3102 Pmpert.
1113 3037 1134 3085 I.
1146 3037 1210 3086 xviii.
1221 3039 1263 3086 20.

768 3116 853 3180 Itaque
863 3122 935 3179 caput
944 3111 1085 3178 praecingere
1096 3111 1186 3160 solebat
1195 3116 1263 3172 pinu,

767 3189 792 3236 h.
804 3204 826 3236 e.
842 3187 964 3236 frondibus
982 3185 1066 3251 pineis,
1083 3201 1169 3234 corona
1184 3184 1263 3250 pinea,

769 3263 831 3328 quod
848 3271 872 3312 et
889 3260 965 3311 Fauni
983 3261 1061 3309 lacere
1076 3260 1196 3308 solebant:
1214 3261 1263 3309 He·

768 3336 828 3386 roid.
843 3355 868 3386 v.
887 3338 942 3385 137.
970 3337 1075 3384 Vocatur
1093 3345 1171 3390 acuta,
1191 3333 1263 3382 etiam

768 3412 843 3461 A.A.
855 3411 880 3459 ii.
890 3412 945 3459 424.
963 3426 977 3458 a
992 3411 1074 3458 forma.
1107 3409 1146 3457 Ita
1162 3417 1185 3457 et
1202 3407 1264 3456 infra

769 3501 884 3548 cupressus
904 3494 981 3533 acuta.
1022 3485 1065 3531 Est
1092 3491 1172 3530 autem
1195 3483 1265 3542 pinus

770 3559 831 3623 (qua
855 3557 905 3623 ipse
926 3559 1015 3620 Lyceus
1042 3556 1186 3611 abundabat,
1214 3570 1263 3604 ver.

769 3631 830 3692 217)
842 3631 866 3679 h.
876 3632 893 3678 l.
905 3629 1027 3679 silvestris.
1058 3629 1204 3682 Praectnetns,
1216 3626 1264 3676 xiv.

769 3706 817 3754 638
826 3723 832 3752 :
851 3706 925 3752 Panes
933 3721 1019 3752 cornua
1025 3703 1143 3763 precincti
1153 3703 1219 3761 pinu.

802 3780 857 3827 700.
879 3778 981 3840 Refert]
1009 3776 1066 3824 Post
1090 3775 1161 3840 refert
1186 3774 1266 3839 inepte

769 3852 825 3902 olim
844 3853 896 3900 haec
918 3853 990 3900 verba
1011 3849 1098 3898 inserta
1115 3849 1265 3912 legebantur,

772 3928 822 3974 Tibi
846 3928 930 3974 nubere
952 3925 1058 3988 Nympha
1084 3925 1179 3972 uolentis
1207 3923 1267 3971 Votis

771 4002 823 4049 cede
844 4000 898 4047 Dei.
942 3999 1051 4047 Restabat
1077 3999 1152 4047 uerba.
1185 3998 1266 4055 Quum

771 4073 904 4122 Mercurius
926 4071 1033 4128 dixisset,
1054 4071 1120 4120 Talia
1142 4073 1209 4121 uerba
1229 4087 1265 4119 re·

769 4148 826 4209 fert,
843 4147 894 4211 jam
912 4146 1086 4195 succubuerant
1106 4161 1187 4194 somno
1204 4143 1267 4192 oculi
