2812 5010
253 334 723 403 METAMORPHOSEON
747 337 837 401 LlB.
861 336 923 402 VI.
1039 341 1104 404 411

59 520 82 550 “
100 509 191 584 Ulla
207 535 293 586 mea
308 520 378 597 est,
397 511 456 584 vel
475 533 534 584 me
552 511 716 583 visendae
735 510 844 585 mitte
862 513 990 600 sorori,

58 625 131 700 Vel
149 650 252 700 soror
268 626 341 699 huc
359 624 506 700 veniat:
535 627 738 700 redituram
756 638 925 725 tempore
942 652 1055 726 parvo

58 741 264 816 Promittes
282 765 435 816 socero:
465 741 592 837 magui
610 741 700 815 mihi
716 742 879 815 numinis
898 744 1015 817 instar

60 856 291 934 Germanam
307 857 446 932 vidisse
464 857 610 933 dabis.'’
653 857 676 931 J
679 860 770 933 ubet
787 859 850 932 ille
869 859 1015 934 carinas

59 971 104 1046 ln
122 973 219 1048 freta
233 973 392 1064 deduci;
420 976 593 1073 veloque,
613 986 651 1050 et
668 974 809 1071 remige
827 985 957 1072 portus
1032 979 1106 1050 445

61 1089 268 1189 Cecropios
286 1090 421 1180 intrat;
451 1089 650 1188 Piraeaque
668 1091 777 1164 litora
793 1090 927 1186 tangit.

62 1204 117 1279 Ut
135 1206 297 1304 primum
314 1205 434 1279 soceri
451 1205 542 1279 data
556 1205 678 1303 copia,
698 1207 855 1281 dextera
871 1207 1014 1280 dextrae

60 1318 83 1392 J
86 1322 261 1417 ungitur;
290 1331 329 1396 et
345 1321 468 1395 fausto
487 1321 731 1396 committitur
748 1322 873 1394 omine
888 1346 1021 1397 sermo.

63 1436 253 1535 Coeperat,
269 1439 451 1513 adventus
469 1461 635 1523 causam,
652 1438 830 1512 mandata
847 1436 984 1510 referre

64 1553 266 1650 Conjugis3
282 1563 321 1629 et
333 1554 476 1629 celeres
486 1556 611 1628 missae
624 1557 811 1653 spondere
825 1577 1000 1629 recursus
1012 1578 1020 1627 ε
1033 1557 1109 1626 450

63 1665 166 1742 Ecce
183 1669 286 1743 venit
299 1694 435 1768 magno
453 1670 557 1744 dives
575 1669 786 1750 Philomela
802 1679 955 1768 paratu;

61 1956 136 2007 rentis
146 1958 178 2007 de
191 1959 268 2008 salute
278 1968 303 2010 et
313 1960 391 2010 reditu
401 1961 466 2010 filies.
501 1963 560 2020 Qua
612 1959 768 2008 dissimulavit
785 1959 916 2024 syllabam:
943 1958 997 2007 vide
1019 1959 1111 2008 Grono-

63 2029 257 2096 quadrigemina
270 2049 380 2098 expressa
397 2042 460 2092 sunt,
472 2051 499 2083 eo
510 2050 561 2083 ma·
612 2033 686 2090 vium,
706 2035 832 2083 Observat.
847 2035 864 2082 i.
882 2036 905 2082 3.
938 2034 1050 2091 Piraeum,
1070 2033 1108 2082 in-

62 2104 99 2169 gie
109 2114 271 2155 commovetur
287 2107 380 2156 animus
392 2107 485 2156 lectoris
495 2103 561 2157 cala·
612 2107 663 2172 quit
675 2107 814 2165 Pausanias,
825 2108 850 2156 in
861 2106 956 2164 Atticis,
968 2106 1048 2173 δῆμον
1063 2110 1109 2173 μὲν

62 2178 154 2235 mirate,
166 2183 215 2244 que
228 2195 284 2229 mox
295 2181 411 2231 afficietur
420 2182 562 2231 Philomela.
610 2181 636 2230 le
657 2183 776 2239 παλαιοῦ,
793 2183 878 2231 navale
897 2189 922 2230 et
940 2190 1033 2246 portum
1053 2182 1111 2232 fecit

63 2253 88 2301 Si
101 2256 182 2318 gratie
196 2254 247 2304 elle
261 2272 310 2304 nee
323 2266 356 2305 est
363 2273 372 2314 ,·
390 2255 481 2322 siquid
497 2257 560 2323 opud
610 2256 789 2315 Tbemietocles,
798 2273 900 2321 namque
909 2256 1036 2306 Phalerum
1045 2256 1110 2321 prius

64 2336 87 2376 te
97 2343 203 2392 possum.
612 2332 697 2380 navale
708 2330 786 2380 fuerat
796 2330 907 2380 Athenis.

96 2402 154 2449 443.
167 2400 250 2466 Magni
259 2403 315 2450 mihi
324 2407 425 2453 numinis
435 2409 510 2452 iomar
520 2408 562 2453 do·
644 2406 700 2453 448.
723 2405 808 2454 Fausto
831 2405 923 2468 omine]
953 2410 968 2432 ‘⁸
985 2405 1063 2463 Quale
1084 2405 1109 2454 id

64 2476 118 2538 his]
137 2476 273 2525 Illustratur
288 2477 339 2526 heo
354 2477 444 2526 locutio
457 2478 517 2527 locis
532 2480 562 2527 ab
611 2494 681 2527 omen
701 2479 780 2536 luerit,
800 2487 841 2528 aut
859 2479 922 2527 unde
940 2486 1046 2542 captum,
1063 2495 1111 2528 non
1133 2537 1136 2543 Ι

62 2549 163 2599 Heinsio
178 2550 266 2600 allatis.
276 2550 325 2600 xiv.
337 2553 393 2600 408.
404 2552 514 2600 Numinis
523 2557 561 2601 in·
612 2553 680 2601 addit
691 2555 786 2602 Noster.
820 2554 867 2602 Sed
882 2552 1049 2609 credibileest,
1060 2553 1108 2602 Te-

63 2634 112 2672 stor
128 2627 173 2672 eris
189 2642 273 2686 semper
287 2627 351 2674 milri.
367 2626 431 2675 Ibid.
443 2628 500 2676 843.
514 2644 563 2690 pue
613 2643 653 2674 rea
659 2626 890 2677 blandissimaverba
898 2627 1021 2693 protulisse
1031 2627 1111 2692 ;quod

63 2701 163 2748 rimam
177 2716 238 2760 posse
253 2702 328 2749 uidere
344 2701 405 2749 Fato
420 2702 484 2750 semel
497 2703 562 2750 dede·
612 2710 637 2750 et
654 2702 789 2750 dextramm
803 2701 948 2767 conjunctio,
959 2718 1013 2765 quae
1028 2702 1111 2766 optimi

63 2776 122 2830 rint,
129 2775 210 2822 celum
218 2777 325 2836 eeeepiue
324 2775 427 2839 fatebor.
441 2775 563 2824 Drakenb.
613 2775 697 2823 ominis
714 2784 773 2834 erat,
784 2775 883 2823 indicat.
918 2774 1031 2823 Nondum
1046 2775 1110 2823 enim

64 2847 95 2895 ad
105 2846 199 2904 Silium,
209 2847 260 2897 viii.
271 2849 329 2898 283.
346 2848 561 2915 legendumputot,
614 2848 703 2914 aliquid
718 2849 812 2899 sceleris
828 2850 917 2901 Tereus
935 2847 1112 2909 meditabatur;

64 2926 167 2971 muneris
185 2926 267 2980 instar,
288 2923 352 2987 quod
374 2925 449 2972 multo
469 2924 562 2988 langui·
613 2932 694 2988 postea
720 2922 824 2978 demum,
847 2922 898 2972 visa
924 2921 1065 2980 Philomela,
1086 2923 1112 2972 in
1162 2915 1166 2922 ¹

64 2994 127 3045 dius.
160 2994 225 3043 Rem
241 3004 320 3046 autem
337 2997 406 3045 aliter
420 3005 500 3045 narrat
511 2999 562 3062 Hy·
613 2998 664 3063 ejus
689 3012 792 3046 amorem
823 2997 934 3046 incensus
963 2996 1028 3044 est.’'
1071 2997 1111 3046 Sic

64 3068 149 3131 ginus:
170 3069 253 3117 Tereus
267 3073 299 3118 nd
311 3070 451 3118 Pandionem
464 3088 564 3118 moenum
613 3073 772 3120 Burmannus.
805 3073 875 3120 Forte
885 3088 949 3119 omen
960 3070 998 3118 hic
1008 3087 1050 3135 pro
1058 3087 1111 3136 pre·

65 3145 128 3192 uenit
139 3153 253 3208 rogatum,
263 3154 291 3192 ut
303 3145 453 3193 Philomelam
467 3147 564 3194 alteram
614 3145 688 3195 cibus.
722 3146 812 3204 Livius,
834 3147 860 3194 in
883 3144 1031 3211 praefatione,
1053 3147 1112 3195 Cum

58 3220 138 3281 filiam
150 3221 193 3267 ribi
205 3221 231 3266 in
243 3222 376 3284 eonjugium
390 3222 474 3279 daret5
493 3221 564 3268 Proe-
614 3221 675 3268 bonis
685 3223 794 3269 ominibus
804 3223 902 3283 antiopae
912 3222 1019 3281 incipere.

65 3310 111 3343 nen
129 3310 199 3345 suum,
216 3295 275 3341 diem
296 3296 363 3344 eluse
382 3296 448 3345 dicit.
479 3294 518 3343 Sic
540 3303 574 3346 et.
646 3294 704 3342 451.
723 3295 824 3351 Parate,
841 3303 934 3351 ornatu,
957 3301 985 3341 ut
1004 3292 1037 3343 iv.
1054 3294 1111 3342 761.

66 3365 233 3432 Apollodorus.
615 3383 674 3416 nove
691 3367 792 3416 dictum.
827 3368 938 3423 Divitior,
950 3364 1111 3414 excellentior.

99 3441 155 3490 445.
174 3441 265 3490 Dedaei
283 3439 375 3506 proprie
391 3440 503 3491 dicuntur
520 3457 564 3490 na·
615 3441 731 3497 Incedere,
749 3441 779 3489 de
794 3440 832 3497 iis,
853 3441 895 3504 qui
919 3455 974 3488 cum
996 3438 1112 3503 dignitate

67 3528 116 3569 ves,
125 3528 200 3578 quum
208 3513 326 3564 machinis
334 3513 565 3579 suppositisinmare
615 3514 719 3577 quadam
741 3522 782 3562 eut
805 3514 930 3578 majestate
955 3521 1014 3561 eunt
1040 3521 1112 3576 atque

65 3587 226 3637 retrahuntur.
254 3587 404 3639 Contrarium
413 3597 452 3637 est
462 3590 566 3638 subduci.
615 3590 696 3637 oculos
718 3587 838 3644 hominum
864 3587 890 3635 in
913 3604 939 3637 se
965 3595 1113 3636 convertunt.

70 3660 123 3708 Veto
133 3667 159 3708 et
169 3663 262 3726 remige,
275 3661 397 3710 celerrimo
409 3677 495 3710 cursu:
512 3679 565 3724 por·
616 3662 677 3710 Vid.
695 3661 861 3718 schwartzius,
883 3661 914 3709 ad
930 3659 1003 3708 Plinii
1022 3661 1113 3724 Paneg.

68 3743 115 3782 trem
135 3733 245 3783 intraturi
268 3735 376 3789 solebant
399 3734 495 3799 quidem
516 3737 566 3784 vela
616 3736 655 3783 46.
680 3737 739 3783 Mox
748 3735 906 3790 Burmannus,
917 3750 946 3782 ex
958 3731 1111 3783 CodiceLei-

67 3807 236 3871 substringere,
256 3809 346 3864 malum
368 3809 427 3858 adeo
448 3809 566 3875 deponere
615 3809 691 3865 densi,
707 3810 754 3856 illi.
787 3807 821 3856 At
835 3806 945 3872 Dryades
962 3822 1010 3854 non
1028 3814 1113 3870 paratu

67 3881 204 3945 (Drakeob.
214 3882 245 3932 ed
261 3882 306 3932 Sil.
317 3882 382 3933 ii.‘'ll
394 3882 416 3946 3)
434 3882 476 3931 sed
491 3885 567 3932 Poeta
616 3882 779 3932 memorabiles
804 3891 867 3932 sunt.
910 3880 1032 3929 Revocavi
1057 3896 1113 3944 ergo

67 3956 111 4007 hoc
122 3957 190 4009 vult:
208 3961 256 4007 uelo
268 3967 294 4008 et
304 3962 387 4025 remige
399 3958 528 4015 festinavit,
540 3969 567 4009 ut
616 3960 671 4006 illis.
704 3957 790 4006 Confer
804 3957 820 4005 i.
831 3957 879 4006 695
889 3972 941 4020 sqq.
976 3954 1112 4003 Vehemen-

66 4030 133 4081 brevi
143 4031 278 4095 perveniret
287 4033 316 4082 ad
328 4043 408 4095 portus
417 4033 479 4081 illos.
505 4034 564 4079 Por·
616 4033 673 4082 tiam
693 4033 778 4080 amoris
798 4030 888 4096 duplici
908 4029 1062 4078 similitudine
1084 4029 1113 4078 il·
1178 4068 1180 4072 .

67 4114 104 4152 tus
133 4105 258 4168 Cecropios.
288 4115 382 4173 portum
410 4107 566 4156 Athenarum.
617 4107 714 4156 lustrare
735 4106 828 4164 voluit3
855 4105 896 4153 sed
915 4113 999 4153 neutra
1022 4104 1113 4168 placet,

69 4178 164 4236 Piraea5
182 4179 286 4231 debebat
306 4181 386 4233 dicere
406 4183 502 4238 Piraeea,
525 4181 567 4230 sed
617 4180 674 4244 quia
684 4180 751 4244 ignes
760 4179 797 4229 illi
811 4189 834 4228 et
845 4195 909 4228 amor
919 4187 974 4229 sunt
988 4194 1025 4230 res
1035 4178 1112 4230 diver-
