2812 5010
179 329 270 398 xxxii
573 327 833 397 PRAEFATIO

181 512 287 567 torum
315 510 617 586 tempestatumque.
663 499 775 586 Atque
803 501 875 585 lraec
904 503 952 569 its
979 513 1117 572 metata
1142 512 1230 583 sunt,

179 630 216 684 ut
236 619 343 685 omnia
363 618 431 684 fere
451 619 530 684 artis
546 618 716 687 rhetoricae
733 630 767 686 et
785 622 923 706 poeticae
941 623 1107 708 praecepta
1121 645 1231 689 exem·

179 736 241 823 plis
270 760 312 802 ex
341 736 404 805 hoc
433 761 532 823 opere
562 738 672 823 petitis
701 737 855 805 illustrari
882 741 1018 825 possint.
1074 739 1232 807 Continet,

178 854 264 921 enim
292 856 502 933 narrationes,
531 857 703 933 orationes,
733 856 897 942 epistolas,
927 857 1109 944 soliloquia,
1137 869 1231 925 nota·

178 973 283 1038 tiones
307 996 442 1051 morum,
469 975 701 1060 descriptiones
727 976 902 1056 hominum,
928 978 1083 1057 loconuu,
1107 1001 1229 1058 rerum,

178 1090 327 1176 hymnos,
340 1090 430 1157 lusus
453 1092 584 1178 ingenii,
600 1103 637 1158 ut
656 1115 785 1158 carmen
799 1097 1002 1181 pastoritium
1018 1108 1055 1170 ¹et
1073 1111 1229 1176 παρακλαυ-

179 1215 285 1288 σίθυρον,
309 1209 830 1309 prosopopoeias4similitudines,
856 1216 1043 1293 sententias,
1068 1220 1228 1302 acumina,

177 1332 300 1417 figuras
315 1331 417 1395 omnis
434 1329 572 1414 generis.
617 1328 670 1394 Ea
684 1351 761 1394 vero
780 1332 972 1397 tractatione
992 1357 1078 1401 nuuc
1088 1338 1229 1422 jucundi

177 1461 211 1517 ct
230 1450 333 1516 teneri
352 1470 464 1515 sensus
484 1448 518 1511 in
537 1447 642 1518 animo
661 1446 799 1532 legentis
819 1450 1012 1529 excitantur,
1028 1431 1114 1520 nunc
1129 1456 1228 1522 vehe-

178 1571 349 1636 mentiores
364 1567 511 1634 adiectus
526 1579 775 1634 commoventur.

221 1689 350 1765 Restat,
365 1698 403 1752 ut
418 1688 487 1773 jam
500 1686 676 1763 videamus,
690 1707 757 1771 quo
778 1707 929 1750 successu
948 1686 1002 1752 illa
1017 1688 1156 1756 Ovidius
1171 1715 1228 1758 ex·

179 1807 349 1874 ornaverit.
396 1807 660 1872 Conformaverat
684 1807 849 1893 ingenium
877 1807 921 1872 ad
949 1810 1228 1892 praestantissimo-

178 1950 261 2004 rum,
274 1948 358 2011 quos
379 1925 510 1991 Graecia
526 1937 560 1991 et
580 1925 686 1991 Roma
705 1923 856 2002 tulerant,
872 1936 1040 2010 poetarum
1059 1930 1226 2014 exempla3

178 2068 284 2131 neque
300 2046 383 2110 adeo
399 2046 515 2110 mirum
531 2055 591 2123 est,
608 2045 726 2129 passim
742 2067 817 2109 eum
836 2045 968 2109 eosdem
986 2055 1019 2110 et
1037 2046 1071 2110 in
1090 2048 1229 2132 disposi-

178 2167 265 2230 tione
279 2187 386 2230 rerum
400 2165 640 2229 tractandarum
654 2173 688 2228 et
702 2163 735 2226 in
747 2163 941 2227 ornamentis
955 2162 1063 2228 multis
1074 2164 1227 2232 imitando

178 2284 386 2369 expressisse.
432 2281 527 2347 Pleni
554 2292 629 2346 sunt
658 2260 827 2366 poetarum
854 2281 1030 2367 principes,
1060 2281 1226 2349 Homerus

177 2400 412 2486 virgiliusque,
436 2401 481 2466 sic
506 2400 591 2465 enim
617 2397 737 2463 Iliados
761 2408 795 2463 et
809 2397 970 2464 AEneidos
988 2400 1070 2464 ratio
1088 2401 1225 2480 ferebat,

176 2497 297 2604 praeliis
317 2519 537 2603 caedibusque,
552 2517 586 2581 in
601 2517 719 2600 quibus
739 2516 937 2594 enarrandis
952 2539 994 2582 ne
1014 2518 1147 2584 taedium
1161 2519 1226 2586 lec·

177 2639 240 2703 tori
254 2648 410 2714 crearent,
426 2636 640 2722 pugnantium
658 2635 808 2719 patriam,
823 2633 980 2710 habitum,
995 2645 1141 2713 conatus,
1157 2637 1227 2701 vul-

176 2777 266 2832 nera,
281 2765 400 2819 mortes
414 2754 551 2818 maxima
565 2752 721 2818 varietate
732 2753 982 2836 descripserunt.
1027 2753 1150 2818 Noster
1167 2756 1226 2841 igi-

179 2884 358 2956 tur,.quum
377 2871 517 2936 Perseus
537 2881 571 2934 et
587 2869 738 2935 Theseus
759 2871 800 2935 ab
822 2893 862 2935 eo
881 2871 1082 2956 producendi
1104 2885 1225 2954 essent,

178 3013 314 3076 quorum
340 2991 440 3054 virtus
469 2991 565 3054 etiam
593 2991 628 3053 in
655 2988 775 3074 praeliis
804 2989 974 3067 enituerat,
1000 3012 1061 3055 nec
1086 2989 1157 3056 haec
1182 2993 1224 3058 ab

178 3132 277 3195 opere
289 3131 347 3173 suo
361 3131 390 3172 v.
404 3118 438 3173 et
452 3109 508 3172 xii.
519 3109 632 3174 abesse
647 3108 758 3186 voluit,
773 3130 892 3193 easque
908 3109 1141 3194 descriptiones
1158 3133 1224 3176 nou

178 3227 275 3292 modo
296 3228 330 3289 in
351 3227 500 3291 universa
522 3225 748 3303 delineatione,
772 3226 830 3290 sed
857 3227 954 3290 etiam
975 3229 1008 3291 in
1030 3229 1224 3312 quibusdam

177 3343 388 3411 bellatoribus
416 3345 566 3410 notandis
588 3346 629 3410 ad
655 3345 804 3431 exempla
829 3344 885 3410 illa
913 3347 1109 3430 composuit;
1139 3368 1224 3412 eam-

178 3465 317 3546 demque
336 3461 492 3527 rationem
509 3464 605 3527 etiam
623 3464 656 3527 in
675 3465 746 3549 apri
762 3464 930 3549 Calydonii
944 3465 1113 3531 venatione
1132 3488 1224 3532 secu-

177 3592 231 3646 tus
247 3591 306 3647 est.
353 3579 588 3646 Celebrabatur
605 3583 746 3647 omnium
764 3605 909 3648 sermone
926 3582 1069 3648 sublimis
1084 3582 1137 3648 ille
1152 3584 1223 3650 Ho-

177 3684 262 3764 meri
275 3698 377 3775 locus,
392 3720 458 3782 quo
472 3697 605 3784 Jupiter
619 3720 774 3765 concusso
789 3703 894 3785 capite
909 3700 1084 3795 Olympum
1097 3713 1222 3769 movet:

178 3816 274 3881 talem
287 3818 387 3902 igitur
402 3817 517 3883 Jovem
536 3831 569 3883 et
586 3819 656 3907 ipse
672 3820 811 3885 induxit.
857 3820 963 3885 Pestis
978 3821 1222 3906 descriptiones,

178 3956 278 4019 quaa*
286 3935 480 4021 Thucydide
497 3949 676 4024 praeeunte,
692 3939 865 4020 Lucretius
884 3950 981 4024 atque
997 3939 1153 4025 Virgilius
1168 3940 1225 4004 de-

177 4054 303 4130 derant,
318 4055 436 4139 cupide
455 4057 497 4122 ab
516 4060 664 4125 omnibus
682 4057 891 4144 legebantur3
915 4057 1008 4122 simili
1024 4059 1123 4143 igitur
1137 4056 1224 4139 loco,

178 4181 325 4237 auctores
339 4170 410 4236 illos
429 4173 596 4259 effingens,
613 4200 706 4242 suum
721 4198 850 4261 quoque
870 4199 952 4262 opus
973 4177 1107 4242 ornavit.
1152 4175 1222 4240 Ne-
