2812 5010
178 332 243 402 458
472 335 510 399 Ρ.
536 332 698 399 OVIDII
722 331 934 398 NASONIS

174 509 348 596 Vicerat;
377 518 428 593 et,
447 517 574 606 spreto
592 506 703 580 toties
722 506 839 579 iratus
857 529 995 592 amore,
1148 510 1220 580 375

174 625 337 698 Praemia
353 622 525 721 poscenti
542 633 690 697 taurum
708 644 884 720 suprema
899 622 1070 718 negarat.

175 737 247 814 Ille
264 739 491 835 indignatus,
512 737 655 837 Cupies
673 739 775 823 dare,
795 736 913 827 dixit3
943 748 981 810 et
999 738 1075 812 alto

130 887 132 891 ·
177 854 343 929 Desiluit
359 877 473 928 saxo:
502 853 630 926 cuncti
648 851 833 927 cecidisse
850 854 1055 951 putabant:

176 970 314 1043 Factus
332 971 412 1042 olor
429 967 546 1042 niveis
564 969 756 1066 pendebat
773 967 812 1040 in
830 991 917 1042 aera
933 967 1080 1066 permis.

175 1085 228 1159 At
245 1084 416 1181 genetrix
436 1082 568 1182 Hyrie,
588 1083 724 1158 servati
743 1083 882 1170 nescia,
898 1083 1024 1156 flendo
1151 1087 1225 1156 380

177 1200 366 1288 Delicuit;
396 1208 649 1295 stagnumque
665 1222 733 1271 suo
751 1199 800 1271 de
817 1198 966 1271 nomine
983 1198 1084 1272 fecit.

175 1315 337 1413 Adjacet
353 1313 411 1386 his
430 1313 616 1400 Pleuron;
647 1311 685 1384 in
703 1335 779 1409 qua
796 1313 1074 1410 trepidantibus
1092 1312 1162 1387 alis

176 1430 322 1529 Ophias
337 1428 469 1525 effugit
486 1438 658 1502 natorum
675 1429 831 1502 vulnera
846 1427 1005 1502 Combe.

176 1546 271 1620 Inde
291 1545 486 1620 Calaureae
503 1542 679 1618 Letoidos
694 1542 832 1642 aspicit
848 1567 947 1631 arva,

176 1660 223 1735 In
239 1661 535 1737 volucremversi
553 1684 639 1733 cum
657 1662 818 1758 conjuge
836 1659 989 1733 conscia
1006 1657 1120 1755 regis.
1148 1659 1222 1730 385

177 1777 347 1851 Dextera
355 1777 516 1874 Cyllene
527 1786 603 1864 est;
622 1777 660 1849 in
671 1800 843 1873 quacum
858 1786 978 1849 matre
986 1773 1223 1873 Menephron

178 1892 456 1966 Concubiturus
475 1900 566 1979 e‘rat,
586 1917 767 1967 saevarum
785 1916 888 1965 more
904 1890 1080 1964 ferarum.

179 2006 373 2106 Cephison
392 2008 522 2105 procul
540 2006 627 2080 hinc
646 2007 848 2080 deflentem
865 2006 945 2080 fata
962 2005 1125 2104 nepotis,

179 2123 354 2223 Respicit
370 2124 409 2196 in
427 2123 611 2197 tumidam
625 2123 780 2196 Phocen
793 2123 841 2196 ab
860 2122 1036 2220 Apolline
1052 2120 1152 2194 versi
1166 2146 1176 2205 ;

179 2236 404 2336 Eumelique
419 2239 571 2312 domum
588 2237 753 2335 lugentis
770 2237 809 2309 in
827 2260 913 2310 aere
930 2246 1070 2310 natam.
1154 2238 1227 2307 390

177 2352 348 2426 'l-'andem
365 2353 525 2452 vipereis
544 2352 724 2452 Ephyren
743 2351 923 2425 Pirenida
939 2351 1073 2449 pennis

179 2467 371 2566 Contigit:
400 2469 461 2543 hic
480 2493 558 2542 aevo
575 2479 722 2544 veteres
740 2466 912 2542 mortalia
930 2469 1050 2565 primo

210 2751 434 2800 warmume
447 2752 613 2814 serapeum]
626 2753 677 2800 Re·
759 2752 817 2800 384.
847 2751 959 2807 Letoidos,
984 2765 1027 2814 pro
1055 2749 1173 2806 Latoidos,
1198 2764 1227 2797 ex

178 2824 211 2888 gii
223 2825 340 2883 nostrils
353 2841 413 2875 aere.
445 2827 531 2875 Utrum
542 2825 679 2892 praestiterit
727 2826 814 2875 Graeco
826 2822 954 2885 Δητόιὸος.
986 2822 1094 2888 Apollini
1105 2839 1174 2872 sacra
1188 2823 1230 2872 luit

177 2913 226 2946 non
243 2898 356 2958 dixerim
367 2898 422 2947 vide
438 2898 463 2947 in
478 2899 539 2948 libro
555 2897 605 2948 viii.
622 2901 678 2950 145.
730 2897 850 2955 Calauria,
866 2904 948 2963 postea
966 2895 1068 2962 Delphis
1083 2904 1230 2946 commutata

169 2975 340 3034 jomperrdebat
353 2977 469 3022 inauras.
615 2965 617 2969 ⁸
729 2971 858 3036 Neptuno:
880 2971 936 3020 vide
957 2971 1056 3020 Stsnlei.
1077 2971 1109 3020 td
1127 2972 1229 3037 AEschy-

212 3046 268 3094 381.
278 3047 404 3110 Dolionis]
418 3046 589 3110 Deliquescere
600 3047 631 3097 de
642 3061 679 3097 so·
730 3043 789 3101 lum,
811 3046 883 3093 Eum.
903 3045 943 3093 ³0.
977 3044 1128 3105 Menephron,
1146 3043 1230 3100 Arcas,

179 3115 229 3164 lido
247 3133 351 3183 corpore,
368 3119 432 3184 quod
451 3119 529 3168 difluit
545 3119 570 3168 in
588 3136 679 3186 aquas:
730 3133 785 3165 cum
806 3117 892 3166 Bliade
914 3126 1036 3174 mercast
1055 3132 1111 3166 cum
1128 3117 1230 3182 Cyllene

181 3188 250 3238 aliter
260 3189 294 3239 iv.
306 3192 364 3240 253.
730 3190 780 3239 filia
791 3192 928 3241 concubuit.
952 3190 1070 3256 Hyginus,
1078 3191 1164 3240 fabula
1174 3193 1230 3241 253.

214 3263 270 3311 382.
297 3264 422 3328 Pleuron]
450 3264 566 3328 Micyllus
586 3265 682 3330 corrigit
763 3265 820 3312 388.
843 3265 933 3327 Cephisi
953 3264 1012 3322 filis,
1033 3265 1129 3313 nomine
1147 3265 1232 3314 Praxi·

180 3336 298 3387 Bmuron.
325 3337 398 3402 Regii
416 3337 499 3395 nostri,
520 3339 681 3396 Pharaone}
730 3337 796 3395 rhea,
817 3347 892 3404 nupta
913 3338 958 3387 fuit
974 3339 1117 3396 Erechtheo,
1133 3354 1164 3389 ex
1184 3355 1231 3403 qua

181 3410 297 3460 Phaurorr.
315 3412 412 3460 AEtolirs
429 3427 484 3477 pars
499 3412 556 3460 olim
572 3427 586 3461 a
600 3420 680 3463 monte
729 3410 771 3460 ille
790 3421 844 3461 octo
864 3412 951 3462 liberos
973 3413 1087 3478 suscepit,
1109 3428 1123 3461 e
1145 3412 1232 3477 quibus

180 3484 254 3534 Curio
271 3484 384 3534 Curetica
404 3491 429 3534 et
450 3485 579 3535 Pleuronia
599 3487 680 3548 dicta;
730 3501 792 3535 unus
818 3484 998 3550 intelligendus.
1043 3486 1154 3549 meiat.
1175 3486 1231 3551 quis

182 3558 285 3607 Pleuron
307 3559 371 3608 enim
392 3559 423 3608 ad
442 3568 546 3609 montem
565 3561 678 3610 Curium:
729 3557 772 3607 illa
790 3559 843 3608 loca
859 3560 910 3625 jam
931 3567 984 3625 post
1004 3565 1097 3623 tergum
1118 3559 1231 3608 habebat.

180 3631 230 3681 vid.
242 3634 347 3683 Palmer.
357 3635 456 3684 Grecos
466 3634 637 3699 Antiquitates‚
648 3636 681 3686 iv.
730 3631 798 3680 Male
808 3632 880 3696 igitur
889 3632 1002 3681 Heinsius
1011 3631 1116 3696 corrigit,
1128 3635 1231 3694 demisit.

183 3705 221 3754 lb.
261 3706 308 3755 Sed
332 3707 434 3756 Pleuron
461 3707 558 3756 minime
586 3708 680 3775 adjacet
731 3704 823 3754 Eumsli
849 3708 947 3754 domum.
980 3705 1095 3770 Micyllus
1118 3705 1232 3770 intelligit

180 3778 268 3844 Hyries
285 3780 358 3829 lacni.
387 3781 539 3830 Burmannus
555 3797 611 3846 ergo
628 3797 679 3830 cre·
728 3779 933 3836 Patrss,Achaiae
950 3780 1043 3836 urbem,
1059 3779 1128 3845 eujus
1142 3779 1231 3844 primus

180 3851 226 3910 dit,
241 3861 336 3918 poetam
352 3853 377 3901 in
395 3869 494 3902 errorem
510 3855 611 3919 lapsum,
622 3855 679 3920 quis
728 3867 769 3902 rex
781 3854 906 3903 Eumelus.

181 3940 243 3974 nova
262 3926 365 3975 Pleuron
389 3927 421 3976 ad
446 3937 550 3976 montem
571 3930 678 3994 Aracyn-
761 3929 819 3976 ³91.
852 3929 946 3992 Ephyre
983 3927 1108 3993 antiquum
1145 3942 1231 3976 nomen

180 3999 250 4047 thum
270 4000 339 4049 luerit
359 3999 419 4061 sita3
436 4002 503 4052 illum
520 4017 575 4052 vero
594 4003 680 4052 multos
729 4001 846 4060 Corinthi,
875 4002 916 4051 ubi
945 4002 1030 4050 Pirene
1050 4001 1120 4050 lons.
1168 3999 1230 4049 Pris-

181 4070 312 4121 inBoeotia
322 4073 442 4123 statuisse.
478 4075 556 4123 comte
565 4075 678 4125 Curetum
733 4074 754 4124 ci
782 4075 866 4126 incole
887 4093 900 4125 e
924 4074 1073 4141 fungis'orti
1101 4075 1232 4124 credeban·

181 4142 206 4190 in
219 4144 309 4193 AEtolia
321 4155 403 4203 mater,
414 4156 486 4210 gente
499 4149 627 4210 Ophiemis.
733 4156 778 4198 tur.
