2812 5010
179 333 223 398 86
478 329 518 394 Ρ.
542 327 703 394 OVIDII
729 323 940 392 NASONIS

182 508 361 604 Corpore,
382 516 487 579 etex
505 528 581 577 una
601 502 792 601 pendebat
811 499 954 596 origine
971 498 1126 572 bellum.

180 621 292 696 Nunc
310 621 502 719 mihique
516 629 638 693 toturn
655 618 802 692 Nereus
820 616 1070 690 circumtonat
1085 612 1227 696 orbem,

180 739 422 813 Perdendum
441 737 597 809 mortale
616 758 756 831 genus:
785 755 853 830 per
870 731 1024 805 flumina
1037 732 1122 827 juro

179 854 316 942 Insere,
337 855 407 927 sub
426 864 544 926 terras
561 851 695 951 Stygio
714 849 881 924 labentia
896 849 993 934 luco,

180 972 330 1044 Cuncta
348 971 451 1069 prins
469 980 637 1044 tentata:
666 966 734 1041 sed
753 963 1028 1039 immedicabile
1045 961 1181 1033 vulnus

179 1086 281 1162 Ense
301 1085 558 1172 recidendum,
574 1109 622 1157 ne
640 1107 727 1182 pars
746 1082 892 1156 sincera
909 1079 1088 1152 trahatur.
1158 1076 1224 1146 191

180 1203 279 1277 Sunt
288 1203 379 1275 mihi
391 1201 576 1289 Semidei3
598 1209 686 1272 sunt
696 1198 836 1271 rustica
846 1195 1011 1280 numina,
1023 1191 1227 1290 Nymphae,

178 1318 387 1415 Faunique,
409 1317 627 1416 Satyrique,
647 1325 687 1388 et
706 1312 915 1387 monticolae
936 1308 1099 1383 Silvani:

179 1433 283 1518 Quos
303 1433 480 1530 quoniam
499 1431 583 1506 coeli
603 1429 769 1503 nondum
787 1429 986 1523 dignamur
1003 1424 1157 1508 honore,

179 1548 283 1633 Quas
302 1550 485 1636 dedimuS,
506 1558 607 1622 certe
624 1556 743 1620 terras
760 1542 930 1616 habitare
946 1540 1125 1613 sinamus.
1159 1540 1229 1609 195

175 1664 237 1737 An
255 1666 359 1752 satiS,
380 1691 401 1738 0
422 1665 569 1763 Superi,
589 1673 690 1736 tutos
709 1659 787 1735 fore
805 1659 956 1734 creditis
977 1658 1073 1744 illos,

178 1779 306 1864 Quum
320 1780 423 1867 mihi,
436 1780 502 1877 qui
516 1779 669 1864 fulmen,
683 1778 749 1876 qui
759 1801 825 1850 vos
840 1777 1038 1872 habeoque
1048 1796 1228 1870 regoque,

180 1895 368 1970 Struxerit
385 1896 553 1982 insidias,
572 1906 684 1968 notus
703 1893 850 1968 feritate
869 1890 1068 1992 Lycaonl’'

180 2012 447 2087 Confremuere
466 2037 608 2098 omneS,
626 2011 840 2110 studiisque
858 2009 1077 2086 ardentibus
1095 2032 1229 2081 ausum

218 2256 272 2304 187.
309 2257 488 2321 Qun—orbem]
522 2257 601 2314 Quem
628 2257 676 2306 late
727 2271 775 2321 qua
786 2254 883 2304 numina
893 2254 918 2302 in
928 2251 1009 2310 terris;
1022 2251 1153 2300 humanum
1164 2248 1228 2297 enim

178 2329 289 2379 Oceanus
315 2340 401 2379 terram
428 2331 510 2388 ambit,
533 2348 604 2395 quam
629 2333 676 2381 late
727 2345 803 2394 genus
811 2345 880 2378 omne
889 2326 1036 2393 perdendum
1045 2332 1104 2375 eret.
1139 2325 1228 2372 Trebo-

178 2410 240 2452 terra
266 2413 347 2470 patet:
382 2405 414 2455 cf.
439 2405 555 2455 Heroidd.
576 2406 609 2455 ix.
632 2408 677 2466 143
728 2403 893 2463 tor,avitiate
904 2410 971 2468 parte
983 2401 1116 2449 inficiatur:
1135 2399 1160 2448 ii.
1172 2400 1229 2448 826.

177 2478 275 2527 Fastv.
291 2481 331 2529 85.
365 2481 463 2536 Nereus,
481 2481 548 2529 Deus
564 2481 676 2539 marinus,
762 2480 816 2527 192.
849 2479 953 2532 Semidet,
979 2473 1082 2540 ἡμίθεοι,
1116 2473 1229 2523 dicuntur

177 2567 278 2601 unusex
289 2553 470 2618 antiquissimis:
484 2553 678 2620 HesiodTheog.
727 2552 800 2602 etiam
817 2554 899 2607 heroes,
918 2558 943 2599 et
963 2556 1030 2598 erant
1047 2548 1129 2596 infima
1147 2546 1226 2612 digni-

177 2625 234 2674 233,
269 2627 441 2676 Circumtmore
456 2629 518 2676 bene
532 2627 563 2676 de
578 2628 677 2693 strepitu
728 2637 787 2684 tate,
798 2624 918 2674 inferiores
927 2625 999 2673 etiam
1010 2621 1146 2670 numinibus
1155 2621 1228 2670 rusti·

178 2698 311 2760 undarum3
329 2717 393 2750 mare
404 2701 467 2749 enim
481 2709 516 2749 est
528 2700 677 2766 πολύφλοισ-
727 2701 775 2749 cis:
792 2699 847 2749 vide
859 2699 946 2764 Cuper.
956 2699 1056 2746 Observ.
1067 2695 1101 2744 iii.
1117 2697 1155 2746 16.
1189 2697 1229 2746 De

176 2770 234 2832 βον.
268 2773 302 2822 Ut
320 2774 345 2822 h.
363 2775 380 2823 l.
394 2777 483 2824 Nereus
500 2779 677 2834 circumtonsus,
728 2775 841 2838 Nymphis
848 2790 889 2839 per
900 2783 984 2822 terram
994 2770 1165 2826 habitantibus,
1172 2770 1228 2820 vide

176 2844 210 2892 sic
227 2847 325 2896 Hesiod.
340 2849 459 2914 'l'beogon
477 2850 533 2897 441.
550 2849 678 2914 ἑρίκτυπος
727 2850 826 2899 Hesiod.
836 2849 926 2912 Theog.
940 2848 992 2895 129.
1004 2847 1060 2894 364.
1094 2847 1174 2908 Satyri
1189 2845 1227 2893 in-

177 2919 317 2984 Neptunus:
337 2931 360 2969 et
371 2922 613 2986 ap.Homer.h.Mer.
623 2926 677 2974 187.
727 2933 823 2973 ventum
843 2923 987 2972 Graecorum.
1021 2921 1100 2969 Fanni
1116 2919 1141 2968 in
1155 2920 1230 2969 Italis

177 2992 305 3058 Neptunus
314 2995 483 3061 ἐρισφάραγος.
727 2996 841 3061 originem
860 2997 959 3051 habent,
978 3001 1104 3060 postquem
1122 2994 1228 3052 Faunus,

212 3068 266 3116 188.
283 3070 363 3117 Unum
379 3070 453 3135 Styga
470 3070 674 3136 circumloquitur.
724 3072 777 3121 Pici
788 3072 858 3129 filius,
869 3078 967 3136 quartus
979 3068 1056 3117 Italiae
1074 3084 1125 3124 rex,
1136 3069 1167 3116 ob
1177 3085 1228 3118 me·

180 3141 293 3191 Labaetia
311 3143 379 3200 dixit,
390 3144 447 3208 quia
463 3147 509 3193 lobi
523 3145 627 3195 solemne
645 3147 676 3196 de
724 3146 769 3195 rita
777 3146 803 3194 in
813 3162 862 3194 rem
874 3147 986 3193 rusticam
995 3143 1056 3191 inter
1063 3143 1129 3191 Deos
1137 3141 1228 3191 relatus

176 3215 262 3273 fluviis,
277 3232 414 3282 quanquam
428 3236 463 3284 pr.
479 3219 580 3268 celerem
596 3236 675 3270 eorum
725 3228 783 3268 erat.
816 3219 868 3268 Illis
877 3218 1040 3267 tribuebantur
1048 3216 1227 3282 pedescaprini,

176 3288 301 3339 decursum
317 3290 435 3355 exprimit,
447 3293 488 3356 qui
503 3309 550 3341 non
566 3296 676 3344 convenit
723 3293 761 3342 his
780 3310 835 3342 non.
869 3295 936 3357 Saepe
955 3307 1010 3339 vero
1029 3290 1081 3338 haec
1102 3289 1226 3339 numinum

176 3365 252 3430 Stygi,
272 3365 344 3430 pigrae
366 3365 457 3431 paludi.
499 3367 675 3428 Immedicubtls,
724 3383 811 3432 genera
831 3366 1014 3416 confunduntur.
1048 3363 1111 3413 Vide
1130 3364 1227 3414 omnino

175 3447 223 3489 etc.
257 3439 323 3489 Talis
343 3439 460 3490 sententia
476 3439 524 3489 vim
545 3443 676 3505 argumenti
725 3440 1088 3507 Heyn,inlibroAntr'qtmriscbe
1101 3438 1229 3504 dusmetse,

176 3513 260 3563 habet.
305 3514 400 3571 Vulnus,
419 3516 552 3564 membrum
580 3516 677 3567 vulnere
725 3525 742 3565 t.
759 3516 784 3564 ii.
801 3534 825 3582 p.
842 3519 873 3566 53
890 3531 942 3579 sqq.
960 3523 985 3563 et
1001 3512 1026 3560 in
1042 3514 1143 3561 Excurs.
1154 3529 1178 3561 v.
1196 3512 1229 3561 ad

176 3588 322 3637 morbidum:
340 3605 380 3637 xv.
391 3589 431 3637 93.
446 3592 543 3637 onlnem
560 3593 675 3647 mandere,
726 3593 784 3639 AEn.
794 3590 843 3639 viii.
858 3609 882 3657 p.
899 3591 953 3638 125.
984 3588 1091 3636 Silvanus
1107 3586 1164 3635 alibi
1181 3603 1229 3636 non

175 3663 583 3712 carnesbestiarumvnlneratamm.
602 3665 677 3723 Ensis,
726 3663 772 3712 nisi
791 3680 861 3722 unus,
880 3663 952 3713 etiam
970 3661 1019 3711 xiv.
1036 3662 1092 3710 637.
1110 3661 1134 3708 in
1156 3659 1228 3710 simili

174 3737 261 3786 serrum
278 3737 432 3785 medicorum.
465 3738 543 3787 Grave
562 3737 607 3786 hoc
624 3755 677 3789 voc.

175 3807 211 3857 ira
227 3810 397 3874 suppeditavit.
432 3811 511 3859 Etiam
528 3811 608 3861 Rutil.
618 3811 676 3861 Itin.

175 3881 194 3929 i.
206 3883 264 3930 311.
276 3882 344 3940 dixit,
355 3892 452 3933 notante
462 3886 545 3933 Burm.
554 3902 605 3934 ense
618 3889 676 3935 reei-

175 3957 228 4004 ders
238 3959 331 4005 malurn.
365 3959 468 4015 Sincera,
479 3959 579 4024 integra,
590 3968 616 4008 ut
632 3960 675 4010 xii.

175 4029 220 4088 993
247 4038 329 4078 contra
354 4030 421 4096 Virg.
448 4034 536 4097 Georg.
562 4033 596 4082 iv.
616 4036 674 4084 284.

173 4119 242 4151 emtor
257 4107 391 4161 innuentes,
401 4116 524 4172 corruptus
538 4109 674 4172 putredine.

174 4175 271 4241 Integra
281 4187 360 4228 autem
370 4196 425 4245 pars
436 4192 490 4229 sunt
499 4183 574 4231 Fauni
585 4193 609 4232 et
620 4184 673 4232 reli-

726 3739 842 3804 catalogo.
877 3739 997 3794 Habitare,
1006 3752 1090 3801 nempe
1102 3742 1161 3783 tuto.

761 3815 815 3862 197.
832 3814 862 3862 Se
879 3812 992 3862 describit
1002 3812 1082 3860 Deum
1098 3823 1227 3859 summum.

728 3888 834 3943 Fulmen,
847 3887 939 3951 insigne
949 3884 1035 3935 summi
1043 3883 1143 3950 imperii.
1176 3885 1229 3932 Ha-

727 3963 785 4018 bere,
797 3970 823 4010 ut
840 3962 917 4011 Graec.
930 3962 1005 4025 ἔχειν,
1019 3961 1044 4008 in
1054 3967 1172 4026 potestate
1183 3975 1228 4008 sua

726 4035 820 4085 habere.
854 4034 947 4085 Referri
962 4034 1034 4099 igitur
1048 4042 1072 4083 et
1090 4032 1121 4082 ad
1137 4032 1228 4082 fulmen

725 4116 750 4157 et
760 4108 791 4157 ad
803 4109 868 4158 Deos
877 4117 963 4174 potest.

760 4184 813 4230 199.
833 4183 993 4248 Confremuere
1007 4198 1087 4238 omnes,
1099 4181 1159 4243 ete]
1179 4179 1227 4229 Hic
