2812 5010
383 333 854 434 METAMORPHOSEON
876 336 967 402 LIB.
988 335 1031 401 V.
1160 336 1226 401 357

182 505 328 604 Stagna
341 506 566 594 Palicorum,
585 517 696 607 rupta
711 507 894 607 feryentia
908 518 1008 584 terra
1021 535 1044 598 ;x

182 621 234 696 Et
249 648 327 722 qua
345 623 584 724 Bacchiadae,
603 624 736 698 bimari
754 650 847 722 gens
865 636 948 700 orta
966 625 1160 715 Corinth0,

181 737 288 813 Inter
305 740 509 839 inaequales
527 751 734 841 posuerunt
750 741 887 815 moenia
904 752 1047 841 portua.
1161 750 1164 757 '

232 853 305 928 Est
321 856 486 954 medium
506 855 672 955 CyaneS,
692 867 731 930 et
750 856 883 930 Pisaeae
901 856 1113 945 Arethusae,

182 967 294 1053 Quod
312 971 388 1046 coit
405 971 574 1069 angustis
589 971 776 1046 inclusum
791 965 979 1059 cornibus,
992 978 1130 1070 aequor.
1149 976 1226 1046 410

182 1082 1224 1185 Hicfuit,aoujusstagnumquoquenominedictumest,

181 1198 287 1275 Inter
306 1201 490 1277 Sicelidas
509 1203 642 1301 Cyane
659 1202 903 1278 celeberrima
920 1202 1140 1302 Nymphas3

182 1316 342 1414 Gurgite
360 1344 444 1417 quae
458 1321 582 1395 medio
600 1344 746 1394 summa
762 1305 872 1394 tenus
889 1319 1019 1394 extitit
1035 1305 1130 1405 alre,

181 1431 421 1532 Agnovitque
440 1435 587 1510 Deum:
617 1444 642 1474 “
658 1435 741 1510 Nec
758 1432 906 1531 longius
924 1433 1063 1521 ibitis,”
1078 1431 1201 1532 inquit
1213 1461 1229 1538 εΙ

183 1555 207 1584 “
227 1548 316 1623 Non
334 1561 443 1649 potes
461 1550 585 1626 invitae
605 1551 754 1627 Cereris
772 1576 890 1648 gener.
902 1575 1007 1640 esse3
1036 1549 1214 1646 roganda,

184 1663 273 1739 Non
291 1667 470 1765 rapienda
485 1667 577 1742 fuit:
602 1669 707 1766 ‘quod
726 1668 757 1741 si
775 1690 999 1768 componere
1016 1665 1161 1764 magnis
1223 1763 1228 1770 .

183 1779 307 1856 Parva
323 1783 414 1856 mihi
431 1783 487 1857 fas
505 1794 577 1872 est,
596 1795 635 1859 et
651 1809 712 1859 me
729 1782 864 1857 dilexit
879 1781 1047 1881 Anapis:
1148 1785 1222 1856 417

184 1895 352 1973 Exorata
368 1908 508 2001 tamen,
527 1924 611 1988 nec,
630 1909 673 1974 ut
689 1901 781 1987 haec,
800 1898 979 1978 exterrita
996 1897 1145 1998 nupsi.”

183 2177 237 2244 quis
257 2178 306 2228 dno
326 2179 432 2246 epitheta
452 2181 486 2231 sic
510 2182 596 2249 juncta
616 2183 679 2235 vitu·
727 2184 794 2234 fluvii
813 2200 827 2235 e
848 2191 910 2234 terra
928 2182 1073 2250 prorumpit:
1096 2182 1152 2233 vide
1168 2184 1223 2234 Cic.

181 2255 263 2319 perctt
292 2255 382 2319 Stagna
392 2252 434 2305 illa
447 2265 516 2306 erant
528 2265 553 2307 et
564 2259 680 2309 ferventia
728 2261 795 2309 Verr.
805 2258 838 2309 iv.
846 2260 887 2309 5³.
921 2258 970 2308 Cur
981 2259 1055 2307 Pirae
1072 2258 1172 2315 dicatur,
1187 2258 1224 2306 in-

180 2335 205 2376 et
215 2329 313 2378 olentia.
340 2329 523 2396 Palaemoni
535 2331 679 2392 fratreeJo
728 2331 991 2398 fraapparebitevers·
1002 2333 1050 2381 487
1061 2341 1086 2382 et
1096 2332 1154 2380 494.
1173 2332 1224 2380 Me-

180 2399 217 2449 ris
226 2409 252 2450 et
265 2401 360 2452 Thalem
370 2405 481 2470 nymphe
491 2405 543 2463 filii,
553 2407 584 2456 de
593 2407 680 2472 quibus
728 2410 793 2456 dium
803 2408 899 2471 Cyanes,
909 2406 971 2456 inter
979 2406 1078 2471 Cyanen
1087 2413 1112 2455 et
1119 2406 1224 2455 Arethu-
1242 2471 1244 2474 y

181 2471 255 2526 Diod.
264 2476 313 2529 Sic.
321 2477 354 2527 xi.
361 2480 393 2528 89
402 2498 410 2540 ;
420 2481 532 2530 Macrob.
541 2499 567 2531 v.
580 2482 618 2531 19.
639 2483 678 2532 Ab
728 2496 787 2539 sm,
803 2490 830 2530 ut
844 2481 913 2537 infra,
924 2481 981 2530 644.
997 2483 1096 2530 maiam
1112 2481 1163 2530 coeli
1177 2491 1224 2529 ter-

181 2546 218 2598 his
229 2551 315 2600 Paliae
331 2553 387 2602 urbs
402 2552 475 2611 dicta,
491 2554 610 2620 juxtaque
626 2571 679 2605 eam
727 2570 808 2618 raquo,
823 2562 848 2604 et
862 2554 946 2604 Horat.
956 2554 991 2602 11.
1003 2553 1051 2603 Od.
1061 2553 1112 2601 xix.
1125 2554 1166 2602 28.
1178 2571 1224 2602 me·

182 2623 317 2672 Palicorum
326 2627 395 2683 brus,
404 2625 482 2692 λίμνη
490 2626 617 2685 Παλίκων,
625 2633 678 2679 Πα-
729 2629 781 2675 dias
796 2631 858 2690 pacis
874 2637 896 2675 et
912 2628 973 2676 tetri.
1005 2626 1108 2695 Leuzius
1120 2641 1176 2674 vero
1190 2626 1226 2676 ita

180 2697 265 2758 λικινὴ
290 2697 381 2763 κρήνη,
408 2703 529 2766 κρατῆρες
552 2701 679 2752 Παλίκων.
726 2699 807 2765 jungit
815 2701 897 2765 rerba,
910 2701 952 2749 Est
965 2703 1063 2749 medium
1075 2703 1227 2763 equumque}

180 2770 295 2820 Habebat
314 2787 387 2837 aquas
404 2774 527 2832 sulfureas,
544 2783 569 2824 et
586 2775 679 2825 emitte·
729 2775 833 2822 coratio
845 2774 935 2837 Cyanee
951 2783 973 2822 et
984 2775 1101 2822 Arethusa
1111 2774 1226 2823 inclusam

180 2844 223 2893 bat
238 2861 337 2909 gravem
354 2847 500 2904 odoramen
516 2850 612 2900 tradunt
628 2851 679 2900 Sta·
729 2850 782 2896 coit.
814 2849 875 2906 Qua
895 2847 1021 2897 includunt
1039 2857 1119 2914 portus
1134 2856 1177 2896 aut
1194 2848 1226 2896 si·

181 2919 276 2984 phanus
286 2918 346 2984 Byz.
357 2922 449 2980 Strabo,
461 2930 486 2972 et
497 2923 546 2974 alii.
729 2937 783 2979 nus,
793 2923 885 2970 brachiu
896 2920 954 2971 alibi
964 2921 1039 2970 solent
1049 2921 1097 2970 dici
1110 2931 1136 2970 et
1145 2939 1226 2980 crura,

213 2995 272 3044 407.
283 2995 474 3062 Baccbiodoram,
485 2998 527 3063 qui
542 3014 557 3047 a
572 2998 679 3050 Bacchis
728 3012 791 3045 nnnc
807 3012 822 3045 a
836 2996 911 3045 forma
924 3013 1021 3046 ceraue
1054 2995 1097 3054 Iis,
1112 2996 1225 3061 qnoniam

180 3068 219 3116 rel
229 3068 354 3119 Bacchide
364 3087 440 3135 genus
450 3072 578 3129 ducebant,
588 3072 680 3139 inclyta
727 3080 783 3121 sunt
796 3080 903 3137 ungarie
918 3086 983 3120 mare
998 3073 1051 3128 coit,
1064 3080 1184 3119 coercetur
1200 3070 1226 3120 in

182 3140 272 3190 familia
286 3157 403 3192 summam
417 3143 482 3209 apud
494 3144 627 3194 Corinthios
636 3161 678 3211 po-
728 3153 854 3210 angustum
865 3145 975 3211 spatium.
999 3144 1057 3194 Vid.
1070 3144 1148 3193 Cicer.
1157 3145 1227 3194 Verr.

181 3222 291 3265 testatem
304 3216 423 3278 obtinuit;
440 3218 483 3268 sed
498 3218 548 3268 sive
563 3220 594 3267 ob
608 3219 679 3269 luxu·
728 3218 760 3268 iv.
772 3221 812 3268 52.
828 3218 948 3268 Arethusa
963 3226 1014 3282 erat
1026 3217 1051 3265 in
1065 3217 1144 3267 insula
1153 3219 1227 3269 urbis.

180 3288 248 3345 riam,
259 3288 309 3339 sive
322 3292 353 3339 ob
369 3291 506 3340 affectatam
518 3292 678 3356 tyrannidem,
728 3293 766 3340 Ea
786 3293 903 3358 disjuncta
923 3294 982 3342 mari
1003 3303 1113 3356 angusto.
1148 3292 1237 3355 Cyane'

181 3362 310 3428 aCypselo
320 3365 419 3430 expulsa
428 3373 474 3415 est.
501 3366 595 3416 AElian.
608 3367 679 3417 V.H.
731 3365 837 3430 Nympha
849 3368 895 3416 fnit
905 3367 931 3415 in
944 3366 1070 3417 comitibus
1080 3367 1225 3432 Proserpina

180 3434 196 3484 i.
207 3436 481 3497 193Pausan.Corinm
492 3456 517 3504 p.
528 3439 678 3500 1203Schol.
728 3441 860 3490 secundum
871 3441 958 3491 Claud.
968 3440 1046 3489 ii.61.
1080 3441 1224 3495 Exeruere-

180 3509 354 3575 Apollon.Rh.
371 3511 402 3560 ad
417 3512 451 3562 iv.
465 3515 536 3562 1212.
569 3514 677 3572 Biuurris,
728 3523 800 3581 pente
811 3515 906 3579 prodiit.
940 3515 1032 3562 Summo
1049 3524 1114 3562 terras
1128 3515 1187 3568 alvo,
1197 3520 1226 3560 ut

180 3580 337 3643 διθάλασσος,
356 3601 410 3650 quae
431 3602 446 3634 a
466 3587 558 3636 duobus
574 3588 678 3637 maribus
728 3588 804 3636 solent
814 3586 913 3637 numina
923 3603 1038 3652 aquarum
1049 3595 1139 3634 natare.

179 3655 291 3721 cingitur,
300 3657 367 3707 Ionio
378 3667 403 3707 et
414 3661 509 3724 AEgaeo.
542 3661 678 3711 Factahaec
761 3663 818 3711 417.
836 3663 923 3724 Aropo
943 3677 985 3710 seu
1005 3663 1108 3723 Anapum,
1129 3660 1223 3717 fluvius,

179 3745 224 3778 vox
240 3730 335 3781 videtur
351 3735 382 3782 ab
399 3735 484 3782 Horat.
496 3734 518 3783 I.
535 3735 584 3784 Od.
595 3734 637 3784 vii.
652 3738 676 3784 2.
729 3736 778 3801 qui,
796 3735 837 3785 ubi
853 3735 952 3799 Cyanen
969 3735 1068 3801 recepit,
1087 3733 1113 3782 in
1132 3742 1226 3798 portum

178 3804 221 3853 ubi
232 3805 283 3854 rid.
292 3806 317 3856 J.
327 3807 408 3857 Douz.
441 3807 538 3866 Mania,
548 3809 677 3874 Syracusas
726 3809 840 3875 majorem
850 3810 1019 3874 Syracusarum
1029 3825 1056 3858 se
1066 3816 1188 3856 exonerat.
1200 3806 1226 3877 ii.

176 3877 299 3944 intelligit,
316 3895 404 3946 eaeque
423 3881 532 3946 designat
552 3899 566 3931 a
585 3882 677 3932 duobus
727 3901 757 3933 ex
775 3885 806 3933 P.
824 3885 861 3933 10.
877 3885 924 3931 26:
953 3883 1048 3947 Quaqua
1065 3887 1111 3931 sais
1130 3883 1226 3946 Cyanen

175 3955 289 4014 portibus,
300 3970 399 4019 quorum
415 3955 474 4006 altar
489 3956 587 4022 amplior
601 3957 676 4006 multo
726 3963 803 4009 miscet
810 3960 904 4021 Anapus
910 3961 983 4022 aqua.
1004 3957 1051 4007 Sed
1061 3974 1091 4006 ex
1101 3957 1226 4022 illaeque·

175 4026 262 4074 altero.
286 4027 467 4092 Siciaaepoules.
728 4050 780 4082 rum
802 4034 967 4099 conjunctione
990 4033 1166 4087 matrimonium
1190 4032 1226 4081 se·

210 4099 270 4147 409.
280 4101 402 4159 Arethusa,
414 4102 466 4152 bns
474 4103 597 4168 Syracusis
611 4120 678 4152 max-
729 4117 812 4158 cerunt
844 4117 928 4173 poetae.
980 4109 1106 4164 Exterrita,
1133 4107 1157 4156 vi
1185 4123 1224 4158 co·

172 4173 224 4222 ime
236 4176 404 4234 memorabilis,
416 4179 457 4242 qui
473 4179 497 4226 in
512 4178 609 4227 modum
621 4178 680 4243 justi
731 4191 792 4230 acta.

211 4249 291 4298 VOL.
302 4248 352 4298 III.
829 4258 851 4315 Q
863 4273 879 4325 q
