2812 5010
282 296 753 365 METAMORPHOSEON
776 299 867 364 LIB.
891 299 921 363 I.
1059 299 1123 364 109

70 470 215 571 Pythia
231 472 280 548 de
298 472 450 557 domitae
468 472 654 572 serpentis
673 474 823 549 nomine
840 474 973 549 dictos.

69 587 144 662 His
157 591 339 688 juvenum
358 590 588 689 quicumque
609 614 734 679 manu,
754 591 974 690 pedibusve,
994 600 1119 666 rotave

68 705 235 795 Vicerat,
250 708 422 782 aescnleae
440 708 616 807 capiebat
631 707 772 785 frondis
791 709 983 784 honorem.

69 820 253 908 Nondum
264 825 391 898 laurus
409 834 508 915 erat3
529 826 719 923 longoque
732 827 908 900 decentia
923 827 1027 900 crine
1043 830 1118 901 450

70 936 261 1038 Tempora
277 941 455 1038 cingebat
473 941 521 1015 de
539 942 711 1039 qualibet
728 944 860 1017 arbore
874 943 1057 1044 Phoebus.

119 1053 214 1128 VII.
231 1055 382 1130 Primus
394 1055 981 1156 amorPhoebiDaphnePeneia3
1004 1081 1118 1155 quem

227 1196 302 1246 non

70 1330 201 1379 confluxus.
233 1328 331 1379 Hiludi
347 1332 570 1394 adnuitoPythonc
618 1334 752 1398 occupavit.
784 1333 880 1390 Interea
894 1331 998 1398 Daphne
1014 1337 1118 1379 mutatur

70 1401 158 1467 Pythia
178 1403 326 1454 dicebantur.
359 1403 432 1470 Apud
452 1404 569 1455 Clement.
618 1405 643 1454 in
661 1407 764 1464 laurum,
778 1423 827 1472 qua
841 1407 954 1455 lustratus
971 1404 1057 1454 deinde
1075 1411 1119 1453 est.

69 1477 140 1527 Alex.
152 1477 214 1527 Coh.
229 1476 261 1527 ad
277 1476 356 1527 Grac.
367 1495 391 1544 p.
405 1480 444 1527 41.
455 1488 569 1529 vocantur
618 1480 697 1548 Longo
705 1486 768 1531 crine
778 1481 877 1544 insignis
888 1489 938 1530 erat
946 1479 1042 1545 Apollo,
1053 1477 1117 1527 unde

71 1551 305 1618 πανήγυριςὸφεως.
322 1552 450 1602 Sciendum
459 1560 496 1602 est
505 1553 569 1618 apud
618 1555 734 1614 Intonsos,
755 1554 928 1620 ἀκερσεκόμης»
953 1551 1118 1618 ἀκειρεκόμης,

71 1626 168 1676 Graecos
177 1625 304 1676 nobilitata
313 1625 385 1676 luisse
393 1634 493 1692 quatuor
500 1627 568 1679 ludo·
618 1637 690 1695 atque
711 1630 782 1679 etiarn
803 1629 829 1676 in
850 1626 1008 1677 monumentis
1029 1625 1117 1675 crinem

70 1716 117 1750 rnnr
148 1716 246 1765 genera,
273 1701 435 1767 olympiacos,
461 1701 569 1766 Pythios,
618 1704 757 1767 promissum
779 1703 860 1752 habet.
894 1702 1014 1751 Decentio.
1040 1702 1117 1749 Hora·

67 1773 189 1832 Isthmius,
199 1775 332 1831 Nemenos,
343 1773 469 1839 dequibus
479 1776 569 1824 Pausa·
618 1775 666 1826 tius
683 1777 704 1824 Ι.
716 1777 763 1827 0d.
774 1775 849 1824 xxxii.
863 1777 899 1824 12.
917 1780 984 1840 nigro
999 1777 1062 1824 crim
1078 1779 1117 1824 de-

69 1848 127 1907 nies,
137 1848 183 1899 lib.
193 1849 229 1898 11.
239 1865 295 1915 cap.
310 1847 344 1898 iii.
355 1849 380 1897 N
382 1849 439 1899 atal.
456 1865 517 1899 com.
527 1849 569 1898 lib.
618 1867 693 1915 comm

70 1924 100 1973 V.
117 1938 175 1990 cap.
191 1922 235 1972 xii.
253 1930 278 1972 et
294 1920 375 1973 xxxiv.
391 1922 479 1989 Scalig.
503 1923 569 1972 Poet.
648 1920 956 1974 '452-567.Primnsamor
963 1924 1115 1986 Photide]

70 1996 140 2047 lib.L
151 2012 211 2064 cap,
218 2013 284 2046 xxm
619 1999 735 2047 Fabulam
752 1997 807 2048 inde
825 2006 905 2047 natam
923 1998 1041 2065 putabant
1060 2014 1117 2047 non·

99 2074 158 2123 448.
180 2073 265 2130 Manu,
286 2072 405 2138 pugilatu,
426 2074 522 2138 πυγμῇ,
544 2079 570 2120 et
620 2072 688 2132 nulli,
702 2073 766 2139 quod
783 2073 870 2138 Apollo
887 2073 996 2124 docuerit
1011 2072 1118 2125 homines

70 2148 141 2206 lucta,
158 2145 236 2213 πάλῃ.
272 2148 380 2206 Pedibus,
392 2163 470 2206 cursu,
479 2146 567 2215 δρόμῳ.
618 2148 725 2214 plantare
737 2149 839 2197 laurum.
872 2148 936 2198 Vide
951 2148 1116 2199 EusebPrar-

71 2223 137 2280 Rota,
145 2221 268 2288 quadrigis
279 2230 304 2271 et
311 2221 374 2287 bigis
383 2221 445 2272 adde
455 2225 566 2272 camini·
617 2233 694 2289 parat.
713 2224 806 2287 Evang.
824 2223 859 2271 H.
875 2222 891 2271 i.
925 2221 1008 2271 Potius
1025 2221 1117 2270 videtur

69 2298 307 2347 huetinrtrnmcntts
315 2299 414 2347 musicis.
429 2297 492 2348 Vide
503 2299 565 2349 Pau·
616 2298 682 2349 lusus
706 2297 814 2365 poeticus
838 2313 897 2347 esse.
938 2297 1019 2345 Poetae
1043 2296 1115 2352 enirn,

68 2386 116 2422 san.
125 2389 152 2438 p.
168 2373 218 2421 813
232 2387 283 2438 seq.
293 2379 319 2421 et
335 2370 397 2423 adde
413 2371 504 2422 Potteri
517 2372 565 2424 Ar·
617 2389 690 2438 quum
708 2372 804 2422 nomina
820 2371 932 2438 quaedam
947 2370 1034 2436 puellis
1048 2386 1116 2435 nym·

68 2445 567 2512 cheol.Graec.t.i.p.985seo.ed.Ramb.
617 2445 699 2511 phisve
710 2463 764 2497 cum
779 2445 867 2512 plantis
881 2443 1018 2494 communia
1030 2451 1115 2501 essent,

68 2519 198 2571 Saltatione
221 2519 327 2587 quadarn
346 2519 465 2591 Apollinis
486 2538 568 2589 pugna
617 2520 686 2571 facile
697 2537 726 2573 eo
736 2520 823 2570 deduci
837 2528 972 2586 potuerunt,
983 2526 1010 2567 ut
1023 2517 1077 2566 illas
1091 2517 1117 2567 in

67 2594 284 2660 cumPythoneet
297 2591 458 2644 instrumentis
471 2594 568 2649 musicis
618 2595 660 2645 has
678 2602 781 2644 mutatas
800 2593 923 2661 fingerent,
943 2591 1065 2658 Daphnen
1090 2591 1116 2640 in

67 2669 135 2736 hujus
154 2667 241 2719 sibilus
260 2667 451 2734 exprimebatur:
475 2670 567 2728 Strabo,
617 2671 711 2719 laurum
727 2668 859 2735 (dodona)
875 2669 998 2734 Myrrham
1011 2666 1037 2715 in
1054 2683 1117 2732 myr-

66 2745 98 2794 ix.
119 2762 146 2811 p.
169 2744 219 2793 645
241 2759 292 2810 seq.
332 2743 439 2800 Jnvcnes,
460 2743 564 2794 athlete.
615 2744 683 2795 rham
703 2744 817 2802 arborem,
835 2751 883 2793 etc.
915 2741 1042 2791 Ridiculus
1059 2757 1115 2790 vero

67 2815 415 2867 Pcdumcertcmenetiamxii.
427 2819 484 2867 304.
615 2827 652 2869 est
668 2817 848 2874 raas-cruce,
862 2817 903 2883 qui
920 2833 962 2882 per
979 2816 1115 2882 Apollinem

94 2893 153 2940 449.
182 2892 273 2948 Honor,
291 2899 318 2941 ut
344 2893 412 2957 τιμὴ,
433 2892 565 2958 premium.
615 2892 760 2957 Augustum,
770 2908 811 2958 per
827 2891 908 2958 Daph.
919 2889 1012 2941 Liviam
1026 2890 1115 2939 intelli·

63 2964 109 3015 Sed
118 2965 166 3014 ill‘a
174 2965 274 3030 praemia
286 2981 401 3033 perquem
415 2976 483 3016 erant
492 2966 565 3017 hono·
614 2968 658 3034 git,
667 2984 730 3034 quae,
743 2969 857 3032 thnquam
867 2966 956 3024 laurus,
967 2965 1053 3014 sterilis
1064 2966 1115 3016 lue-

62 3039 136 3091 ritca.
162 3040 450 3107 AEsculmfrons,oorona
460 3044 564 3093 esculea.
614 3043 651 3092 rit.
684 3042 708 3091 A
729 3041 835 3092 Diodoro
860 3040 947 3108 Epaita
973 3040 1036 3089 hanc
1064 3039 1114 3088 fab.

64 3115 173 3173 AEscnlus
187 3115 244 3164 Jnvi
260 3130 336 3173 mora,
352 3114 418 3165 Pria
428 3116 461 3166 Η.
472 3116 505 3165 Ν.
523 3116 564 3166 xii.
614 3125 738 3181 tractatam
763 3131 822 3174 esse,
843 3116 947 3167 narravit
974 3113 1115 3164 Parthenius

64 3189 87 3236 l.
103 3195 138 3246 et,
148 3195 178 3239 nt
190 3187 331 3252 glandifera,
342 3187 447 3256 antiquis
461 3189 563 3241 homini-
614 3192 640 3240 in
653 3189 763 3248 Eroticis,
776 3205 830 3255 cap.
840 3207 881 3238 xv.
912 3190 1008 3245 Noster,
1018 3188 1060 3253 qni
1076 3204 1113 3236 re-

61 3261 107 3311 bus
116 3260 287 3313 memorabilis.
614 3267 660 3314 bus
670 3261 790 3314 amatoriis
799 3264 972 3319 delectabatur,
983 3260 1023 3310 hic
1037 3261 1115 3310 indul-

94 3336 153 3385 450.
171 3334 273 3394 ham,
296 3351 345 3401 qna
364 3344 446 3401 postea
468 3353 565 3388 corona·
615 3339 646 3388 sit
659 3339 849 3404 ingenio,mnlta
862 3339 996 3403 petulanter
1013 3335 1114 3402 scripsit,

60 3408 150 3459 bantur
163 3407 264 3461 victores
280 3409 375 3475 Pythici
387 3409 474 3473 (Pind.
492 3413 564 3479 Pyth.
614 3414 684 3479 plura
696 3413 769 3463 etiam
785 3413 850 3462 haud
865 3412 938 3461 dubie
952 3411 1002 3478 ipse
1016 3409 1114 3459 invenit.

61 3482 111 3533 Od.
127 3482 179 3532 viii.
191 3484 233 3532 28.
250 3483 340 3533 AElian.
352 3485 384 3533 V.
394 3484 428 3533 H.
444 3485 495 3533 III.
510 3485 527 3535 i.
540 3502 564 3552 p.
614 3489 737 3538 Traditum
746 3496 878 3554 acceperat,
887 3487 1021 3551 Apollinem
1032 3503 1114 3536 aman·

60 3555 132 3619 2⁰0·)
149 3559 253 3606 madum
269 3557 295 3608 in
312 3573 389 3607 rerum
405 3566 490 3609 natura
507 3570 564 3608 erat·
614 3575 663 3614 tern
679 3581 724 3613 non
738 3579 788 3612 esse
805 3563 952 3611 reclamatum
964 3579 979 3610 e
990 3561 1112 3627 Nympha.

60 3628 101 3680 Sic
109 3630 190 3681 munit
199 3629 245 3679 tibi
255 3631 318 3687 dem
334 3631 366 3681 ad
380 3640 518 3697 sequentem
529 3634 565 3683 fa·
615 3640 645 3688 Id
667 3637 789 3688 exornavit
812 3635 947 3685 inventione
968 3637 1018 3692 illa,
1040 3651 1113 3701 quam

61 3705 155 3755 hulam.
187 3705 281 3757 AElian.
296 3706 329 3757 V.
347 3707 379 3756 H.
402 3707 429 3755 d.
447 3707 467 3756 l.
486 3719 565 3757 narrat
615 3714 754 3763 ‹roe-502.
770 3710 911 3767 invenimus,
932 3726 982 3775 qua
1002 3709 1041 3759 hic
1062 3725 1114 3774 my·

60 3779 172 3845 quidm,
187 3780 334 3846 Apollinem,
352 3781 460 3848 Pythone
478 3783 564 3841 occiso,
615 3789 670 3838 thus
688 3785 775 3854 triplici
790 3785 884 3835 vinculo
899 3785 1012 3850 superiori
1027 3784 1115 3833 adnec-

60 3853 192 3920 sumpsisse
203 3869 313 3904 coronam
323 3855 442 3917 lauream3
460 3856 502 3906 sed
510 3857 564 3907 vide
616 3863 680 3912 titur.
714 3863 784 3911 Amor
797 3859 888 3926 duplici
905 3875 991 3920 sensu;
1016 3867 1114 3909 namet

63 3927 176 3979 Perizon.
197 3928 230 3976 ad
256 3928 282 3979 d.
302 3930 320 3979 l.
352 3931 446 3996 Nempe
468 3931 565 3999 Apollo,
617 3945 719 3986 amatam
736 3934 862 4001 significat,
879 3940 903 3981 et
920 3949 1032 3992 amorem,
1043 3949 1116 3999 quem

62 4002 175 4068 Pythone
189 4002 278 4062 occiso,
292 4004 355 4070 fugit
369 4005 394 4055 in
410 4006 508 4072 Tempe,
520 4006 565 4056 ibi'·
617 4010 711 4076 Cupido
721 4011 792 4066 dedit,
803 4007 912 4056 irritavit.
934 4008 1029 4065 Peneia,
1041 4008 1116 4057 Penei

63 4092 110 4141 qne
129 4092 218 4126 novem
233 4093 308 4129 annos
324 4079 402 4131 latuit.
435 4081 496 4129 Tnm
511 4097 566 4130 vero
616 4083 744 4135 Thessalia
752 4082 818 4132 fluvii
829 4082 875 4147 (de
886 4098 934 4147 quo
946 4083 976 4131 ad
987 4099 1034 4133 ver.
1043 4081 1114 4144 569.)

62 4149 174 4274 exp'rztpp
187 4151 260 4274 {pilliit
278 4154 387 4220 Delphos
402 4163 427 4204 et
445 4155 566 4205 oraculum
618 4161 675 4209 filia.
708 4158 757 4207 Alii
769 4174 831 4215 vero,
843 4167 870 4206 ut
883 4157 964 4207 Schol.
976 4159 1072 4206 Homer.
1082 4157 1113 4206 ad

168 4259 176 4273 .
232 4261 239 4276 .
715 4235 737 4281 H
