2812 5010
254 351 718 417 METAMORPHOSEON
742 350 832 416 LIB.
856 351 927 417 ΙΙΙ.
1035 353 1100 417 265

70 526 229 623 Corpore
246 526 438 623 depresso,
457 535 497 600 et
514 526 630 624 spinae
648 525 864 600 curvamina
880 526 981 599 flecti

67 640 217 739 Incipit:
245 641 332 714 huic
351 640 536 738 Lycabas,
556 640 602 713 ln
619 664 704 738 quae
721 641 911 728 miracula,
931 640 1040 728 dixit,

66 756 254 831 Verteris?
281 767 320 830 et
336 756 403 830 lati
421 756 549 841 rictus
569 766 608 830 et
627 757 750 853 panda
767 742 936 853 loquenti

66 871 100 943 N
103 872 176 946 aris
189 882 281 958 erat,
294 894 565 968 squamamque
580 872 675 944 cutis
687 872 820 945 durata
828 872 1012 946 trahebat.
1030 877 1103 945 675

64 986 114 1061 At
131 986 262 1086 Libys,
281 989 476 1061 obstantes
494 987 584 1060 dum
601 986 680 1059 vult
697 987 891 1061 obvertere
908 1012 1043 1075 remos,

64 1102 108 1175 ln
125 1104 290 1201 spatium
307 1102 449 1178 resilire
467 1126 598 1175 manus
616 1102 728 1175 breve
744 1101 857 1191 vidit;
886 1113 925 1176 et
942 1102 1024 1178 illas

64 1217 147 1293 Jam
165 1243 240 1292 non
257 1243 341 1293 esse
358 1243 503 1303 manus,
518 1219 597 1314 jam
615 1216 749 1314 pinnas
767 1242 878 1315 posse
895 1220 1033 1293 vocari.

65 1333 170 1408 Alter
187 1335 236 1408 ad
252 1335 409 1408 intortos
427 1331 583 1431 cupiens
601 1332 690 1406 dare
707 1333 860 1406 brachia
876 1334 996 1422 funes,
1030 1342 1103 1410 679

67 1449 229 1524 Brachia
245 1475 319 1523 non
336 1448 487 1537 habuit3
509 1457 717 1545 truncoque
730 1450 918 1546 repandus
934 1450 971 1523 in
984 1451 1104 1526 undas
1174 1498 1176 1501 -

68 1566 233 1664 Corpore
249 1566 423 1644 desiluit:
450 1564 588 1638 falcata
604 1564 805 1637 novissima
819 1566 940 1639 cauda
957 1578 1037 1656 est;

69 1680 203 1764 Qualia
218 1682 378 1755 dividuae
396 1681 591 1753 sinuantur
608 1702 748 1752 cornua
766 1677 895 1755 Lunae.
1039 1775 1041 1781 ,

71 1796 247 1895 Undique
262 1799 353 1872 dant
370 1797 509 1885 saltus3
530 1796 724 1891 multaque
743 1797 940 1894 aspergine
958 1809 1104 1888 rorant;

11 1983 14 1986 ⁴
70 1911 349 2011 Emerguntque
379 1912 536 2000 iterum3
579 1910 816 2008 redeuntque
851 1913 921 1986 sub
957 1938 1109 2012 aequora

217 2053 368 2117 rursus3
1034 2034 1107 2103 684

70 2143 189 2242 Inque
207 2145 310 2218 chori
327 2144 462 2217 ludunt
479 2143 664 2241 speciem;
693 2143 907 2242 lascivaque
920 2146 1066 2241 jactant

71 2259 257 2359 Corpora3
278 2270 316 2335 et
326 2269 524 2358 acceptum
537 2257 677 2357 patulis
691 2283 792 2333 mare
803 2259 954 2334 naribus
967 2263 1104 2335 efflant.

99 2571 155 2619 673.
172 2570 203 2618 In
214 2587 261 2633 quc
267 2572 388 2627 miracula,
399 2568 424 2618 in
435 2586 507 2634 quam
517 2570 561 2619 rni-

69 2659 114 2691 ram
125 2643 267 2692 horrendam
277 2645 362 2693 taciem
370 2644 476 2694 verteris.
508 2646 562 2695 Vir-

69 2717 108 2781 gil.
119 2718 207 2782 Georg.
218 2717 252 2765 iv.
263 2719 308 2764 441
320 2737 325 2766 ι
350 2718 433 2765 Omnia
451 2718 562 2783 transsire-

69 2797 212 2840 marcescis
226 2793 338 2840 miracala
352 2808 437 2839 rerum.
467 2792 564 2848 Noster,

69 2865 99 2915 iv.
118 2868 182 2915 590:
212 2875 276 2928 tepus
302 2867 423 2914 liis-eruc
449 2869 563 2914 monstris.

69 2941 122 2988 Jarn
145 2939 209 2988 Scnl.
233 2939 382 3004 reprehendit
404 2937 476 2989 Ovid.
501 2940 564 3003 quod

71 3030 170 3076 optumas
178 3013 288 3062 tribuerit
297 3013 418 3078 delphino.

100 3089 157 3136 676.
178 3088 299 3135 obuertere
316 3103 385 3134 remos
401 3085 463 3135 idern
482 3101 563 3150 quam,

70 3163 169 3210 inhibere
182 3165 257 3217 remis,
270 3160 390 3226 πρύμναν
405 3160 565 3225 κρούσασθαι,

70 3250 180 3284 converso
196 3234 293 3298 remigio
309 3243 432 3283 retrorsum
448 3234 490 3291 ire,
502 3233 566 3298 quod

70 3308 146 3357 lacere
162 3309 238 3357 solent
249 3307 330 3372 fugam
341 3308 489 3356 meditantes.
522 3310 566 3355 Ob-

70 3381 239 3432 samareum
255 3382 321 3438 remi,
335 3389 362 3430 ut
379 3382 445 3430 navis
461 3391 566 3448 coeptum

71 3471 162 3505 cursum
180 3465 260 3504 tenere
277 3472 323 3504 non
339 3464 430 3521 posset:
456 3459 567 3504 obvertere

72 3547 148 3578 novem
166 3529 237 3579 vertit
259 3529 343 3578 Cicero
363 3529 422 3578 illud
442 3530 566 3588 Arateum,

72 3603 221 3654 ἀνακόπτειν
231 3607 292 3664 νῆα.

101 3679 160 3726 678.
188 3677 243 3724 Jum
262 3675 365 3738 pinnas]
394 3677 474 3725 Nostri
495 3677 567 3741 Regii

73 3751 157 3800 habent
165 3768 264 3813 manas:
281 3750 346 3816 parvi
360 3750 439 3807 refert,
450 3767 505 3799 nam
514 3757 565 3813 pia-

75 3843 110 3874 nos
125 3825 225 3891 piscium
236 3841 278 3891 pro
286 3827 367 3887 perrois
380 3824 480 3890 piscium
492 3825 566 3891 accipi

74 3915 136 3963 posse
148 3913 298 3964 nequaquam
309 3897 408 3947 dubium
418 3905 462 3946 est.

102 3974 158 4021 679.
174 3972 260 4028 Fortes,
273 3972 405 4020 retinacula
421 3973 567 4022 ancorarum.

78 4045 149 4094 Tortor
162 4045 238 4110 furser
253 4044 314 4093 dixit
330 4046 400 4108 Virg.
417 4045 516 4094 AEneid.
534 4047 566 4095 ir.

77 4120 129 4169 575.
173 4121 247 4176 Dare,
279 4119 415 4177 extendere,
441 4119 566 4184 porrigere.

80 4192 171 4252 Tmnso,
191 4193 242 4244 sine
264 4193 382 4243 manibus.
425 4192 519 4242 Falcnri
543 4201 568 4242 et

611 2573 710 2626 riaaori,
727 2570 819 2618 curvari
841 2571 866 2619 in
887 2571 985 2619 sormam
1001 2569 1069 2620 falcis
1085 2579 1111 2621 et

612 2642 685 2691 sinus.
717 2644 776 2691 Haec
793 2644 864 2692 verba
881 2660 954 2708 quum
973 2652 997 2692 et
1012 2644 1064 2710 ipsa
1078 2644 1110 2693 si·

612 2716 740 2765 militudini
757 2716 895 2774 inserviant,
906 2715 1043 2774 similitudo,
1055 2735 1109 2784 quta

613 2791 751 2856 aspergitur,
768 2792 888 2840 commode
907 2792 989 2839 abesse
1009 2799 1110 2856 poterat.

614 2866 748 2922 Novissima,
760 2875 866 2914 extrema
875 2883 929 2930 pers
940 2865 1030 2914 caudae.
1066 2868 1111 2915 Di·

614 2942 760 2998 tridentano,
772 2957 845 3004 quum
859 2940 970 2989 dimidius
985 2941 1036 3006 ejus
1050 2941 1113 2990 orbis

614 3015 731 3062 cernitur:
750 3013 804 3063 vide
816 3013 898 3063 Heins.
928 3014 967 3062 Ab
984 3013 1030 3062 hac
1047 3015 1111 3063 lunae

614 3087 682 3152 phosi
701 3087 769 3136 fluxit
786 3089 884 3136 verbum
904 3091 992 3145 lunam,
1010 3089 1113 3138 curvari.

616 3166 711 3212 Lunata
731 3165 805 3211 cauda
824 3161 943 3227 delphinis
964 3161 1074 3211 tribuitur
1098 3177 1113 3210 a

615 3236 714 3284 Seneca.

647 3311 703 3358 663.
724 3310 829 3373 Undique
839 3313 896 3358 daut
906 3310 999 3372 saltus]
1023 3310 1114 3358 Amant

614 3383 721 3449 delphini
732 3400 778 3432 non
790 3385 865 3432 solum
874 3384 945 3431 saltur
955 3391 980 3432 et
988 3382 1114 3431 altissimos

615 3466 639 3505 et
649 3457 815 3514 velocissimos,
823 3473 905 3504 verum
915 3456 986 3504 etiam
998 3455 1114 3521 ejusmodi

615 3532 685 3586 lusus,
697 3530 780 3594 quales
795 3529 834 3577 hic
850 3528 1022 3577 describuntur.
1056 3529 1114 3577 Los-

614 3609 673 3660 civa,
690 3604 748 3668 quia
767 3603 792 3650 in
811 3602 876 3650 chori
897 3601 999 3665 speeiem
1017 3601 1114 3650 ludunt.

617 3680 706 3727 Luscini
717 3685 796 3725 autern
806 3675 918 3724 dicuntur
931 3674 996 3721 chori
1007 3680 1032 3721 et
1042 3675 1114 3724 salta·

617 3754 691 3801 tiones
704 3758 798 3817 propter
814 3758 902 3797 motum
920 3747 1058 3796 molliorem.
1074 3749 1115 3797 Ti·

615 3826 676 3875 bull.
685 3825 721 3874 ΙΙ.
729 3824 746 3872 i.
755 3825 786 3871 88
798 3842 802 3870 :
815 3820 899 3870 Noctis
909 3837 1003 3869 currum
1010 3838 1114 3887 sequun-

617 3909 655 3948 tur
666 3901 746 3946 loscivo
757 3898 839 3945 Sidera
842 3896 916 3960 fulua
927 3896 1000 3944 choro.
1033 3896 1063 3943 In
1073 3913 1115 3947 ca·

617 3974 665 4040 pite
688 3973 793 4020 foramen
815 3969 905 4018 habent
930 3984 978 4032 quo
1000 3980 1116 4032 acceptum

618 4065 688 4104 mure,
696 4048 803 4094 haustam
812 4061 899 4109 uquam
906 4042 1020 4092 marinam
1027 4047 1116 4104 efflant,

617 4122 679 4189 quod
693 4121 757 4169 idem
773 4128 798 4168 et
812 4120 918 4168 balaenas
938 4117 1042 4167 maximo
1060 4135 1115 4169 cnm

617 4193 716 4261 strepitu
726 4194 804 4242 lacere
815 4192 911 4242 scimur.
