2812 5010
282 312 352 379 ,416
575 309 616 376 Ρ.
640 308 802 376 OVIDII
825 307 1038 379 NASONIS

288 485 337 559 Vi
356 491 527 583 superat;
556 481 693 559 frustra
709 483 869 560 clamato
886 507 988 583 saepe
1004 491 1172 583 parente,
1255 485 1328 558 525

290 601 402 700 Saepe
419 623 544 674 sorore
562 624 641 689 sua,
659 599 805 697 magnis
823 598 1078 698 superomnia
1095 598 1215 674 Divis.

288 717 360 791 Illa
376 715 522 804 tremit;
550 716 652 790 velut
669 739 766 813 agna
782 738 935 814 pavens
955 738 1040 812 quae
1058 714 1187 790 saucia
1203 713 1287 788 cani

221 845 227 856 ‘
288 831 368 905 Ore
385 854 547 904 excussa
563 829 655 928 lupi,
675 831 840 904 nondum
858 829 930 904 sibi
947 839 1031 907 tuta
1042 831 1210 905 videtur:

290 947 420 1046 thue
435 948 620 1034 columba,
640 973 707 1022 suo
725 944 944 1022 madefactis
962 946 1144 1044 sanguine
1160 944 1312 1044 plumis,

290 1060 429 1137 Horret
459 1062 594 1150 adhuc,
622 1061 828 1163 avidosque
862 1060 972 1137 timet
1001 1062 1137 1159 quibus
1171 1060 1331 1136 haeserat

441 1201 600 1275 ungues,
1203 1260 1204 1265 ,
1260 1180 1331 1250 530

290 1291 385 1367 Mox
402 1293 468 1369 ubi
485 1319 592 1370 mens
610 1293 733 1381 rediit,
751 1319 883 1394 passos
900 1292 1224 1392 laniatacapi110S,

289 1407 450 1506 Lugenti
467 1409 612 1498 similis,
631 1410 739 1484 caesis
758 1410 936 1507 plangore
953 1408 1116 1496 lacertis,

288 1524 496 1599 Intendens
512 1526 683 1624 palmas:
713 1524 828 1599 “Pro
846 1525 949 1613 diris,
967 1525 1138 1612 barbare,
1157 1520 1281 1608 factis,

291 1640 368 1715 Pro
387 1641 586 1730 crudelis‚''
604 1642 674 1717 ait!
704 1650 728 1680 “
743 1667 813 1717 nec
831 1652 869 1717 te
886 1641 1065 1715 mandata
1080 1638 1248 1738 parentis

289 1754 388 1829 Cum
406 1756 567 1831 lacrimis
585 1781 733 1832 movere
751 1757 836 1856 piis,
855 1781 925 1833 nec
943 1779 1035 1846 cura
1051 1753 1200 1842 sororiS,
1257 1757 1328 1828 535

289 1870 373 1944 Nec
388 1894 473 1946 mea
488 1871 693 1968 virginitas,
713 1897 782 1947 nec
800 1871 1025 1971 eonjugialia
1035 1871 1148 1968 jura?

291 1983 431 2061 Omnia
447 1987 629 2063 turbisti:
657 1988 784 2084 pellex
802 2012 872 2085 ego
889 1987 988 2061 facta
1004 1985 1161 2075 sororis;

288 2090 537 2198 Tu'geminus
556 2103 708 2201 conjux,
725 2128 800 2177 non
817 2104 902 2177 haeo
916 2103 1007 2175 mihi
1024 2100 1153 2176 debita
1170 2123 1295 2200 poena.

288 2213 390 2302 Quin
407 2217 571 2292 animam
594 2218 704 2307 hanc,
723 2242 772 2294 ne
789 2219 890 2316 quod
907 2217 1051 2293 facinus
1074 2215 1154 2303 tihi,
1175 2215 1328 2314 perfide,

440 2342 568 2421 restet,

286 2601 407 2664 uirginem,
418 2611 440 2650 et
454 2619 525 2651 unum
538 2602 566 2650 Vi
580 2616 681 2665 superat.
713 2606 784 2654 Max·

286 2670 360 2720 imam
370 2673 472 2724 hominis
484 2675 618 2725 barbariem
629 2676 732 2726 ostendit
742 2693 784 2743 po·

287 2753 336 2803 eta,
343 2744 384 2810 qui
394 2747 530 2798 sustinuerit
538 2749 661 2813 virginem,
669 2757 694 2799 et
701 2751 784 2808 solam,

287 2826 312 2866 et
322 2818 367 2867 sihi
386 2821 509 2879 creditam,
520 2831 545 2871 et
563 2831 663 2887 patrem,
675 2840 783 2882 sororem,

286 2891 784 2962 etimprimisDeosimplorantem,violare.

300 2996 302 2999 .
319 2968 377 3016 527.
396 2969 463 3017 Velut
473 2989 535 3036 agna
550 2988 640 3032 pavens,
652 2973 712 3036 eto]
747 2972 783 3020 Si-

287 3038 433 3090 militudines
443 3042 553 3093 delecta.
572 3045 642 3094 Cani.
653 3045 716 3095 Vide
726 3046 757 3094 ad
767 3046 784 3096 i.

326 3188 385 3236 532.
413 3189 660 3254 Lugenti-lacertis,
690 3193 784 3258 ineptus

286 3275 377 3318 versus,
394 3277 465 3325 quem
483 3263 596 3314 Heinsius
613 3273 677 3314 recte
690 3265 784 3330 judicat

288 3331 461 3396 adulterinum3
488 3336 531 3384 sed
552 3353 607 3402 sqq.
652 3339 699 3386 Pro
719 3342 785 3396 diris,

835 2601 940 2668 argutius
950 2599 1049 2651 dictum.
1081 2599 1152 2648 Porro
1163 2597 1278 2647 Heinsius
1287 2614 1330 2664 pu-

833 2684 879 2734 tat,
890 2676 990 2725 alterum
1006 2670 1188 2730 hemistichium,
1198 2689 1245 2720 non
1255 2674 1331 2720 hcc-

831 2767 898 2812 poenu
919 2765 934 2798 a
950 2747 1022 2798 sciolo
1040 2746 1157 2802 additum,
1179 2752 1205 2795 et
1220 2746 1330 2795 lacunam

833 2839 885 2872 esse
891 2819 1079 2886 relinquendam,
1086 2820 1171 2885 quales
1177 2819 1259 2868 multa
1268 2820 1330 2885 apud

833 2895 962 2960 Virgilium
978 2900 1110 2943 occurrant.
1141 2894 1196 2942 Nec
1215 2894 1273 2942 mihi
1289 2893 1331 2942 illa

833 2971 905 3019 verba
918 2982 1058 3034 magnopere
1075 2966 1181 3033 placent,
1190 2966 1279 3033 quippe
1293 2966 1329 3016 ni-

833 3044 878 3092 mis
895 3042 1008 3107 languida
1020 3042 1045 3090 h.
1058 3042 1075 3091 l.
1091 3041 1133 3090 ubi
1146 3041 1262 3107 pleraque
1279 3043 1329 3090 aui·

837 3133 902 3185 mum
912 3115 1117 3166 commotissimum
1128 3116 1229 3180 spirant.
1254 3117 1331 3180 Negat

836 3198 917 3239 tamen
937 3192 1086 3238 Burmannus
1106 3189 1220 3238 Ovidium
1237 3190 1333 3239 lacunas

836 3264 966 3329 reliquisse,
983 3271 1105 3329 putatque,
1122 3279 1217 3312 sensum
1236 3264 1330 3328 elegan-

834 3349 882 3388 tem
893 3339 962 3395 cffici,
971 3339 990 3387 si
999 3339 1097 3402 legatur,
1106 3356 1152 3387 non
1163 3339 1208 3386 hac
1218 3340 1275 3386 mihi
1284 3355 1330 3388 cre-

286 3414 335 3457 etc.
347 3424 406 3457 sana
421 3417 487 3474 puto.
520 3411 639 3460 Invidiosa
654 3411 717 3462 cuim
733 3416 784 3462 har-

287 3483 338 3531 luri
355 3483 498 3534 vocabulum
519 3484 558 3534 hic
576 3485 708 3535 adhibitum
726 3503 785 3545 esse,

285 3563 371 3621 sponte
392 3565 499 3621 apparet.
542 3558 620 3609 Recte
640 3559 711 3624 igitur
730 3560 786 3610 addi

286 3626 364 3693 potuit
374 3631 433 3677 diris
435 3630 458 3694 s
454 3633 519 3680 actis.

319 3703 376 3751 537.
405 3703 521 3762 Turhdsti,
544 3703 646 3763 violhsti,
669 3707 783 3772 polluisti.
835 3707 918 3756 Codex
931 3709 969 3768 B;
986 3716 1010 3756 et
1029 3709 1097 3757 multi
1113 3701 1346 3772 interpretes'dele·'

287 3773 345 3824 vid.
356 3775 391 3825 vir
406 3774 490 3826 doctus
503 3777 528 3825 in
540 3775 605 3827 Bibl.
615 3779 698 3844 Tigur.
711 3798 735 3845 p.
745 3783 786 3830 91.
835 3789 926 3831 verunt.
958 3781 1005 3829 Sed
1023 3797 1052 3830 ea
1069 3798 1124 3840 vox,
1134 3781 1231 3846 gravius
1248 3797 1329 3830 sonans

287 3847 329 3912 qui
346 3856 414 3913 putat
435 3851 549 3900 Nostrum
569 3854 699 3917 respexisse
719 3854 786 3919 Virg.
834 3869 898 3904 more
924 3853 1064 3920 Virgiliano,
1084 3863 1190 3920 prestat.
1236 3857 1329 3912 Vacuus,

287 3919 386 3969 AEneid.
408 3921 439 3970 iv.
461 3925 508 3972 362
527 3940 582 3990 sqq.
617 3927 678 3975 Cum
698 3931 787 3993 gemino
833 3938 879 3978 etc.
912 3931 1001 3978 Sancta
1009 3929 1184 3978 descendissem
1194 3930 1227 3978 ad
1237 3929 1329 3979 interos.

286 3997 383 4058 conjuge
403 3995 516 4046 Heinsius
542 4009 662 4064 comparat
686 4003 787 4063 duplices
833 4001 867 4050 At
891 4001 934 4052 illa
954 4002 988 4052 sic
1015 4020 1108 4070 quoque
1131 4002 1236 4052 criminis
1257 4018 1330 4052 vacua

288 4068 404 4126 thalamos,
420 4070 485 4134 apud
502 4072 563 4121 Stat.
580 4073 655 4123 Theb.
666 4073 709 4125 xii.
722 4077 785 4138 4713
833 4084 899 4137 erat;
927 4079 1119 4146 quandoquidem
1139 4077 1220 4127 anima
1241 4085 1330 4145 peccat,

287 4138 329 4188 sed
339 4139 363 4190 h.
372 4141 389 4188 l.
398 4141 425 4190 in
436 4158 529 4193 summa
543 4144 705 4210 desperatione
718 4149 784 4214 justo
833 4165 879 4213 non
890 4165 982 4214 corpus.

834 3416 885 3462 dita
898 3431 972 3475 poena,
982 3420 1010 3461 ut
1022 3411 1130 3474 peruasit
1144 3412 1278 3471 calamitas,
1288 3413 1329 3461 mi·

835 3487 905 3535 seria.

867 3562 924 3609 539.
952 3561 1030 3618 Hanc,
1051 3568 1100 3608 tam
1120 3559 1240 3617 miseram,
1261 3576 1328 3625 quam

835 3634 908 3683 taedet
924 3635 1090 3684 vitm—Hanc
1105 3634 1241 3684 nonhabet
1257 3643 1331 3684 noster
