2812 5010
367 306 840 375 METAMORPHOSEON
865 307 956 374 LIB.
980 309 1031 375 Il.
1156 312 1222 378 185

172 487 221 559 At
236 510 316 573 vos,
332 485 363 558 si
381 485 481 557 laesae
499 492 737 580 contemptus
756 482 877 579 tangit
894 484 1069 572 alumnae,

174 603 331 699 Gurgite
350 602 510 675 caeruleo
529 610 675 697 septem
694 600 890 697 prohibete
908 599 1087 690 Triones3

175 719 383 815 Sideraque
402 717 442 789 in
459 717 566 802 coe10,
587 715 706 812 stupri
719 713 912 804 mercede,
932 723 1086 814 recepta

173 835 326 924 Pellite;
348 858 396 907 ne
415 857 508 931 puro
523 828 716 929 tinguatur
733 832 771 905 in
786 856 937 929 aequore
951 827 1121 930 ‘pellexff’
1150 838 1224 908 530

221 949 291 1022 IV.
323 949 373 1021 Dl
393 949 507 1022 maris
527 961 755 1022 annuerant:
784 949 899 1022 habili
920 948 1096 1023 Saturnia
1112 951 1225 1025 curru

176 1065 391 1164 Ingreditur
409 1066 595 1162 liquidum
613 1066 820 1164 pavonibus
839 1089 925 1139 aera
943 1061 1067 1164 pictis,

175 1183 268 1256 Tam
285 1205 407 1280 nuper
425 1181 537 1279 pictis
556 1203 653 1255 caeso
671 1181 879 1279 pavonibus
898 1181 1022 1278 Argo;

176 1298 298 1384 Quam
319 1310 360 1372 tu
378 1321 499 1395 nuper
516 1320 611 1384 eraS,
631 1322 748 1395 quum
765 1298 947 1371 candidus
958 1293 1053 1372 ¹ante
1071 1297 1221 1385 fuisses,

204 1502 261 1550 527.
275 1500 383 1565 Tangit]
395 1499 543 1548 Commovet.
562 1499 674 1548 Alumrrae.
723 1499 825 1548 bellator
835 1497 991 1549 ferocissimus
1000 1497 1139 1555 Thessalia,
1152 1513 1226 1563 quum

175 1576 235 1625 Juno
251 1591 267 1623 a
276 1575 354 1640 Tethy
365 1573 411 1622 luit
425 1574 515 1621 nutrita
526 1581 550 1621 et
561 1573 673 1621 educata.
724 1573 749 1621 in
757 1574 947 1638 Peloponnesum
958 1571 1106 1637 speculatum
1113 1571 1225 1629 venisset,

178 1648 342 1713 (bugnano.
373 1647 439 1696 Vide
456 1646 487 1694 ad
502 1663 551 1695 ver.
564 1648 619 1696 172.
634 1646 675 1695 ubi
725 1647 848 1696 tiliacum
869 1656 952 1697 secuta
973 1647 1141 1711 AEsculapium
1164 1646 1226 1711 parit

177 1738 224 1770 rem
238 1720 421 1776 illustravimus,
432 1727 457 1768 et
473 1719 505 1768 ad
520 1721 577 1769 508.
611 1720 675 1768 Gur·
726 1730 797 1785 atque
811 1722 837 1769 in
854 1732 933 1770 monte
948 1720 1052 1786 quodam
1067 1719 1173 1786 exponit,
1184 1719 1226 1768 ubi

176 1799 230 1861 gite,
257 1811 331 1862 aqua,
355 1796 452 1843 ceruleo
479 1802 555 1843 ornat.
589 1794 677 1855 Septem
726 1812 781 1844 eum
792 1797 891 1861 capellas
902 1794 1012 1844 mammis
1020 1794 1134 1843 nutritum
1142 1803 1167 1842 et
1175 1809 1226 1843 coe-

180 1870 278 1918 Triones.
296 1870 362 1934 Hyg.
371 1869 388 1917 l.
403 1868 464 1916 177:
483 1867 578 1932 Jupiter
588 1869 677 1915 stellam
726 1870 781 1919 lesti
789 1872 844 1936 igne
851 1871 980 1935 fulgentem
989 1879 1094 1935 pastores
1102 1867 1228 1934 reperiunt.

172 1943 239 2007 fecit,
251 1961 300 2006 pore
311 1944 444 2004 Septentrio
453 1943 592 2002 appellatur.
610 1941 677 1989 Lact.
727 1946 789 2003 Qua
807 1945 837 1992 ad
856 1944 920 1993 corvi
938 1944 1138 1992 decolorationem
1156 1944 1228 2008 perti·

180 2017 209 2066 ad
225 2019 287 2065 Stat·
299 2016 338 2064 iii·
352 2016 428 2064 Theb·
445 2017 507 2064 685:
530 2015 590 2064 Ursa
605 2019 678 2078 major
727 2026 793 2076 nent,
808 2035 837 2068 aa
853 2019 908 2067 inde
924 2026 976 2067 orta
990 2017 1107 2074 videntur,
1122 2015 1229 2084 quodie

178 2101 271 2140 voratur
282 2090 422 2152 Septentrio.
728 2093 819 2157 frigidis
839 2092 907 2141 terris
928 2092 1000 2156 nigrae
1020 2090 1230 2142 avesalbescunr.

210 2166 267 2214 529.
284 2165 315 2213 ln
332 2166 386 2214 coelo
403 2163 516 2226 recepta]
536 2163 571 2212 Ut
581 2161 678 2211 Herold·
728 2167 826 2217 Aristot.
836 2169 869 2216 H.
880 2167 911 2216 A.
921 2166 958 2215 iii.
970 2167 1009 2216 12.
1042 2166 1162 2215 Caeterum
1173 2165 1229 2216 huic

182 2237 211 2287 vi·
225 2240 271 2286 20:
289 2241 315 2286 in
331 2247 400 2301 parte
418 2246 509 2299 recepta
524 2238 576 2286 trm'.
609 2237 679 2284 Mare
728 2240 1229 2291 fabulaeduaealiaecommodissimeinsertae

181 2323 277 2362 vocatur
290 2331 386 2376 puram,
395 2312 453 2377 quia
466 2312 539 2360 habet
549 2310 597 2360 vim
613 2311 679 2376 expi-
729 2325 792 2374 sunt,
816 2317 911 2365 corona·
929 2317 990 2379 filie
1011 2315 1037 2362 in
1062 2313 1180 2362 cornicem
1205 2323 1231 2362 et

182 2386 243 2444 studi,
265 2403 338 2451 (luam
365 2386 387 2434 ei
414 2385 547 2434 tribuemut
571 2387 679 2442 Veteres,
730 2392 875 2455 Nyctimenen
884 2390 909 2438 in
920 2397 1032 2438 noctuam
1043 2387 1151 2437 mutatio.
1176 2387 1228 2435 Ha·

182 2459 243 2509 haud
257 2460 330 2509 dubie
342 2467 468 2526 propterea
483 2458 546 2522 quod
563 2458 680 2508 cadavera
729 2467 781 2514 bilis
797 2474 890 2532 propter
906 2465 1061 2519 celeritatem,
1073 2477 1121 2527 qua
1137 2461 1228 2525 agitur:

182 2549 212 2657 12116
214 2535 271 2584 litus
281 2534 355 2600 ejicit.
380 2531 680 2590 Senec.Nat.Quaest.iii.
730 2535 1134 2588 1,717,nvi,0um,veneris,
1168 2535 1230 2584 Bur.

212 2685 351 2733 aar-632.
385 2683 419 2730 Dt
445 2685 514 2730 maris
540 2690 680 2738 annuerunt,

182 2759 237 2822 etc]
258 2759 345 2807 Coruus
355 2760 500 2806 candidoris
510 2761 613 2821 nigrum.
634 2755 680 2804 Co-

183 2833 296 2889 ronidem,
306 2833 430 2897 Phlegyae,
441 2831 564 2880 bellatoris
576 2828 682 2887 maximi,

730 2629 831 2662 mannus
841 2629 896 2661 vero
906 2621 994 2670 monet,
1003 2613 1101 2660 nabilem
1111 2625 1180 2674 posse
1190 2609 1230 2659 hic

731 2703 782 2736 esse
791 2696 872 2753 aptum
882 2690 898 2738 J
900 2686 980 2743 ononi,
991 2695 1019 2735 nt
1034 2685 1098 2752 apud
1110 2684 1188 2732 Cicer.
1200 2683 1230 2733 de

732 2762 799 2810 Orat.
810 2762 895 2827 1231.
908 2764 977 2810 calcei
986 2763 1077 2809 habiles.

764 2838 821 2885 533.
840 2837 977 2898 Tamnuper
985 2835 1127 2898 pictir,etc.]
1146 2834 1177 2882 In
1187 2834 1232 2882 hoc

182 2907 253 2954 liliam
264 2907 361 2955 amabat
372 2905 466 2971 Apollo.
499 2904 546 2953 Sed
557 2920 631 2968 quum
641 2903 683 2952 illa

182 2982 252 3030 etiam
259 2981 349 3044 Ischyn
360 2980 479 3044 quendam
493 2977 561 3044 (vide
572 2978 684 3027 Munker.

182 3054 212 3104 ad
219 3054 310 3118 Hygia.
316 3054 364 3103 sab.
373 3053 440 3116 102.)
449 3051 590 3108 admisisset,
597 3051 684 3117 Apollo

183 3127 326 3177 Coronidem
346 3127 474 3183 interfecit,
496 3125 683 3189 Asclepiumque

185 3217 213 3249 ex
229 3209 297 3249 utero
307 3211 430 3249 exsectum
445 3199 556 3248 educavit
563 3216 571 3260 3
588 3213 684 3247 corvum

183 3285 262 3324 autem
290 3275 332 3339 qui
359 3274 478 3338 ingratum
498 3274 549 3339 ejus
575 3272 684 3322 adulterii

184 3351 293 3400 nuntium
306 3349 350 3415 ipsi
366 3351 486 3406 attulerat,
498 3350 594 3398 ex'albo
608 3350 633 3398 in
648 3350 683 3397 ni-

183 3440 252 3488 grum
268 3424 431 3472 commutavit.
464 3424 580 3472 Fabulam
597 3423 685 3472 Phere·
704 3442 708 3454 ³

184 3497 267 3563 cydes,
279 3497 399 3546 Hesiodus
415 3505 440 3546 et
450 3499 510 3546 lster
526 3506 685 3546 narraverant.

185 3573 283 3621 Habent
299 3587 352 3620 eam
369 3571 469 3620 Pindar.
483 3572 555 3635 Pyth.
566 3574 590 3620 3.
603 3571 684 3636 ibique

184 3645 521 3710 scn01.Ap0110a.111.x.a;
538 3634 684 3709 Hygiasab.

184 3723 242 3769 202.
253 3728 278 3769 et
287 3721 319 3768 A.
330 3720 358 3767 P.
369 3718 394 3768 ii.
405 3721 444 3768 40.
456 3735 484 3767 ex
498 3720 568 3768 Istro.
579 3720 684 3767 Pausan.

184 3796 201 3844 i.
215 3811 240 3860 p.
254 3796 301 3842 170
317 3811 335 3842 s.
348 3794 467 3859 triplicem
483 3794 513 3843 de
531 3793 648 3842 Coronide
661 3802 685 3841 et

184 3868 319 3932 AEsculapii
335 3868 454 3916 natalibus
471 3868 620 3916 traditionem
638 3882 685 3914 ser-

184 3942 260 3999 vavit,
283 3958 383 4006 quarum
411 3958 458 3990 una
485 3958 540 3990 eum
567 3940 687 3989 Ovidiana

184 4015 312 4081 conspirat,
328 4016 372 4063 nisi
389 4016 453 4080 quod
469 4015 567 4064 Coronis
581 4014 688 4063 aDiana

186 4089 336 4139 interimitur.
354 4090 436 4139 Aliam
447 4090 685 4154 exArgivorumcar·

184 4164 290 4213 minibus
308 4164 417 4230 sumpsit.
449 4167 486 4213 Er
501 4165 543 4213 illa
558 4165 686 4229 Phlegyas,

732 2910 840 2968 transitu,
847 2910 872 2959 in
883 2927 930 2975 quo
939 2909 1068 2958 similitudo
1076 2909 1148 2974 paulo
1160 2907 1232 2957 altius

732 2985 834 3050 repetita
843 2993 887 3042 est,
898 3001 942 3033 nec
953 2986 1047 3050 placere
1062 2991 1140 3048 potest
1149 2981 1233 3032 lectori

734 3070 833 3108 eventus
844 3060 931 3108 labulae
941 3067 1080 3124 occupatus,
1091 3066 1162 3122 atque
1173 3057 1233 3106 adeo

734 3134 759 3182 in
776 3135 822 3183 line
838 3151 885 3184 non
902 3134 947 3183 nisi
964 3150 1012 3182 nuo
1023 3149 1092 3182 versu
1110 3132 1233 3198 repetitus.

734 3209 773 3257 De
783 3208 848 3273 picta
860 3224 979 3274 pavonum
995 3207 1074 3256 cauda
1083 3205 1139 3255 vide
1148 3206 1165 3254 i.
1177 3207 1233 3255 723.

736 3282 811 3335 Quam
831 3293 858 3331 tn
875 3299 950 3345 nuper
968 3298 1026 3329 eros.
1060 3281 1151 3329 Corvus
1165 3279 1233 3327 initio

734 3354 779 3403 fuit
789 3354 915 3411 candidus,
928 3354 971 3402 sed
989 3369 1062 3418 quum
1077 3353 1128 3417 ejus
1144 3351 1236 3400 indicio

734 3429 821 3494 Apollo
836 3428 984 3493 cognovisset
999 3426 1118 3476 Coronida
1131 3425 1233 3473 amicam

734 3503 845 3551 eumalio
859 3503 962 3567 quodam
973 3502 1063 3567 juvene
1076 3516 1127 3548 rem
1138 3500 1233 3557 habere,

734 3592 834 3640 eamque
845 3576 938 3639 sagittis
949 3574 1111 3629 interfecisset,
1120 3588 1232 3638 puerum-

734 3666 780 3714 que
792 3649 958 3715 AEsculapium
969 3648 1049 3697 exciso
1059 3655 1127 3694 utem
1139 3653 1234 3693 extrar-

733 3723 798 3780 isset,
808 3723 948 3786 poenitentia
958 3723 1054 3778 ductus,
1065 3735 1160 3769 corvum
1173 3718 1234 3767 indi·

734 3812 794 3854 cem,
812 3796 857 3845 sibi
875 3796 967 3861 aliquid
983 3795 1074 3861 praemii
1092 3803 1234 3859 sperantem,

736 3887 764 3920 ex
780 3872 834 3919 albo
850 3870 941 3935 nigrum
953 3870 1017 3918 fecit.
1050 3871 1107 3917 Alos
1119 3868 1234 3925 nominat,

736 3954 761 3992 et
769 3944 864 3992 omnino
873 3959 963 4010 pennas
974 3944 1113 4008 plumasque
1124 3941 1237 4007 intelligit

736 4022 864 4082 nigrantes,
877 4019 968 4082 nigras:
986 4020 1085 4065 vertitur
1095 4019 1121 4065 in
1135 4019 1185 4064 olas
1199 4019 1235 4064 ni·

734 4101 836 4157 grantes,
854 4093 952 4141 vertitur
971 4091 1016 4148 sic,
1034 4099 1061 4139 ut
1079 4091 1123 4140 alre
1145 4090 1235 4156 nigres-

737 4173 803 4214 cant.
