2812 5010
286 338 351 404 rso
580 335 619 397 r.
642 331 804 398 ovrnu
828 331 1041 398 uusouus
1148 405 1151 420 ¹

289 509 521 607 Cecropidas
533 506 649 593 ducit,
662 531 748 580 cum
762 505 848 604 quis
864 504 974 577 simul
988 505 1071 602 ipse
1081 503 1235 577 resedit.
1265 509 1333 577 671

287 625 438 724 Aspicit
456 623 629 696 AEoliden
647 623 776 719 ignota
793 646 841 695 ex
859 620 991 693 arbore
1007 618 1149 693 factum

290 741 402 815 Ferre
420 763 533 812 manu
547 738 730 834 jaculum,
749 737 858 832 cujus
876 734 946 808 fuit
963 758 1077 809 aurea
1094 736 1237 833 cuspis.

288 855 418 930 Pauca
434 853 538 953 prius
556 852 690 926 mediis
709 849 943 925 sermonibus
961 849 1023 921 ille
1040 850 1244 946 loquutus;

292 971 432 1043 “Sum
456 992 651 1043 nemorum
675 963 903 1049 studiosus,’'
929 958 994 1049 ait,
1020 964 1258 1062 “caedisque
1286 962 1336 1036 fe·

291 1085 378 1170 Qua
394 1096 521 1159 tamen
539 1108 561 1158 e
579 1085 673 1157 silva
689 1093 819 1156 teneas
833 1080 969 1154 hastile
987 1080 1161 1168 recisum,
1209 1080 1336 1176 [rinaez

288 1200 520 1276 Jamdudum
539 1200 691 1274 dubito:
720 1208 835 1283 certe,
855 1196 886 1270 si
904 1195 1072 1271 fraxinus
1089 1207 1205 1284 esset,

289 1317 408 1392 Fulva
420 1318 545 1390 colore
562 1315 678 1390 foret:
707 1316 739 1388 si
756 1338 905 1398 cornus,
924 1313 1045 1385 nodus
1063 1310 1226 1386 inesset:

291 1432 404 1505 Unde
422 1432 472 1505 sit
486 1432 636 1527 ignor03
666 1429 734 1503 sed
752 1453 826 1502 non
844 1427 1040 1501 formosius
1055 1427 1128 1499 isto

288 1546 475 1620 Viderunt
493 1545 591 1617 oculi
610 1545 727 1618 telum
740 1543 944 1640 jaculabile
962 1540 1119 1614 nostri.’'
1265 1544 1338 1613 680

289 1660 446 1759 Excipit
462 1658 604 1732 Actaeis
623 1684 644 1731 e
662 1659 837 1761 fratribus
855 1658 969 1731 alter:
999 1667 1049 1741 et,
1072 1665 1222 1730 “usum

289 1774 474 1872 Majorem
493 1775 620 1872 specie
638 1773 859 1860 mirabere,’'
876 1771 986 1859 dixit,
1007 1781 1030 1810 “
1047 1771 1085 1844 in
1103 1772 1190 1845 isto.
1237 1772 1336 1866 [sum

290 1889 557 1986 Consequitur,
573 1889 828 1987 quodcunque
845 1888 961 1987 petit;
989 1886 1231 1983 Fortunaque
1250 1884 1337 1958 mis-

291 2003 379 2077 Non
397 2004 513 2100 regit3
534 2013 574 2077 et
590 2005 743 2092 revolat,
763 2005 867 2077 nullo
884 2003 1081 2087 referente,
1101 2001 1337 2076 cruentum.''

289 2117 383 2192 Tam
402 2142 488 2192 vero
503 2119 652 2215 juvenis
672 2119 833 2192 Nereius
851 2117 976 2191 omnia
994 2116 1150 2215 quaeritt
1266 2121 1336 2190 685

290 2391 379 2448 partes.
407 2385 437 2431 In
450 2386 570 2432 teneriores
585 2392 609 2433 et
623 2386 716 2431 intimas
732 2400 790 2432 sees·
839 2383 896 2431 223.
928 2381 969 2429 Ab
988 2379 1099 2446 Apollod.
1120 2379 1238 2430 &somam
1256 2379 1337 2443 lentie

288 2458 380 2513 hbeat,
402 2455 443 2521 qui
464 2455 556 2521 aliquid
583 2457 663 2505 arcani
688 2463 789 2505 tractare
837 2458 885 2506 λον
897 2461 1005 2504 vocatur.

290 2529 397 2590 vellent;
420 2528 510 2587 Livius,
532 2531 566 2578 xl.
587 2528 618 2578 8‘:
646 2529 737 2578 Secessit
763 2533 789 2578 in
871 2530 928 2579 682.
949 2529 1019 2577 Usum
1030 2530 1055 2576 in
1065 2531 1118 2584 fsto,
1127 2543 1197 2578 usum
1206 2528 1268 2594 ejus.
1280 2528 1339 2578 Vide

212 2650 218 2659 x
288 2613 379 2664 partem
395 2606 524 2652 interseram
540 2620 592 2652 cum
609 2606 695 2653 amieis.
727 2603 788 2653 Inde
838 2604 870 2654 sd
888 2621 914 2652 x.
926 2604 984 2652 651.
1016 2602 1122 2652 Mariua.
1139 2603 1244 2651 Accurs.
1263 2611 1339 2667 putat,

288 2693 382 2728 sseesnss
403 2685 568 2735 curreremus,
588 2678 606 2726 i.
626 2679 681 2728 177.
714 2678 789 2726 Eram
837 2677 882 2726 hoc
898 2677 1008 2741 jaculum
1025 2676 1097 2725 fuisse
1116 2693 1146 2725 ex
1167 2675 1291 2740 aquifolia,
1309 2676 1339 2724 de

288 2755 443 2813 spatiosiores:
460 2751 556 2800 Vitruv.
572 2752 606 2800 vi.
626 2754 659 2800 8:
678 2752 800 2814 AEdificia·
837 2767 886 2816 qua
895 2750 997 2808 Plinius,
1007 2750 1071 2799 xxiv.
1084 2752 1129 2799 13:
1148 2751 1265 2800 Boeotum
1278 2751 1339 2817 (ipse

288 2827 420 2887 spatiosiora
430 2828 460 2873 ad
470 2835 592 2873 conventus
601 2827 747 2887 excipiendos.
837 2826 899 2890 conj.
902 2822 1025 2887 jaculum)
1036 2841 1063 2872 eu
1073 2824 1241 2888 eufactum,iu
1249 2828 1339 2888 quodvis

322 2898 379 2946 672.
397 2899 529 2961 AEole'den.]
547 2898 610 2947 Vide
630 2898 661 2947 ad
678 2899 711 2948 vi.
729 2899 786 2948 681.
837 2901 924 2947 animal
940 2901 1051 2954 emissum,
1060 2901 1148 2948 etiamsi
1158 2902 1220 2948 citra
1234 2903 1339 2948 ceciderit

289 2971 393 3036 Ignata‚·
411 2972 515 3036 quidam,
527 2975 618 3037 ignara,
630 2971 694 3037 quod
706 2980 731 3021 et
747 2988 787 3020 ac·
837 2973 929 3037 defectu
940 2975 1059 3029 mittentis,
1070 2975 1143 3034 ipsum
1156 2989 1200 3034 per
1214 2990 1259 3023 sese
1275 2991 1340 3022 reeu-

288 3046 338 3094 tive
359 3054 383 3094 et
404 3045 497 3110 passive
511 3045 560 3094 dici
580 3045 652 3095 docet
671 3045 702 3095 ad
723 3046 787 3095 hunc
838 3048 888 3094 bitu
908 3048 1000 3108 propius
1017 3047 1108 3104 allabi,-
1134 3056 1182 3094 tam
1200 3051 1339 3110 precipuum

288 3118 367 3166 locum
381 3117 503 3166 Heinsius.
537 3119 631 3169 Nostris
648 3119 740 3182 Regiis,
751 3124 787 3184 ig·
838 3122 1121 3170 aararamiaessearlrom‘.
1154 3121 1208 3169 Hoc
1221 3121 1340 3171 Pmcridis

290 3198 353 3236 mota.
385 3190 513 3248 Jaculum;
536 3191 644 3241 videmus
670 3193 725 3241 hinc
749 3194 789 3258 ja·
833 3194 942 3260 jaculum
957 3191 1105 3258 (Πρόκριδος
1114 3192 1235 3259 ἀκόντια)
1251 3195 1277 3244 in
1287 3212 1339 3261 pro-

289 3261 346 3310 culs
365 3277 416 3311 esse
440 3272 534 3326 gestata
553 3265 624 3314 etiam
643 3268 674 3315 ab
695 3267 724 3315 iis
746 3267 789 3331 qui
837 3268 903 3319 rub.
910 3266 977 3325 abiit,
984 3267 1156 3331 diciturquede
1163 3267 1201 3325 iis,
1210 3269 1261 3333 qui,
1271 3270 1339 3336 quid·

289 3350 370 3400 regem
386 3335 489 3385 adirent.
523 3338 610 3394 Aurea,
627 3348 719 3395 aurete,
732 3354 788 3388 auro
837 3340 895 3406 quid
907 3341 952 3390 sibi
962 3349 1105 3406 proponunt,
1117 3351 1286 3407 assequuntur.

289 3417 390 3470 oruata3
412 3425 469 3458 nam
490 3426 561 3460 aurea
583 3413 663 3476 cuspis
684 3428 731 3461 non
747 3428 788 3461 va·
870 3414 926 3463 685.
937 3414 1043 3472 Nereius,
1053 3415 1155 3472 Phocus,
1166 3432 1239 3480 quern
1249 3420 1341 3467 AEacus

288 3482 372 3532 luisset
388 3483 413 3531 in
430 3485 499 3541 feras,
510 3492 537 3533 ut
554 3484 627 3534 etiam
638 3486 788 3535 Burmannus
836 3500 866 3534 cx
876 3487 1117 3544 Psammethe,Nerei
1123 3488 1182 3545 filia,
1188 3499 1339 3555 susceperat:

289 3566 380 3614 monet,
389 3557 430 3622 qui
441 3558 523 3608 mallet
534 3558 579 3607 hoc
588 3559 718 3608 locoeasa.
735 3561 786 3608 Me·
837 3559 978 3624 Apollonius
989 3561 1096 3612 Rhodi.
1107 3563 1148 3611 9³.
1167 3563 1220 3618 Qua
1230 3569 1340 3621 mercede,

288 3630 448 3688 diisermomes,
459 3648 475 3680 a
490 3633 560 3682 rebus
574 3631 600 3680 in
609 3632 687 3681 medio
697 3633 786 3697 positis,
838 3634 906 3698 cujus
923 3635 1040 3684 mercedis
1060 3636 1120 3685 loco.
1152 3637 1285 3687 Haeserunt
1302 3639 1339 3687 hic

290 3703 426 3766 vulgaribus
435 3702 513 3768 petiti.
542 3704 785 3763 Quotammesr'fua5
835 3703 982 3771 interpretes,
992 3707 1050 3773 quia
1060 3707 1234 3774 Cephalushoc
1245 3726 1339 3775 quoque

287 3790 367 3841 equo
383 3776 456 3840 ligno.
490 3777 579 3826 Nudus.
602 3776 702 3834 Plinius,
723 3778 786 3828 Hist.
835 3777 861 3828 iu
877 3781 1032 3845 sequentibus
1046 3798 1141 3832 narrare
1159 3782 1190 3832 iis
1204 3783 1339 3833 videbatur.

288 3849 350 3898 Nat.
362 3850 411 3898 xri.
423 3852 464 3899 39.
481 3850 558 3899 Fatua
576 3866 658 3898 carnus
675 3852 701 3897 iu
718 3868 786 3899 uena·
836 3854 924 3903 Verum
935 3856 976 3905 ille
987 3873 1037 3907 ver.
1047 3858 1092 3906 751
1102 3873 1139 3922 sq.
1149 3857 1222 3906 refert
1233 3858 1339 3923 quidem,

288 3923 347 3971 brulis
370 3926 437 3981 aiem,
454 3925 562 3972 lacuaria
587 3926 672 3971 mutata
695 3933 786 3986 propter
836 3928 980 3978 aProcride
998 3928 1044 3978 hoc
1059 3930 1169 3995 jaculum
1184 3931 1230 3980 sibi
1248 3931 1338 3990 datum,

288 3997 396 4045 desuem.
432 3998 512 4046 Telum
520 3999 660 4060 jaculabile,
669 3996 786 4062 jaculum.
835 3999 878 4048 sed
888 4018 933 4063 qua
948 4006 1050 4053 mercede
1064 4003 1127 4062 silet,
1139 4014 1182 4054 aut
1197 4005 1279 4071 potius
1295 4007 1337 4055 ob·

288 4066 594 4134 Hocquoquevocabulum
604 4070 718 4134 originem
726 4072 785 4121 Ovi·
834 4089 903 4123 scure
922 4076 1000 4140 tangit
1016 4077 1095 4126 verbis
1112 4080 1190 4128 lesum
1203 4084 1274 4141 prius
1289 4082 1340 4129 ulta

289 4140 329 4189 dio
349 4141 435 4192 debere
454 4145 556 4199 videtur,
576 4153 602 4192 ut
621 4143 753 4202 dubitabile,
768 4145 784 4193 i.
833 4149 949 4206 paederos.
988 4149 1036 4198 Sed
1054 4150 1176 4215 queritur,
1199 4167 1249 4216 quo
1269 4152 1339 4202 modo
