2812 5010
380 333 851 400 METAMORPHOSEON
876 331 966 397 LIB.
991 333 1019 396 Ι.
1177 337 1221 400 75

176 507 393 605 Cornaque,
413 507 506 581 etin
524 507 627 581 duris
645 507 826 583 haerentia
843 531 947 581 mora
964 507 1118 593 rubetis,
1154 512 1224 583 105

175 622 225 696 Et
244 646 330 719 quae
349 621 570 696 deciderant
584 623 713 721 patula
730 622 753 695 J
755 624 834 697 ovis
853 624 986 697 arbore
1005 625 1174 721 glandes

174 739 252 812 Ver
269 748 351 812 erat
368 747 563 824 aeternnm,
582 737 799 835 placidique
817 739 1036 838 tepentibus
1055 739 1162 813 aurisv

176 852 402 928 Mulcebant
422 852 586 952 Zephyri
604 864 712 928 natos
731 854 812 930 sine
832 855 974 930 semine
992 857 1115 930 flores

177 968 273 1042 Mox
294 969 408 1043 etiarn
426 967 553 1066 fruges
571 971 684 1043 tellus
703 969 848 1046 inarata
863 970 1028 1060 ferebat;

176 1085 261 1158 Nec
279 1094 480 1162 renovatus
501 1110 590 1182 ager
607 1086 769 1183 gravidis
788 1090 950 1163 canebat
963 1088 1099 1162 aristis.
1159 1093 1228 1163 110

173 1244 274 1291 roboreos
283 1241 367 1307 fctus,
383 1241 401 1290 i.
417 1257 439 1290 e.
458 1242 565 1307 glandes.
596 1243 631 1292 At
648 1243 678 1292 de
729 1245 855 1310 complexa
874 1253 925 1294 est:
944 1244 998 1293 vide
1016 1243 1123 1292 Dioscor.
1141 1244 1157 1293 i.
1174 1246 1229 1295 126.

175 1315 304 1380 glandibus
336 1331 390 1364 mox
423 1316 537 1381 sequitur.
580 1317 679 1367 Hesiod.
730 1318 771 1366 ubi
792 1318 854 1367 inter
874 1319 922 1367 alia
943 1317 1025 1374 tradit,
1047 1327 1163 1367 canuntur
1182 1318 1231 1367 dici

172 1389 242 1456 Ἐργ.
255 1391 311 1438 116.
320 1389 416 1456 ἀφνειοὶ
429 1389 539 1455 μήλοισι,
552 1391 617 1456 quod
634 1399 679 1449 est,
730 1394 788 1451 Διὸς
803 1391 939 1456 βαλάνους·
961 1391 994 1441 cl.
1003 1390 1127 1440 Pausania
1141 1391 1231 1442 Arcad.

175 1467 320 1513 amodontos
330 1465 431 1514 arbuteis
434 1465 544 1529 fotibus.-
555 1465 603 1516 vid.
611 1466 679 1516 Graa-
729 1483 754 1532 p.
770 1469 826 1516 599.
845 1466 929 1515 Kuhn.
962 1466 1045 1530 Atque
1066 1464 1139 1514 etiam
1158 1464 1230 1515 hodie

175 1537 242 1586 vium
254 1537 285 1587 ad
296 1538 321 1588 h.
332 1538 351 1587 1.
730 1541 756 1589 in
772 1540 839 1589 terris
856 1539 998 1590 australibus
1016 1555 1090 1604 genus
1111 1539 1231 1604 quoddam

210 1613 266 1661 105.
284 1612 425 1675 florentia]
442 1612 511 1661 Male
528 1613 681 1662 Burmannus
730 1615 853 1682 glandium
870 1615 983 1673 nascitur,
995 1614 1081 1680 quibus
1098 1615 1166 1664 tostis
1179 1615 1232 1664 loco

173 1701 206 1735 ex
219 1686 288 1736 [eid.
301 1695 325 1735 et
342 1686 396 1735 aliis
411 1686 554 1751 quibusdam
565 1689 680 1753 probabat
728 1698 893 1740 castanearum
914 1695 1026 1738 utuntur:
1053 1687 1105 1736 vid.
1127 1689 1232 1752 Goguet.

177 1761 306 1808 horremio.
339 1759 443 1809 Arbores
463 1759 530 1826 ipsa,
551 1776 680 1826 earumque
729 1782 778 1813 vom
793 1764 977 1829 Urrpouogoder
987 1762 1145 1820 Gesonaetc.
1177 1763 1207 1810 P.
1215 1762 1232 1811 i.

173 1835 236 1884 rami
254 1841 321 1884 recte
342 1833 456 1884 dicuntur
475 1836 573 1893 bonore,
591 1835 617 1884 id
637 1844 680 1893 est,
730 1838 772 1887 lib.
792 1837 818 1886 ii.
838 1854 864 1903 p.
885 1839 916 1887 57
942 1854 1007 1902 sqq.-
1037 1836 1136 1902 Scripsit
1159 1837 1230 1885 etiam
1336 1874 1339 1879 .

174 1910 289 1967 eminere,
309 1925 358 1958 non
377 1908 435 1959 item
459 1909 557 1960 fructus.
589 1909 682 1974 Regius
732 1913 856 1962 Leisnerns
867 1928 944 1977 progr.
956 1911 986 1960 de
998 1910 1159 1962 Glandivoris.

177 2002 208 2034 ex
222 1984 426 2050 interpretatione,
436 1985 570 2045 prudentio.
584 1984 680 2041 Cornus,
765 1990 820 2037 107.
842 1987 886 2036 Ver
903 1997 953 2036 erut
968 1997 1087 2042 uterorum,
1106 1985 1165 2048 etc]
1194 1985 1232 2034 Ex

176 2059 248 2124 cujus
258 2058 443 2114 fructuscorno,
454 2055 555 2122 lapidosi
566 2064 681 2114 sunt,nec
731 2061 921 2128 philosophorum
943 2059 1069 2117 sententia,
1087 2074 1160 2123 quam
1177 2073 1231 2106 sua.

178 2133 285 2181 multum
304 2129 382 2180 carnis
401 2131 498 2187 habent,
517 2130 603 2195 quibus
622 2131 682 2180 adeo
731 2135 826 2186 vissime
844 2133 957 2183 describit
967 2134 1035 2198 virg.
1047 2134 1136 2196 Georg.
1146 2130 1171 2180 ii.
1184 2133 1233 2180 336

178 2205 279 2255 Homeri
301 2213 413 2271 tempore,
441 2204 488 2254 Od.
506 2222 530 2255 ¹·
551 2207 608 2254 241·
629 2221 683 2255 ⁸⁸¹²ss
732 2228 785 2277 sqq.
795 2210 887 2259 natales
897 2208 981 2258 mundi
991 2208 1016 2257 in
1026 2224 1124 2257 vernum
1139 2215 1234 2271 tempus

177 2280 355 2344 pascebantur3
365 2278 430 2328 unde
441 2286 466 2327 et
476 2278 599 2343 aVirgilio
607 2281 681 2329 AEne-
731 2283 879 2339 incidebant,
891 2283 964 2347 idque
979 2292 1072 2347 tempus
1086 2280 1180 2328 duravit
1190 2295 1234 2345 per

178 2352 214 2403 id.
225 2353 260 2402 iii.
267 2355 325 2403 649.
332 2352 394 2402 inter
404 2356 490 2402 uictum
498 2354 613 2419 tapetam
623 2354 682 2403 refe·
732 2366 809 2406 toturn
817 2355 924 2406 seculum
933 2371 1040 2404 aureum.
1065 2353 1109 2401 Ver
1117 2356 1233 2402 assiduam

177 2435 272 2477 rnntur.
307 2428 410 2477 Rubetis.
443 2426 541 2492 Asperis
563 2435 587 2476 et
605 2427 684 2493 spino·
733 2440 768 2481 est
779 2432 847 2494 Virg.
859 2431 946 2494 Georg.
960 2429 985 2477 ii.
1002 2430 1064 2490 1493
1080 2445 1120 2476 vor
1140 2430 1233 2492 tongam

178 2501 220 2551 sis.
253 2501 378 2550 Rubetum
399 2510 480 2551 autem
501 2501 589 2551 dicitnr
608 2501 683 2560 locus,
733 2505 792 2553 Hor.
801 2503 828 2553 ii.
839 2504 886 2552 Od.
897 2503 931 2552 vi.
945 2505 983 2551 17.
996 2502 1045 2550 ν1ι1.
1057 2510 1081 2551 et
1091 2500 1233 2552 Buchanani

178 2576 246 2625 rubis
256 2583 281 2624 ct
289 2574 363 2641 spinis
373 2575 486 2626 consitus.
519 2577 605 2626 Rubus
619 2592 685 2626 mora
733 2580 759 2628 in
768 2578 842 2628 Maiae
854 2577 976 2627 Kalendas
986 2592 1080 2642 meme.

178 2649 300 2699 silvestria
309 2649 363 2708 fert,
371 2650 458 2716 quibus
466 2658 491 2699 et
498 2649 556 2716 ipsis
566 2649 684 2701 tenuiores
768 2655 822 2703 109.
840 2651 959 2716 Zephyre]
977 2650 1082 2700 Comites
1092 2659 1147 2699 sunt
1157 2651 1235 2700 Veris.

179 2721 289 2774 homines
298 2725 467 2774 vescebantur:
486 2725 548 2774 Plin.
556 2724 588 2773 H.
595 2724 628 2773 N.
636 2724 684 2775 xvi.
734 2729 876 2785 Mortceboat,
893 2727 975 2776 leviter
994 2727 1125 2791 agitabant,
1143 2725 1190 2774 huc
1210 2733 1234 2774 et

182 2799 275 2859 37-713
292 2798 357 2849 xxiv.
366 2800 524 2848 13-73.duros
533 2801 600 2848 rubos
609 2798 670 2848 dixit
677 2816 685 2860 ;
732 2802 790 2852 illuc
812 2802 938 2851 movebant
957 2801 1033 2852 flores.
1066 2803 1130 2850 Fast.
1151 2799 1167 2848 i.
1190 2801 1232 2848 61.
1254 2837 1259 2852 .

179 2872 256 2922 etiam
273 2872 361 2921 Noster
378 2873 412 2922 iv.
427 2874 498 2922 Pont.
514 2873 546 2922 iv.
560 2875 584 2923 4.
617 2874 685 2923 Bene
734 2879 912 2927 ventusmuloet
929 2893 1025 2925 summos
1039 2880 1128 2924 oristas.
1162 2875 1234 2936 Tepbr

182 2947 275 3003 harere,
287 2953 314 2994 ut
324 2945 360 2995 iii.
371 2946 426 2996 730.
437 2946 468 2995 de
476 2947 545 2996 foliis.
734 2950 845 2999 convenit
855 2948 977 3015 temperiei
987 2949 1040 2998 reris
1050 2947 1123 2997 verni.
1133 2947 1197 2996 Plin.
1208 2948 1234 2998 ii.

203 3021 275 3068 -106.
287 3020 396 3083 Potula]
411 3020 685 3071 ArridebatBurmanno
734 3024 779 3090 Ep.
800 3021 857 3073 xvii.
880 3025 904 3072 ³.
926 3032 1001 3086 tepore
1021 3039 1089 3071 omo
1111 3025 1234 3071 nitescunt.

183 3111 198 3144 e
220 3093 281 3142 Cod.
297 3094 400 3151 Heinsii,
416 3097 492 3160 targa,
508 3095 525 3145 i.
542 3112 564 3145 e.
581 3095 684 3161 benigne
733 3100 838 3148 Causam
855 3098 919 3147 illius
936 3098 1022 3163 teporis
1039 3095 1115 3146 reddit
1134 3098 1232 3148 Lucret.

181 3167 274 3216 rictum
291 3166 434 3217 ministrans.
469 3169 564 3226 Potula,
580 3176 633 3235 quoa
648 3185 684 3218 ra·
733 3189 758 3221 v.
769 3174 831 3220 816:
848 3174 881 3219 At
895 3176 982 3221 nocitos
992 3172 1072 3220 mundi
1087 3186 1128 3218 occ
1135 3170 1234 3236 frigora

182 3257 235 3290 mos
262 3242 311 3290 lete
342 3241 463 3292 diffundit.
504 3244 567 3292 Joois
598 3247 686 3293 arone.
734 3248 795 3294 doro
815 3247 895 3303 ciebat,
914 3254 961 3294 etc.
995 3245 1049 3292 Sino
1071 3247 1163 3302 somine,
1184 3245 1234 3294 sine

183 3318 290 3375 Quercu,
296 3315 350 3364 Jooi
360 3333 435 3374 sacra,
444 3316 477 3366 nti
485 3316 567 3366 laurus
574 3319 685 3379 Apollini,
734 3335 791 3368 cura
808 3318 939 3368 hominum:
957 3316 1043 3383 Virgil.
1058 3318 1146 3382 Georg.
1160 3320 1177 3368 i.
1188 3319 1234 3366 22:

184 3392 286 3440 Horati
305 3391 416 3457 populns,
434 3393 509 3441 Morti
528 3391 643 3451 fraxinus,
662 3403 686 3444 et
734 3411 781 3442 ooo
801 3395 850 3442 ullo
870 3395 952 3441 semine
967 3393 1062 3456 fruges.
1096 3392 1155 3440 Haec
1179 3400 1236 3442 sunt

90 3499 94 3507 ,
184 3465 299 3514 Mtueroc
325 3464 387 3523 olea,
408 3474 455 3516 etc.
497 3467 560 3530 Ergo
586 3484 686 3532 quernas
733 3471 944 3533 injussogromino.

180 3536 284 3604 glandes
306 3537 447 3588 devorarunt
472 3541 540 3605 primi
565 3541 687 3603 homines3
770 3543 824 3590 109.
842 3542 896 3589 Mor·
912 3557 959 3589 non
976 3540 1087 3605 temporis
1105 3538 1233 3587 successio·

181 3629 237 3677 quae
246 3628 304 3663 sane
312 3613 359 3662 tuit
367 3615 471 3679 vulgaris
478 3617 593 3665 Veterum
601 3616 688 3682 opinio.
736 3632 790 3664 nem
812 3615 909 3672 indicat,
928 3615 970 3664 sed
990 3615 1155 3663 continuatum
1173 3612 1236 3661 ordi·
1338 3657 1340 3661 ,

182 3687 272 3753 Itaque
288 3695 313 3736 ct
331 3687 357 3736 in
372 3687 558 3740 Ambarvalibus
574 3706 688 3755 quernam
737 3705 799 3746 nem,
809 3690 872 3737 idem
883 3704 955 3753 quam
965 3695 1086 3754 praeterea.
1103 3686 1166 3737 Vide
1177 3687 1236 3736 Sob-

181 3775 295 3809 ooronam
310 3762 425 3826 gerebant
435 3761 460 3810 in
471 3762 542 3829 hujus
550 3762 627 3812 victus
637 3780 686 3813 me·
737 3763 856 3813 sverand
877 3761 940 3811 Plin.
955 3764 1016 3811 Pan.
1033 3760 1082 3809 viii.
1100 3762 1125 3810 6.
1167 3761 1235 3811 Male

183 3834 297 3884 moriam:
320 3835 389 3901 Virg.
407 3837 497 3902 Georg.
516 3837 533 3887 i.
552 3839 608 3887 350.
641 3839 688 3888 Sed
738 3835 810 3900 igitur
827 3835 928 3887 Lenaius
948 3844 1036 3892 monet,
1055 3835 1169 3884 Ovidium
1189 3835 1235 3885 hoc

182 3907 269 3958 merito
287 3908 418 3968 dubitatur,
429 3926 461 3959 an
476 3926 573 3975 quernae
590 3911 689 3976 glandes
738 3911 852 3976 posuisse,
866 3910 923 3976 quia
933 3911 1020 3975 fruges
1031 3909 1105 3959 serius
1120 3918 1235 3959 matures·

184 3981 301 4032 alimenta
319 3985 442 4049 praebeant
462 3984 566 4034 humano
587 3985 687 4050 corpori.
739 3986 910 4035 cuntfloribus.
944 3986 1029 4049 Neque
1041 3984 1104 4033 idem
1115 4003 1161 4032 noo
1170 4002 1236 4034 rouo

184 4056 255 4104 Error
269 4055 322 4106 sine
337 4056 410 4107 dubio
420 4057 476 4108 inde
487 4067 552 4107 ortus
566 4066 611 4117 est,
625 4060 689 4124 quod
739 4069 804 4107 votus
815 4068 880 4108 recte
890 4059 1002 4125 explicat,
1013 4075 1060 4109 non
1071 4070 1158 4108 aratus.

184 4131 279 4194 glandis
299 4137 324 4180 et
343 4129 458 4194 βαλάνου
477 4132 514 4182 vis
533 4131 606 4182 latins
630 4133 687 4182 olim
774 4134 828 4181 ll0.
853 4121 902 4182 Nee'
920 4144 1041 4182 comnotus
1061 4133 1136 4198 agen]
1160 4134 1236 4182 Immo

183 4205 272 4268 patuit,
293 4218 422 4270 omnesque
448 4207 539 4256 fructus
566 4206 687 4256 echinatos
738 4218 858 4257 renovatos
869 4225 924 4272 ager
932 4217 967 4257 est
978 4207 1077 4262 novalis,
1086 4205 1128 4271 qui
1140 4206 1236 4255 alternis
