2812 5010
378 337 848 407 METAMORPHOSEON
872 336 965 404 LIB.
980 337 1045 406 vl.
1157 341 1225 408 886

177 516 290 602 Quod
306 515 469 615 pretium
487 523 615 612 speret
630 536 700 611 pro
718 522 796 586 tam
814 511 1009 588 furialibus
1026 513 1140 603 ausis,

176 632 365 717 Quattuor
382 631 421 704 in
438 640 566 729 partes
583 630 789 704 certamina
806 640 987 728 quattuor
1004 631 1108 704 addit
1174 636 1222 706 85

179 747 292 821 Clara
308 747 433 822 colore
451 771 533 833 suo,
550 745 726 820 brevibus
744 745 923 818 distincta
936 745 1081 842 sigillis.
1104 748 1222 842 [mon,

176 862 389 937 Threiciam
407 863 621 959 Rhodopen
638 861 753 934 habet
770 861 929 956 angulus
946 886 1056 948 unus,
1076 873 1117 936 et
1134 862 1223 938 Hae-

178 978 289 1053 Nunc
308 979 452 1076 gelidos
469 988 630 1063 montes,
648 976 820 1049 mortalia
836 999 993 1073 corpora
1009 979 1221 1075 quondam;

177 1092 342 1168 Nomina
359 1117 591 1168 summorum
609 1092 681 1166 sibi
700 1093 765 1190 qui
783 1093 948 1166 tribuere
966 1092 1145 1168 Deorum.

176 1207 309 1284 Altera
325 1209 517 1309 Pygmaeae
534 1209 653 1284 fatum
670 1209 882 1283 miserabile
900 1210 1029 1284 matris
1174 1216 1224 1286 90

177 1321 272 1399 Pars
290 1326 427 1401 habet:
456 1328 553 1400 hanc
570 1325 595 1399 J
597 1351 672 1398 uno
690 1326 829 1400 victam
846 1325 1052 1401 certamine
1064 1327 1180 1424 jussit

178 1438 275 1515 Esse
293 1466 446 1537 gruem3
474 1441 702 1539 populisque
720 1442 797 1514 suis
816 1442 983 1516 indicere
1000 1443 1154 1518 bellum.

178 1555 309 1652 Pingit
326 1567 366 1631 et
377 1556 622 1654 Antigonem,
637 1581 767 1632 ausam
785 1558 1013 1633 contendere
1031 1560 1222 1657 quondam

178 1671 279 1745 Cum
296 1675 424 1770 magni
441 1685 615 1747 consorte
632 1673 656 1748 J
658 1674 758 1763 ovis3
789 1699 904 1772 quam
921 1676 1025 1771 regia
1041 1674 1064 1747 J
1067 1700 1142 1748 uno

180 1787 226 1861 ln
242 1789 431 1864 volucrem
449 1788 581 1864 vertit:
611 1815 681 1864 nec
699 1790 838 1889 profuit
858 1791 955 1865 Ilion
973 1792 1039 1877 illi,
1174 1798 1222 1868 95

175 1902 442 1979 Laomedonve
458 1894 577 2003 pater,
597 1906 757 2004 sumptis
776 1906 868 2004 quin
885 1907 1047 1981 candida
1063 1908 1198 2005 pennis

179 2019 272 2118 Ipsa
289 2020 360 2094 sibi
379 2021 533 2119 plaudat
550 2022 759 2120 crepitante
777 2024 922 2098 ciconia
939 2035 1071 2098 rostro.

179 2135 252 2220 Qui
274 2147 446 2236 superest
464 2138 564 2211 solus
581 2138 748 2237 Cinyran
762 2139 878 2213 habet
896 2140 1056 2236 angulus
1070 2141 1220 2218 orbum:

179 2252 297 2350 Isque
314 2253 452 2352 gradus
471 2255 615 2365 templi,
636 2264 808 2329 natarum
825 2257 995 2329 membra
1013 2279 1176 2345 suarum,

210 2485 251 2535 84.
268 2485 382 2544 Pretium,
401 2487 543 2545 mercedem,
562 2504 659 2554 poenam
668 2506 675 2549 ς
724 2488 803 2538 Liber.
811 2488 860 2538 xvi.
868 2487 1020 2554 repetierunt.
1037 2491 1132 2556 Nempe
1139 2492 1223 2550 OEnoe,

176 2575 235 2607 nam
249 2559 319 2624 juxta
338 2560 480 2610 Callimach.
498 2563 522 2610 h.
535 2563 618 2628 Apoll.
632 2565 674 2612 25.
724 2578 796 2626 quam
805 2561 912 2610 Eusteth.
921 2562 952 2610 ad
961 2563 1059 2611 Homer.
1067 2563 1098 2612 Il.
1107 2569 1142 2612 Ψ.
1153 2565 1224 2614 1444.

176 2635 255 2684 κακὸν
271 2633 422 2701 μακάρεσσιν
438 2634 534 2701 ἐρίζειν.
572 2638 676 2700 Spuma,
724 2635 837 2684 Geranen
852 2635 986 2691 vocat,luit
1001 2634 1082 2700 regina
1096 2637 1222 2701 Pygmaeo-

177 2717 205 2758 ut
226 2709 342 2767 ἐλπίζειν,
363 2709 435 2758 etiam
461 2709 491 2760 de
511 2711 676 2776 expectatione
724 2725 785 2766 rum,
807 2725 887 2774 quarn,
906 2725 980 2774 quum
1001 2725 1027 2758 se
1047 2710 1224 2774 pulchritudine

176 2783 251 2833 mali:
279 2783 333 2832 vide
356 2782 481 2832 Heinsium
501 2783 531 2832 ad
552 2784 595 2834 vii.
616 2793 676 2834 extr.
725 2784 825 2833 Deebus
833 2784 967 2840 anteferret,
977 2785 1041 2833 luno
1051 2785 1076 2832 in
1083 2801 1224 2850 gnumver·

178 2859 312 2907 creamine
331 2858 374 2907 ille
392 2857 514 2906 hominum
531 2867 599 2908 erent
620 2876 675 2908 cnm
724 2859 769 2907 tit·
795 2859 873 2908 Grues
882 2866 963 2907 eutem
974 2857 1124 2909 multitudine
1134 2876 1177 2910 sua
1187 2862 1224 2909 in·

176 2932 232 2981 Diis
248 2948 275 2981 se
291 2930 487 2998 comparentium.
523 2934 603 2990 Clara,
617 2933 675 2982 emi·
723 2933 780 2983 risae
791 2933 918 2998 Pygmaeis.
944 2933 1104 2984 lndebellum.

176 3005 267 3063 nentia,
284 3022 331 3071 quo
345 3006 439 3054 facilius
454 3006 578 3056 Arachnes
595 3007 676 3056 oculos
757 3009 798 3057 93.
824 3009 946 3072 Antigone,
967 3008 1141 3066 Laomedontis,
1162 3010 1224 3074 regis

176 3079 202 3128 in
221 3096 248 3129 se
264 3080 420 3130 adverterent.
459 3081 552 3146 sigillo,
568 3081 675 3146 imagun-
724 3081 827 3147 Trojeni,
847 3082 903 3139 tilia,
921 3083 952 3131 ob
974 3097 1066 3131 comam
1086 3083 1224 3148 promissam
1316 3090 1319 3095 ’

176 3154 248 3212 culae,
259 3154 344 3220 quibus
358 3157 474 3213 distincta,
488 3154 617 3220 variegata,
632 3156 676 3206 illa
725 3169 780 3202 cnm
800 3157 893 3205 Junone
914 3172 939 3205 se
959 3170 1095 3222 comparere
1115 3173 1181 3216 ausa,
1199 3167 1225 3207 et

176 3227 315 3277 certamina.
725 3237 817 3278 mutata
831 3229 858 3278 in
873 3229 999 3279 ciconiam.
1016 3231 1073 3280 Vid.
1083 3231 1178 3281 Servius
1192 3232 1224 3281 ad

210 3303 253 3351 87.
281 3302 374 3350 Hennes
399 3307 425 3350 et
450 3301 565 3363 Rhodope,
585 3310 677 3350 montes
725 3301 861 3366 Virgilium,
873 3304 960 3368 Georg.
970 3303 997 3352 ii.
1009 3306 1067 3354 320.
1102 3306 1156 3354 Non
1169 3323 1224 3367 pro·

175 3374 294 3431 Thraciae,
304 3375 361 3424 olim
372 3375 464 3424 fuerant
478 3374 584 3423 homines
595 3391 624 3424 er
635 3374 676 3423 iis-
717 3376 825 3441 feltren
836 3379 958 3442 longefnit
969 3380 1015 3435 itti,
1026 3395 1071 3427 vox
1081 3378 1182 3429 solennis
1191 3380 1223 3430 de

176 3449 233 3498 dem
243 3449 382 3515 perentibus
391 3449 458 3498 editi.
490 3449 524 3498 Hi
539 3466 613 3514 quum
623 3465 675 3498 mu·
724 3448 762 3505 iis,
783 3449 833 3513 qui,
855 3466 992 3515 quenquam
1017 3467 1101 3514 genere
1122 3454 1223 3502 rebusve

177 3531 218 3572 tno
229 3523 291 3572 inter
303 3539 328 3572 se
344 3538 422 3571 amore
433 3523 565 3587 flagrarent,
578 3523 676 3572 Haemus
724 3523 797 3586 gestis
807 3525 875 3581 clari,
886 3532 966 3573 tamen
975 3526 1112 3590 puniuntur.
1121 3526 1154 3576 iv.
1164 3529 1223 3577 648.

176 3613 277 3646 sororem
289 3598 419 3663 appellavit
434 3598 563 3653 Jnnnmm,
575 3596 618 3645 ille
628 3596 675 3645 fra·
727 3598 868 3658 crepitante.
902 3599 1013 3662 Crepitus
1038 3599 1136 3648 ciconia
1162 3602 1223 3650 bene

176 3679 237 3720 trem
255 3673 348 3721 Jovem.
381 3670 411 3719 ld
432 3687 494 3736 egre
514 3673 617 3720 ferentes
633 3670 675 3720 Dii
724 3670 811 3719 fabule
822 3670 1022 3720 accommodatus.

174 3745 258 3793 ambos
269 3753 420 3793 mutaverunt
430 3745 455 3793 in
465 3754 563 3795 montes.
756 3746 797 3793 98.
815 3745 920 3808 Cinyran
930 3743 1002 3792 luisse
1012 3744 1079 3793 aiunt
1089 3761 1168 3808 regem
1175 3747 1222 3797 As·

208 3821 251 3868 90.
266 3819 306 3868 De
328 3820 496 3884 Pygmaeorum,
519 3819 675 3869 homunculo·
725 3818 848 3884 syriorum,
861 3819 929 3884 eujus
938 3818 1007 3875 filiae,
1016 3819 1106 3868 Junoni
1119 3835 1145 3868 ee
1161 3837 1223 3885 prte-

174 3908 229 3942 rum
243 3892 442 3950 brevissimomm,
451 3893 521 3942 bellis
536 3910 591 3943 cum
608 3896 675 3958 grui-
725 3893 785 3942 serre
795 3908 874 3949 auses,
883 3892 939 3940 Dea
949 3892 974 3939 in
989 3895 1078 3956 gradus
1092 3893 1170 3954 templi
1185 3894 1222 3943 sui

175 3970 225 4024 bur,
237 3966 286 4016 vid.
297 3968 390 4023 Strabo,
402 3966 419 4014 i.
429 3984 453 4032 p.
464 3970 504 4016 60.
516 3969 578 4016 Fons
588 3967 675 4016 tabulae
725 3966 912 4017 commutaverit.
936 3965 999 4015 Vide
1019 3966 1180 4024 Lactantium,
1197 3969 1223 4017 in

173 4049 211 4090 est
229 4039 325 4090 Homer.
342 4041 373 4089 Il.
390 4047 417 4090 Γ.
435 4042 458 4089 6.
482 4041 606 4105 Copiosius
621 4056 674 4090 cem
724 4039 881 4104 Argumento.
917 4040 1002 4097 Videri,
1012 4039 1042 4088 de
1053 4039 1222 4104 figurisadna·

174 4125 317 4179 exposuerat
343 4116 423 4164 Boeus
446 4115 471 4164 in
494 4116 674 4181 Ornithogonia,
724 4122 783 4162 ture
794 4113 918 4163 veritatem
934 4114 1051 4179 expressis
1068 4114 1140 4164 etiam
1153 4133 1222 4166 versu

173 4186 239 4236 unde
249 4202 301 4236 earu
309 4187 401 4237 Athen.
409 4187 441 4237 ir.
452 4206 476 4253 p.
485 4190 541 4238 393.
550 4201 575 4238 et
584 4193 673 4239 Anton.
726 4189 781 4237 105.
