2812 5010
179 328 244 394 202
472 328 512 392 P.
538 326 703 392 OVIDII
727 326 939 392 NASONIS
1026 332 1029 339 '

183 503 297 599 Virga
313 501 373 588 sit,
393 511 435 573 ut
453 501 563 576 tersis
581 501 726 575 niteant
744 501 876 575 talaria
893 501 1044 600 plantis.
1157 503 1228 574 736

179 618 275 691 Pars
294 626 441 690 secreta
457 618 591 690 domus
610 618 722 690 ebore
741 629 780 690 et
796 618 988 691 testudine
1006 617 1128 691 cultos

178 734 271 809 Tres
289 733 421 807 habuit
438 734 635 820 thalamos,
655 757 814 830 quorum
832 744 886 820 tu,
906 734 1115 821 Pandrose‚
1134 731 1229 836 derr-

178 851 363 948 Aglauros
374 852 521 936 laevum,
531 849 696 923 medium
708 849 931 948 possederat
942 848 1077 923 Herse.
1099 849 1228 944 [trum

180 967 274 1052 Quae
292 966 413 1041 tenuit
430 968 578 1053 laevum,
598 967 810 1041 venientem
827 967 950 1065 prima
966 965 1112 1040 notavit
1156 968 1229 1037 740

179 1084 431 1172 Mercurium3
461 1108 675 1182 nomenque
695 1084 768 1158 Dei
787 1083 955 1158 scitarier
972 1107 1065 1156 ausa
1083 1091 1154 1168 est,

179 1200 230 1273 Et
248 1224 400 1274 causam
419 1198 622 1277 adventus:
652 1200 713 1274 cui
733 1201 787 1273 sic
805 1199 1000 1297 respondit
1017 1196 1186 1272 Atlantis

178 1317 431 1415 Pleionesque
442 1342 582 1412 genus:
607 1326 630 1356 “
645 1317 726 1413 Ego
737 1343 833 1405 sum,
847 1317 912 1415 qui
919 1319 1028 1415 jussa
1037 1340 1106 1415 per
1119 1315 1228 1389 auras

177 1433 304 1518 Verba
322 1432 438 1529 patris
457 1442 587 1530 porto:
616 1443 725 1531 pater
743 1443 802 1507 est
821 1433 911 1505 mihi
926 1432 1075 1531 Jupiter
1094 1432 1199 1529 ipse:

178 1547 214 1620 N
217 1574 261 1622 ec
276 1548 415 1644 fingam
432 1573 588 1623 causas:
617 1561 658 1622 tu
676 1560 822 1623 tantum
840 1549 916 1622 fida
934 1548 1049 1622 sorori
1152 1548 1225 1620 745

179 1663 275 1737 Esse
293 1664 385 1736 velis
400 1691 409 1750 ;
438 1665 630 1762 prolisque
648 1689 741 1738 meae
759 1676 963 1739 matertera
980 1665 1066 1737 dici.

178 1780 300 1855 Herse
319 1804 433 1853 causa
449 1781 541 1869 viae;
571 1783 708 1869 faveas,
729 1807 891 1869 oramus,
911 1782 1091 1857 amanti.”

177 1895 325 1992 Aspicit
342 1896 442 1970 hunc
461 1897 577 1970 oculis
597 1898 729 1984 isdem,
750 1899 889 1994 quibus
908 1898 1037 1972 abdita
1054 1922 1176 1996 nuper

176 2012 332 2086 Viderat
349 2012 535 2109 Aglauros
554 2015 659 2087 flavae
679 2025 826 2088 secreta
844 2014 1045 2088 Minervae:

177 2129 330 2226 Proque
348 2129 554 2203 ministerio
569 2131 695 2227 magni
714 2131 784 2204 sibi
802 2131 978 2229 ponderis
993 2153 1124 2203 aurum
1152 2133 1227 2202 750

179 2229 373 2318 Postulat:
403 2245 546 2319 interea
564 2246 675 2319 tectis
694 2248 879 2320 excedere
897 2247 1010 2342 cogit.

177 2361 298 2435 Vertit
316 2361 364 2435 ad
382 2363 478 2435 hanc
498 2363 593 2435 torvi
614 2364 697 2437 Dea
715 2363 852 2436 bellica
868 2363 1019 2436 luminis
1038 2364 1181 2448 orbem,

209 2535 264 2596 737.
277 2524 342 2595 ⁸Pers
360 2559 443 2597 secreta
462 2550 561 2612 domus]
601 2550 675 2615 Apud
725 2550 781 2599 dam
802 2548 961 2598 Medicurrius
982 2548 1060 2597 dictus
1082 2555 1133 2594 est:
1160 2545 1226 2610 quod

177 2622 273 2670 Graecos
287 2623 396 2670 mulieres
414 2621 438 2668 in
454 2633 539 2671 secrete
557 2639 598 2672 seu
615 2623 674 2672 inte·

176 2697 235 2743 riore
250 2696 337 2744 sedium
351 2706 417 2759 parte
434 2697 557 2754 sedebant,
567 2714 620 2762 quae
632 2714 675 2761 gy·

177 2770 299 2819 meconitis
309 2770 483 2835 appellabatur.
504 2772 599 2820 Cornel.
610 2773 674 2837 Nep.

176 2846 242 2910 praei.
262 2844 365 2907 Singulae
377 2844 496 2894 habebant
504 2862 558 2894 suos
566 2848 675 2895 thalamos

175 2936 217 2968 seu
229 2920 347 2975 cubicula,
357 2935 456 2982 quorum
467 2919 603 2984 parietes-et
613 2921 674 2968 fores

175 2993 289 3056 distingui
299 2993 355 3041 olim
366 2992 474 3041 solebant
489 2993 569 3042 tinctis
583 2994 674 3042 anima·

175 3066 234 3114 lium
255 3066 384 3123 cornibus.
397 3068 460 3114 ebore
482 3075 507 3115 et
535 3071 674 3116 testudinum

176 3139 328 3203 tegminibus.
348 3140 410 3188 Plin.
425 3139 488 3188 Hist.
503 3140 564 3188 Nat.
575 3140 622 3190 xvi.
634 3143 674 3190 44.

176 3214 244 3278 Virg.
262 3213 348 3278 Georg.
360 3213 386 3261 ii.
399 3214 461 3261 463:
481 3214 529 3262 Nee
547 3218 620 3263 uarios
636 3218 673 3264 in·

175 3292 241 3338 ltiont
255 3290 353 3351 pulchro
368 3291 480 3336 testudine
494 3298 572 3349 postes.
605 3290 673 3338 Schi-

174 3366 239 3415 rach.
249 3367 305 3412 ebur
315 3372 339 3412 et
352 3366 434 3412 tested.
446 3363 469 3412 h.
478 3364 494 3412 l.
504 3363 576 3411 refert
590 3365 620 3412 ad
637 3365 672 3411 la-

174 3437 278 3505 quearia.
312 3439 451 3493 Possederat,
462 3437 508 3485 sibi
518 3437 673 3487 habitandum

174 3521 316 3579 sumpserat.

208 3590 264 3636 473.
276 3588 376 3643 Pleione,
386 3586 492 3635 Atlantis
502 3604 567 3645 uxor,
579 3604 592 3636 e
603 3587 672 3652 cujus

173 3662 267 3710 filiabus
286 3677 335 3709 una
358 3661 432 3717 Maia,
454 3668 529 3708 mater
549 3661 671 3710 Mercurii.

176 3738 254 3784 Genus
264 3751 289 3784 se
299 3734 450 3783 commendat
463 3735 493 3782 ab
504 3750 552 3782 una
567 3735 671 3782 muneris

174 3819 249 3875 parte,
260 3825 308 3873 qua
318 3809 485 3857 commercium
500 3809 562 3856 inter
572 3810 636 3858 Deos
648 3818 671 3857 et

173 3883 288 3931 homines.
321 3883 360 3929 De
376 3882 468 3938 eodem,
479 3882 545 3930 Jovis
562 3886 671 3931 mundata

172 3973 214 4017 per
232 3971 301 4003 auras
310 3956 387 4019 ferre,
404 3955 466 4020 apud
479 3955 547 4018 Virg.
565 3957 622 4004 AEn.
639 3957 671 4004 iv.

174 4031 232 4079 270.
254 4029 575 4090 Quijussn-verbn—ports.
597 4028 669 4078 Διάκ-

173 4120 255 4168 τορος,
271 4102 357 4165 κῆρυξ,
378 4102 539 4151 internuncius
556 4094 670 4152 Deorum.

172 4175 307 4226 Mercurius
316 4176 393 4241 inquit
403 4175 531 4232 Amobius,
540 4176 609 4240 quasi
618 4177 670 4241 qui·

724 2623 785 2673 inter
801 2625 926 2689 loquentes
937 2624 995 2672 duos
1011 2622 1090 2671 media
1100 2629 1188 2678 currat,
1198 2627 1227 2669 ut

723 2699 883 2764 reciprocetur
902 2698 983 2754 oratio,
1000 2705 1047 2745 etc.
1065 2697 1108 2745 lib.
1127 2695 1163 2743 iii.
1182 2695 1225 2743 ad·

724 2790 783 2822 vers.
806 2775 908 2823 Gentes.
952 2774 1005 2820 Esse
1025 2773 1088 2828 velis,
1109 2777 1136 2819 ut
1159 2769 1225 2835 apud

724 2847 820 2896 Graecos
831 2845 937 2907 θέλησον
948 2847 1020 2896 εἶναι.

756 2923 811 2970 748.
836 2922 915 2969 Oculis
933 2923 1002 2969 udan
1023 2936 1070 2967 non
1090 2916 1225 2982 urgendum

723 3002 766 3043 est.
799 2995 852 3042 Hoc
864 2993 966 3048 addidit,
979 3000 1005 3041 ut
1016 2992 1104 3040 crimen
1113 2991 1224 3054 virginis,

712 3096 714 3102 ·
723 3069 753 3117 de
765 3085 811 3133 quo
820 3071 875 3118 559.
885 3069 909 3116 in
919 3067 1056 3116 memoriam
1065 3065 1148 3114 lectori
1157 3081 1225 3113 revo-

723 3151 796 3193 caret.
830 3144 915 3199 Flave,
932 3159 985 3206 quae
1001 3141 1074 3189 habet
1081 3141 1166 3204 flavos,
1180 3138 1225 3202 (de

723 3217 809 3282 quibus
820 3217 850 3264 ad
862 3234 885 3265 v.
897 3214 957 3276 319)
973 3231 1015 3263 seu
1026 3213 1137 3278 pulchros
1148 3213 1224 3277 capil-

723 3293 766 3348 los,
774 3290 889 3356 pulchrae.
908 3287 1164 3337 DieblondeMinerua.
1183 3285 1224 3334 sic

722 3366 802 3425 ξανθὴ
821 3363 941 3428 Δημήτηρ
958 3363 1055 3410 Homer.
1065 3360 1096 3407 Il.
1115 3366 1143 3409 E.
1156 3362 1221 3409 500:

722 3438 776 3489 vide
787 3446 811 3487 et
822 3437 883 3485 inira
894 3437 923 3485 ad
935 3436 969 3484 iii.
978 3437 1033 3483 617.

755 3514 810 3561 752.
828 3511 934 3559 Luminis
948 3511 1029 3565 orbem,
1045 3508 1155 3555 oculum:
1174 3506 1225 3555 vid.

722 3587 752 3636 ad
763 3586 780 3635 i.
788 3588 843 3634 740.
879 3586 946 3632 Toroi
955 3583 1018 3632 oculi
1030 3581 1165 3631 tribuuntur
1175 3582 1224 3628 ira-

721 3661 752 3709 tis
762 3669 786 3709 et
801 3659 988 3723 indignantibus.
1022 3650 1154 3712 Penariae
1168 3671 1225 3720 pro-

719 3734 794 3783 fundo
809 3741 919 3798 pectore:
939 3731 992 3780 vide
1011 3730 1042 3778 ad
1058 3731 1112 3778 179.
1136 3727 1225 3791 Virgil.

720 3806 819 3856 AEneid.
830 3806 848 3853 i.
860 3807 921 3853 371:
940 3806 1062 3867 Suspiruns
1072 3807 1159 3866 imoque
1170 3812 1223 3848 tnr-

720 3884 773 3930 ltens
784 3900 798 3928 a
809 3889 896 3942 pectore
906 3896 987 3928 nocem.
1022 3879 1046 3925 N
1048 3878 1139 3926 oriones
1149 3892 1224 3940 gene·

720 3957 781 4003 rales
790 3954 879 4018 ubique
888 3953 990 4002 Ovidius
1002 3952 1033 4000 ad
1041 3952 1157 4016 cujusque
1168 3965 1224 4014 per-

720 4045 801 4084 sonam
820 4028 997 4077 accommodate
1015 4034 1121 4082 exornat,
1132 4025 1158 4072 in
1174 4024 1225 4089 pri·

721 4104 765 4150 mis
775 4103 795 4152 si
806 4102 848 4151 illa
861 4102 981 4152 exornatio
997 4098 1167 4165 mythologiam
1185 4108 1224 4147 at·

721 4177 798 4241 tingit.
831 4177 894 4226 Hinc
914 4187 938 4225 et
955 4175 1059 4246 additur,
1075 4176 1225 4236 positamque,
