2812 5010
261 336 323 404 164
541 382 546 392 ·
572 336 796 403 Ρ.Ὀ1111)11
821 335 1032 407 NASONIS

283 513 320 587 Ν
322 538 366 588 ec
384 537 481 587 nova
497 514 701 588 crescendo
719 513 917 610 reparabat
934 535 1074 585 cornua
1092 510 1259 599 Phoebe3

282 629 365 705 Nee
372 652 376 681 ³
383 629 608 704 circumfuso
625 631 817 727 pendebat
835 630 873 703 in
891 653 976 704 aere
994 628 1123 703 Tellus

281 747 519 822 Ponderibus
537 747 672 821 librata
689 747 787 821 suis:
816 746 1058 820 nec'brachia
1074 745 1187 841 longo

281 861 454 959 Margine
470 874 653 937 terrarum
670 874 889 963 porrexerat
905 862 1154 961 Amphitrite3

281 976 442 1076 Quaque
460 978 531 1053 fuit
545 980 669 1068 tellus,
689 980 765 1053 illic
784 991 824 1054 et
839 991 977 1079 pontus
996 990 1035 1054 et
1053 1002 1137 1053 aer:
1264 980 1325 1049 115

280 1094 345 1169 sic
363 1106 444 1170 erat
460 1096 645 1170 instabilis
663 1098 792 1184 tellus,
811 1096 985 1171 innabilis
1005 1094 1117 1180 unda,

280 1210 392 1285 Lucis
407 1236 522 1308 egens
541 1236 624 1302 aer3
654 1212 747 1285 nulli
766 1237 835 1286 sua
852 1212 970 1286 forma
987 1210 1176 1296 manebat,

254 1408 257 1414 ,
279 1327 545 1426 Obstabatque
563 1327 646 1402 aliis
662 1327 783 1402 aliud:
815 1329 904 1426 quia
922 1350 1079 1425 corpore
1097 1325 1136 1397 in
1153 1349 1228 1398 uno

274 1529 341 1577 locus
360 1527 457 1577 mirifice
479 1526 605 1576 animatur.
643 1528 729 1593 Itaque
750 1536 774 1577 et
824 1530 891 1593 longo
905 1529 1017 1593 margine,
1028 1526 1092 1575 circa
1107 1526 1190 1591 longas
1203 1539 1257 1573 oras
1275 1531 1325 1574 ter·

276 1601 355 1650 Tellus
364 1601 433 1650 litera
445 1601 576 1667 majuscula
590 1600 615 1650 in
625 1600 693 1650 initio
704 1599 772 1650 dedi·
823 1616 909 1651 rarum.
1109 1597 1110 1601 ’

274 1690 335 1726 mus.
358 1676 398 1724 Sol
405 1690 452 1725 non
460 1675 574 1732 Phoebus,
581 1691 630 1725 ver.
638 1676 680 1724 sed
692 1692 720 1724 ex
730 1691 772 1724 un·
857 1678 896 1726 15.
910 1675 1142 1740 Quoquasuitteltas,
1151 1671 1216 1735 etc}
1225 1672 1325 1722 Haere-

274 1749 375 1815 tiquiore
385 1749 467 1814 mytho
481 1750 550 1799 Titan
559 1768 568 1809 ,·
585 1758 655 1801 natus
662 1750 725 1799 euim
736 1757 773 1799 est
822 1749 954 1800 dundantia
965 1764 1012 1798 non
1023 1746 1163 1803 offendetur,
1173 1744 1215 1811 qui
1228 1761 1325 1811 compa·

272 1837 303 1875 ex
330 1825 474 1891 Hyperione,
501 1842 549 1875 uno
580 1841 610 1875 ex
638 1825 772 1875 Titanibus.
821 1824 915 1882 raverit,
932 1839 986 1889 quae
1004 1822 1035 1872 ad
1052 1837 1114 1871 versi
1132 1822 1172 1870 90.
1190 1821 1248 1869 206.
1266 1821 1324 1869 292.

248 1919 250 1924 ¹
272 1897 371 1947 Hesiod.
380 1898 425 1948 Th.
437 1900 500 1948 371:
521 1900 614 1949 Titania
624 1900 772 1965 astru.Virg.
822 1899 878 1949 401.
902 1898 1043 1948 monuimus.
1079 1896 1174 1960 Quaqua
1190 1895 1255 1962 fait,
1277 1902 1325 1945 etc.

272 1971 439 2022 AEn.vi.725.
463 1973 772 2039 Lunamapropria,quam
822 1977 857 2025 Ut
877 1975 992 2024 hactenus
1011 1974 1148 2037 indigestum
1168 1971 1255 2019 molem
1268 1967 1322 2018 sde-

271 2043 353 2103 habet,
363 2046 479 2096 luminum
488 2046 603 2096 varietate
614 2046 730 2112 designat.
821 2048 921 2115 scripsit,
928 2049 963 2097 sic
974 2063 1038 2097 nunc
1050 2046 1079 2094 ad
1090 2046 1162 2095 verba
1172 2054 1278 2110 corigeres
1288 2061 1324 2093 eo-

276 2128 278 2133 ·
307 2121 344 2168 12.
370 2120 541 2186 Circumfusa]
560 2121 625 2170 Nam
643 2128 710 2170 terre
729 2136 770 2170 ae·
820 2128 870 2174 dem
881 2132 905 2173 et
915 2138 975 2172 vers.
983 2138 1032 2187 seq.
1041 2122 1072 2171 ad
1082 2123 1169 2182 ponam
1179 2122 1240 2168 iners
1250 2119 1322 2168 redit.

270 2206 320 2241 rem
333 2192 440 2258 undique
452 2194 542 2242 circum
556 2194 668 2243 fluentem
685 2195 770 2260 subjici
822 2198 925 2262 Quaqre,
936 2196 1080 2261 ubicunque.
1113 2194 1161 2244 Sed
1172 2209 1247 2242 nexus
1257 2209 1322 2243 com-

271 2264 368 2330 Physici
386 2266 555 2317 demonstrant.
571 2268 621 2316 Sic.
632 2267 712 2318 Tibul.
724 2269 771 2319 IV.
819 2272 903 2322 modus
918 2287 973 2321 cum
990 2269 1184 2319 antecedentibus
1198 2266 1321 2317 desidera·

269 2337 287 2388 i.
309 2341 373 2389 151:
397 2342 536 2407 circumfuso
557 2343 654 2390 considit
673 2344 699 2390 in
717 2359 771 2391 uere
818 2358 865 2396 sur.
897 2345 960 2396 Vide
981 2344 1052 2409 igitur
1072 2344 1142 2393 Varr.
1162 2343 1218 2392 lect.
1250 2343 1322 2391 Forte

269 2416 344 2464 tellus.
377 2416 417 2466 Sic
434 2416 484 2483 ipse
503 2417 575 2467 0vid.
591 2418 656 2467 Fast.
674 2417 717 2467 lib.
738 2419 769 2469 vi.
818 2419 903 2470 melius
919 2426 989 2485 poeta
1006 2419 1100 2467 omnem
1118 2417 1144 2467 lr.
1160 2415 1178 2465 l.
1195 2431 1270 2480 usque
1289 2414 1320 2465 ad

268 2505 318 2541 rer.
334 2493 392 2541 269.
406 2491 468 2541 hauc
487 2501 553 2541 terra
573 2493 598 2543 in
618 2492 697 2542 medio
718 2510 769 2543 sus·
818 2509 867 2543 ver.
880 2495 921 2543 20.
941 2490 1067 2541 omisisset.
1100 2491 1157 2539 Nou
1177 2488 1241 2538 enim
1257 2497 1321 2546 erm,

267 2578 347 2628 pensa
359 2565 504 2632 ἰσορῤοπίαν
514 2567 647 2616 luculenter
659 2567 768 2632 exsequi·
817 2584 860 2619 cur
873 2576 926 2635 post
941 2566 1060 2632 superiora
1076 2564 1189 2614 lectorem
1205 2570 1320 2620 moneret,

267 2645 318 2686 tur:
333 2638 405 2688 Terra
411 2643 465 2703 pite
476 2643 564 2698 similis,
575 2643 641 2689 nullo
641 2640 767 2706 fulcimine
816 2643 943 2691 instabilem
950 2639 1022 2689 fuisse
1033 2649 1125 2695 terram,
1136 2646 1184 2686 etc.

267 2713 330 2769 nisa,
347 2716 406 2763 Aere
420 2717 517 2776 suq‘ecto
537 2725 583 2763 tam
598 2731 669 2780 grove
686 2719 768 2777 pendet
852 2717 891 2766 18.
901 2713 1127 2778 Obstabatqus,etc.]
1142 2713 1228 2776 Pugna
1238 2719 1319 2761 antem

268 2801 333 2834 vaut-
817 2791 868 2850 illa,
877 2806 938 2840 vers.
950 2789 1055 2838 la-ao.
1067 2787 1122 2837 talis
1137 2794 1183 2843 est,
1195 2785 1272 2835 utrix
1291 2786 1317 2834 in

301 2859 340 2909 13.
358 2862 498 2912 Ponderibus
507 2865 590 2913 librato
600 2864 668 2927 suia]
687 2864 766 2913 Oscil·
817 2863 984 2932 cogitationem
995 2862 1074 2912 cadat.
1098 2859 1222 2917 instabilis,
1233 2859 1253 2908 si
1262 2876 1318 2925 pas-

265 2933 319 2982 lans
332 2935 448 3000 gravitate
462 2954 505 2987 sua
518 2938 650 3003 aequilibrio
665 2947 765 2997 servato,
816 2938 866 2988 sive
883 2936 980 3002 accipis,
998 2951 1046 3001 qua
1066 2934 1149 2991 insisti,
1167 2933 1192 2980 in
1211 2949 1259 2999 qna
1275 2949 1318 2998 pes

265 3007 300 3057 ita
313 3025 435 3075 suspensa,
445 3020 473 3061 ut
488 3011 625 3078 equalitate
636 3013 766 3079 ponderum
816 3012 857 3078 figi
876 3010 998 3077 nequibat,
1014 3025 1074 3059 nove
1090 3008 1186 3073 quidem
1204 3018 1229 3056 et
1243 3008 1318 3073 paulo

265 3082 424 3147 equilibrinm
442 3095 553 3144 servaret,
572 3103 615 3136 uec
633 3088 659 3136 in
679 3088 766 3136 alteru-
814 3085 954 3137 insolentius
963 3085 1054 3134 dictum
1065 3083 1117 3139 erit,
1129 3081 1171 3131 sed
1181 3082 1242 3131 bene
1256 3098 1315 3131 cou-

264 3162 325 3206 tram
342 3168 433 3223 partem
448 3159 579 3210 inclinaret.
611 3161 675 3210 Loca
693 3161 765 3210 Vete·
815 3161 895 3211 veniet
915 3161 951 3225 τῷ
967 3158 1089 3208 innabilis.
1121 3157 1151 3206 In
1171 3156 1252 3205 limoso
1273 3155 1318 3205 illo

264 3245 316 3281 rum
344 3232 430 3282 similia
461 3245 628 3300 congesserunt
655 3236 717 3287 Cios.
742 3245 766 3285 et
815 3251 898 3286 acervo
909 3250 953 3283 nec
964 3250 1006 3299 pes
1017 3232 1058 3298 figi
1067 3238 1169 3298 poterat,
1180 3240 1241 3280 terra
1250 3229 1314 3279 enirn

263 3304 349 3356 Heius.
376 3308 497 3374 Koeppen.
511 3317 600 3366 monet,
613 3310 766 3375 cogitandum
814 3310 913 3360 subacta
921 3316 971 3357 erat
978 3307 1059 3356 multis
1070 3307 1152 3373 aquis;
1169 3320 1212 3355 nec
1227 3305 1314 3362 nutari,

263 3393 315 3428 esse
326 3381 406 3450 orbem
417 3381 514 3447 planum
525 3382 560 3430 ita
571 3382 705 3448 impositum
716 3383 764 3441 axi,
814 3398 878 3448 aqua
886 3382 950 3432 enim
960 3389 1046 3430 terram
1057 3380 1196 3430 dissolutam
1206 3377 1297 3427 ferebat
1308 3396 1318 3439 ;

262 3461 290 3502 ut
299 3455 375 3502 ambae
387 3454 449 3503 orbis
460 3463 538 3521 partes
548 3455 705 3520 aeqnilibrium
715 3474 762 3506 ser·
813 3449 860 3507 nec
879 3456 984 3521 denique
1004 3456 1069 3505 cerni
1091 3455 1221 3520 quidquam
1239 3451 1316 3517 (χάος

262 3537 327 3577 vent.
358 3528 525 3594 Antiquissimi
539 3539 762 3596 sauepoetaepnta·
813 3529 1160 3597 praetrepluctunimere.
1185 3526 1315 3577 Verissime

261 3611 419 3660 runt,terram
430 3619 481 3653 esse
492 3604 572 3653 orbem
581 3605 679 3668 planum
687 3622 694 3663 ;
712 3605 761 3662 sed,
812 3605 884 3669 igitur
896 3612 947 3653 erat
961 3607 1049 3667 pondus
1063 3607 1133 3652 iners.
1165 3602 1197 3649 Et
1210 3601 1313 3650 multum

261 3676 325 3741 qnod
332 3678 383 3742 jam
393 3677 489 3735 Thales,
498 3677 677 3726 Anaximander
687 3686 712 3726 et
722 3678 762 3726 elii
811 3677 857 3728 sibi
866 3679 1016 3728 indulserunt
1026 3680 1127 3728 Veteres
1142 3675 1168 3724 in
1177 3691 1222 3724 usu
1233 3673 1314 3739 adjec-

260 3750 398 3808 docuerunt,
412 3750 510 3800 formam
527 3751 549 3800 ei
563 3767 614 3800 esse
629 3751 759 3816 globosam,
812 3753 911 3802 tivorum
938 3753 1040 3801 in'bilis
1064 3749 1239 3800 desinentium:
1263 3747 1314 3796 vid.

259 3830 284 3870 et
297 3823 400 3872 Romani
415 3833 549 3873 constanter
563 3824 722 3881 crediderunt,
733 3825 761 3874 ii·
814 3827 921 3876 Perizon.
934 3826 965 3874 ad
981 3824 1070 3874 Sanctii
1085 3825 1147 3874 Min.
1158 3823 1179 3871 Ι.
1190 3840 1230 3871 xv.
1241 3824 1272 3882 4.;
1289 3831 1314 3871 et

260 3895 363 3961 demque
383 3898 535 3947 nihilominus
556 3915 609 3948 eam
626 3903 761 3961 ponderibus
811 3901 1083 3953 Creech.adLucret.i.
1096 3903 1133 3947 11.
1155 3898 1198 3947 Sin
1207 3897 1312 3948 activam

260 3971 366 4019 libratam
377 3972 550 4022 suisdixerunt.
811 3976 857 4024 vim
877 3984 902 4025 et
919 3975 957 4024 hic
976 3976 1094 4040 presuras,
1112 3975 1224 4024 instabilis
1243 3974 1313 4022 tellus

249 4063 265 4074 ⁴·
297 4045 336 4093 14.
371 4047 529 4110 Amphitrite]
559 4048 664 4114 Neptuni
692 4064 759 4105 uror,
810 4050 862 4107 erit,
873 4065 926 4114 quae
939 4049 1041 4098 nondum
1052 4050 1144 4097 firmum
1154 4057 1178 4096 et
1188 4048 1312 4095 immotum

258 4117 313 4167 Dea
329 4125 353 4167 et
369 4119 463 4184 domina
475 4121 579 4169 Oceani:
597 4125 697 4170 nondum
708 4125 759 4169 bra·
809 4125 887 4172 locum
915 4126 1020 4181 tenebat,
1044 4123 1147 4172 nondum
1174 4129 1225 4172 erat
1248 4132 1311 4170 terro

257 4191 622 4259 clia,aquassuas,'porreserut‚
635 4196 759 4252 effuderat,
808 4201 931 4248 continens.
966 4199 1035 4247 Nulli
1050 4215 1092 4247 rua
1100 4197 1182 4263 forma
1197 4198 1312 4254 mundat,
1345 4186 1350 4194 ’
