2812 5010
373 349 841 460 METAMORPHOSEDN
864 351 955 419 LIB.
979 354 1042 420 VI.
1155 357 1220 423 407

177 523 283 609 Quas
298 525 361 598 ubi
379 524 468 600 fecit
482 547 632 621 aquam,
651 547 788 598 vacuas
806 524 931 600 emisit
946 528 984 600 in
1002 551 1131 605 auras:

173 639 270 730 Inde
286 651 419 739 petens
436 639 608 739 rapidum
624 638 716 741 ripis
733 641 940 718 declivibus
958 668 1098 743 aequor,

177 756 1216 858 Marsyanomenhabet,Phrygiaeliquidissimusamnis.

223 874 272 947 V.
301 873 456 948 Talibus
474 867 665 974 extemplo
682 874 779 952 redit
796 875 843 951 ad
861 880 1063 975 praesentia
1079 880 1191 954 dictis

178 990 344 1088 Vulgus3
361 1001 401 1066 et
411 992 621 1067 extinctum
631 1014 718 1064 cum
732 992 848 1092 stirpe
855 990 1068 1091 Amphiona
1076 996 1218 1093 lugent.

179 1107 305 1182 Mater
322 1107 359 1181 in
377 1107 517 1183 invidia
534 1119 613 1183 est:
642 1118 769 1183 tamen
788 1109 884 1184 hanc
907 1132 1059 1208 quoque
1083 1112 1220 1185 dicitur

329 1250 425 1299 unus
1088 1229 1219 1325 [quam

180 1339 306 1414 Flesse
326 1340 488 1440 Pelops;
517 1342 761 1437 humeroque,
776 1363 863 1415 suas
881 1341 928 1414 ad
946 1352 1099 1440 pectora
1116 1351 1218 1441 post·

179 1456 351 1531 Deduxit
366 1467 503 1546 vestes,
523 1459 615 1532 ebur
632 1456 843 1532 ostendisse
862 1456 1023 1531 sinistro.
1143 1461 1217 1530 405

179 1571 366 1647 Concolor
382 1575 443 1647 hic
461 1575 651 1661 humerus,
671 1574 849 1650 nascendi
872 1584 1052 1677 tempore,
1071 1575 1218 1661 dextro,

179 1686 471 1789 Corporeusque
488 1689 579 1763 fuit:
608 1689 781 1763 manibus
798 1711 887 1764 mox
905 1714 1004 1764 caesa
1020 1687 1184 1789 paternis

179 1803 353 1909 Membra
369 1805 494 1880 ierunt
505 1805 680 1902 junxisse
699 1805 814 1892 Deos,
833 1807 991 1904 aliisque
1008 1806 1177 1904 repertis,

179 1917 253 2002 Qui
271 1921 377 1994 locus
394 1932 456 1995 est
464 1921 588 2019 juguli
605 1921 752 1996 medius
770 1924 980 2022 summique
997 1922 1128 1998 lacerti

178 2035 328 2111 Defuit:
357 2038 575 2135 impositum
592 2048 650 2112 est
667 2062 740 2111 non
758 2039 1009 2136 comparentis
1026 2039 1064 2111 in
1082 2063 1192 2112 usum

178 2149 304 2226 Partis
323 2154 436 2241 ebur;
456 2153 632 2252 factoque
651 2152 791 2252 Pelops
805 2153 876 2227 fuit
892 2153 1037 2250 integer
1051 2154 1126 2227 illo.
1144 2158 1213 2228 411

208 2353 268 2400 399.
286 2352 586 2419 Ripisdeclioibus‚pronis
603 2363 676 2420 atque
725 2352 816 2401 lacinus
837 2370 911 2419 quum
931 2353 1150 2404 animadvertissent
1166 2353 1218 2411 Dii,
1255 2372 1256 2376 ¹

178 2424 307 2475 inclinatis.
492 2463 494 2467 .
725 2429 829 2478 membra
846 2445 924 2479 rursus
940 2437 1120 2496 composuerunt
1136 2435 1221 2494 praeter

210 2502 267 2550 400.
290 2503 396 2566 Marsyas
411 2501 497 2552 fluvius
513 2501 577 2552 haud
594 2504 676 2570 procul
725 2500 856 2560 humerum,
868 2519 938 2567 quem
954 2504 1026 2554 Ceres
1036 2511 1230 2569 consumpserat..

178 2575 316 2634 acolabis,
326 2577 368 2625 ubi
378 2576 495 2626 habitavit
503 2578 613 2642 Marsyas
624 2594 675 2626 mu·
725 2577 849 2627 Eburnaus
871 2576 942 2641 igitur
963 2576 985 2626 ei
1010 2576 1121 2626 humerus
1141 2577 1219 2627 datus.

178 2649 252 2706 sicus,
274 2649 300 2698 in
321 2650 471 2700 Maeandnrm
497 2651 583 2700 influit.
616 2651 675 2701 vid.
726 2650 813 2700 Confer
826 2651 974 2717 Lycophron.
987 2650 1053 2701 Cass.
1066 2653 1125 2711 159;
1142 2650 1218 2716 Hygi·

177 2722 268 2779 Livius,
284 2724 450 2785 xxxviii-133
467 2725 570 2782 Curtius,
588 2725 637 2775 III.
653 2725 662 2773 i
668 2743 676 2786 ;
726 2740 778 2781 nus,
794 2725 841 2775 fab.
856 2727 907 2783 83;
924 2724 1026 2783 Servius,
1036 2724 1067 2774 ad
1082 2724 1219 2790 Virgilium,

178 2796 396 2862 Palaiphatusdd.
424 2798 609 2848 Sedsccundnm
618 2800 677 2848 alios
725 2798 811 2863 Georg.
834 2798 867 2847 iii.
889 2800 922 2860 r75
949 2796 1030 2847 Schol.
1058 2799 1162 2856 Pindari,
1187 2799 1219 2849 ad

178 2886 226 2919 non
241 2887 254 2920 e
268 2873 372 2920 lacrimis
386 2872 544 2938 popularium,
557 2889 637 2922 verum
647 2891 677 2924 ar
725 2873 822 2938 Olymp.
842 2872 859 2920 i.
891 2873 993 2938 Impiam
1014 2881 1038 2920 et
1056 2872 1219 2922 incredibilem

177 2945 251 3012 ipsius
268 2947 382 3010 sanguina
396 2947 482 2996 fluvius
498 2948 539 2995 ille
551 2955 615 2996 ortus
632 2957 676 2997 est.
724 2961 777 2994 eam
792 2945 898 2994 fabulam
909 2945 1019 3010 judicant
1030 2944 1154 3003 Pindarus,
1166 2946 1218 2996 (1.1.

177 3019 329 3076 Plutarchus,
341 3020 371 3069 de
386 3020 544 3078 Fluminibus,
557 3037 586 3069 ex
602 3021 675 3071 Alex.
723 3025 748 3066 ct
764 3017 897 3083 Euripides,
913 3017 992 3083 Iphig.
1007 3017 1081 3067 Taur.
1099 3020 1146 3068 387
1163 3035 1218 3085 sqq.

177 3093 289 3142 Cornelio
300 3095 508 3159 addit,etSatyros
516 3102 578 3144 ortos
586 3112 615 3144 ex
623 3096 675 3161 ejus
724 3091 792 3140 Forte
815 3099 885 3157 poeta
910 3091 997 3157 aliquis
1022 3091 1146 3141 humerum
1167 3094 1219 3159 ejus

177 3167 303 3230 sanguine.
723 3168 846 3214 eburacum
855 3173 990 3223 vocaverat,
1002 3175 1030 3216 ut
1039 3165 1163 3235 pulcbnrm
1173 3166 1219 3231 sig·

210 3240 350 3289 401-411.
375 3242 465 3304 Pelopis
482 3243 588 3292 humerus
607 3247 674 3292 ebur-
724 3238 839 3288 nificaret·
1170 3247 1172 3250 ⁴

177 3313 256 3376 πω]
275 3314 371 3379 Pelops,
380 3314 475 3363 Tantali
490 3315 560 3371 filius,
571 3325 675 3382 tempore
738 3375 739 3378 Ἴ
757 3315 812 3362 403.
830 3313 916 3369 Mater,
924 3312 1009 3369 Niobe,
1016 3314 1084 3378 cujus
1093 3312 1164 3361 irater
1175 3314 1219 3361 Pe-

178 3387 266 3436 Acrisii
282 3387 308 3437 in
324 3388 443 3437 Graeciam
459 3389 532 3447 venit,
548 3391 630 3456 ibique
651 3401 676 3442 et
725 3391 779 3449 lops.
813 3387 838 3435 Is
853 3403 901 3452 prm
922 3386 989 3436 luctu
1005 3395 1096 3436 vestem
1115 3386 1219 3444 deducit,

178 3461 342 3525 magnitudine
359 3462 502 3519 divitiarum,
521 3481 580 3529 quas
595 3476 677 3515 secum
725 3470 797 3526 atque
808 3461 842 3509 ita
856 3461 967 3509 humerus
977 3461 1033 3525 ejus
1043 3468 1148 3525 apparet.
1179 3460 1218 3509 Sic

178 3534 315 3591 advexerat,
338 3544 362 3584 et
380 3536 531 3586 multitudine
551 3538 677 3588 liberorum
724 3533 851 3583 intruditur
867 3533 953 3599 potius,
968 3549 1040 3598 quam
1056 3533 1167 3582 intexitur
1183 3535 1219 3582 fa·

178 3617 270 3657 tantam
286 3618 444 3673 consequutus
458 3619 494 3658 est
502 3611 630 3676 potentiam
641 3614 677 3663 la·
726 3608 792 3655 bula·
820 3609 1145 3667 Adpwloradedwtvetlet·
1172 3607 1219 3665 Ita,

178 3697 298 3747 mamque,
305 3691 333 3731 ut
342 3683 504 3748 Peloponneso
511 3701 596 3734 nomen
602 3686 677 3739 daret,
725 3680 785 3729 libro
801 3680 835 3730 iii.
846 3681 902 3729 480.
912 3697 998 3728 summo
1013 3690 1094 3729 uatem
1110 3683 1221 3730 deducere

178 3755 289 3820 lbucyd.
308 3755 325 3805 i.
341 3759 372 3818 93
392 3757 513 3808 Plutarch.
523 3759 593 3808 Thes.
609 3777 636 3826 p.
650 3763 676 3811 2.
725 3758 753 3804 ab
762 3773 810 3812 ora,
821 3755 885 3820 quod
895 3754 968 3803 fiebat
978 3755 1087 3819 planctus
1097 3768 1177 3803 cansa.

179 3828 227 3878 Sed
238 3829 276 3878 bic
291 3829 321 3879 de
337 3830 435 3880 humero
449 3830 500 3898 ejus
510 3833 615 3882 fabulose
626 3836 676 3900 agi.
758 3830 815 3878 409.
835 3830 881 3883 Qui
896 3831 965 3884 locut,
979 3836 1026 3876 810·
1036 3826 1141 3892 scapula.
1172 3828 1220 3878 Lu·

180 3911 226 3951 tur.
258 3896 373 3953 Tantalus
390 3904 546 3971 enim,quum
558 3907 623 3956 Deos
633 3908 677 3957 ali-
726 3905 808 3955 cianus
825 3903 980 3971 ὠμοπλάτην
993 3903 1080 3951 habet·
1108 3903 1147 3969 Dc
1164 3918 1219 3967 syn-

180 3975 278 4040 qnando
288 3978 396 4027 convivio
409 3979 548 4044 excepisset,
558 3979 677 4046 velletque
727 3979 776 4029 taxi
786 3981 872 4044 juguli
887 3981 973 4026 medius
988 3986 1010 4025 et
1025 3978 1113 4032 mcerti,
1123 3974 1178 4025 vide
1189 3976 1220 4026 ad

179 4066 260 4101 eorum
287 4043 434 4102 divinitatem
458 4054 566 4118 experiri,
585 4055 679 4120 Pelopis
726 4071 749 4102 v.
761 4054 816 4102 644.
850 4052 921 4101 Facto
935 4049 1040 4108 illailla
1056 4051 1162 4098 Deorum
1179 4051 1221 4100 be·

179 4124 223 4172 filii
244 4127 349 4176 membra
370 4135 438 4176 cocta
456 4128 599 4193 reliquisque
621 4129 679 4184 cibis
727 4126 818 4176 nelicio.
852 4127 962 4190 langen
985 4122 1130 4173 cuinullum
1148 4138 1220 4174 mem-

165 4197 290 4248 -admixta
308 4199 337 4248 iis
355 4201 470 4266 apposuit.
496 4202 566 4260 Quod
589 4201 679 4252 foedum
727 4204 795 4251 brom
805 4200 878 4259 deest,
887 4200 1030 4266 ὁλόκληρος.
1109 4228 1111 4233 ·
