2812 5010
175 343 241 408 352
470 337 510 405 P.
531 335 693 405 OVIDII
717 335 931 403 NASONIS

175 512 297 590 Vasta
310 514 496 612 giganteis
514 512 655 610 injecta
671 521 731 586 est
748 511 873 584 insula
889 510 1067 584 membris
1151 516 1226 586 346

175 631 377 718 Trinacris,
395 640 434 705 et
450 629 596 727 magnis
615 629 830 727 subjectum
847 627 1009 702 molibus
1026 638 1139 726 urget

176 747 366 823 AEtherias
385 771 519 821 ausum
537 769 688 844 sperare
705 744 889 844 Typhoea
905 745 1030 819 sedes.

178 863 324 939 Nititur
341 863 404 937 ille
423 863 589 961 quidem,
609 872 830 961 pugnatque
848 887 1042 960 resurgere
1057 888 1182 962 saepe;

177 980 325 1055 Dextra
342 980 409 1054 sed
426 977 596 1052 Ausonio
613 1003 746 1053 manus
765 989 824 1054 est
841 979 1014 1076 subjecta
1030 980 1187 1070 Pelor0;

179 1095 302 1183 Laeva,
321 1095 516 1193 Pachyne,
536 1094 628 1185 tibi;
659 1093 828 1192 Lilybaeo
845 1118 954 1169 crura
970 1106 1211 1194 premuntur;

177 1213 369 1311 Degravat
386 1211 500 1286 AEtna
516 1221 652 1309 caput3
682 1211 753 1282 sub
772 1234 850 1308 qua
866 1211 1065 1309 resupinus
1084 1235 1214 1287 arenas

177 1328 343 1426 Ejectat,
362 1329 628 1425 flammamque
646 1325 723 1400 fero
741 1326 857 1401 vomit
874 1350 938 1401 ore
955 1326 1176 1426 Typhoeus.

180 1444 293 1543 Saepe
311 1444 475 1520 remoliri
493 1437 664 1518 luctatur*
673 1443 843 1542 pondera
859 1455 982 1530 terrae,
1152 1449 1222 1520 354

179 1560 421 1659 Oppidaque,
441 1570 480 1634 et
496 1582 653 1656 magnos
671 1559 841 1635 evolvere
858 1583 1014 1658 corpore
1032 1572 1194 1636 montes.

178 1675 273 1752 Inde
291 1679 419 1753 tremit
435 1678 569 1768 tellus;
598 1688 637 1752 et
654 1700 721 1752 rex
739 1688 851 1777 pavet
867 1675 950 1776 ipse
968 1675 1160 1768 silentum,

178 1911 225 1959 que
236 1895 267 1944 ad
276 1894 348 1945 Trist.
357 1897 403 1947 IV.
411 1897 446 1947 iii.
454 1896 494 1948 57.
503 1897 611 1964 exempla
621 1912 677 1948 con·
726 1911 777 1947 rem
784 1910 876 1946 omnem
887 1896 1009 1962 aTyphsei
1019 1894 1136 1962 supplicio
1143 1902 1168 1946 et
1178 1911 1225 1946 mo·

175 1969 255 2033 gessit,
277 1970 364 2036 quibus
384 1973 414 2022 τὸ
433 1975 519 2038 dignas
537 1972 677 2038 adjunctum
727 1972 791 2022 tibus
800 1971 900 2038 repetit;
916 1987 972 2021 eum
983 1970 1047 2020 enim
1054 1970 1131 2020 Pieris
1141 1979 1166 2020 et
1176 1986 1224 2020 car·

177 2043 223 2093 sibi
232 2043 305 2094 habet
316 2061 397 2096 casum
408 2046 547 2096 secundum.
727 2047 798 2096 minis
807 2042 844 2096 sui
855 2053 1019 2110 argumentum
1030 2045 1127 2102 iecerat,
1134 2054 1159 2094 et
1168 2046 1226 2094 falso

212 2119 270 2167 346.
291 2118 360 2168 Vasta
374 2121 496 2186 giganteis,
514 2121 574 2185 eta]
592 2121 676 2169 Terra-
726 2121 847 2171 inhonore
857 2127 976 2186 posuerat.
1010 2120 1091 2176 Moles,
1102 2129 1192 2170 montes
1202 2126 1226 2169 et

178 2209 231 2242 mm
245 2201 323 2242 motus
337 2202 362 2242 et
372 2195 575 2244 subterraneomm
586 2194 677 2260 ignium
727 2193 823 2261 oppida,
835 2202 862 2243 ut
870 2208 940 2244 versu
952 2194 1008 2243 354.
1015 2195 1118 2242 reontiri
1126 2197 1223 2256 madero

176 2266 325 2334 explosiones
340 2268 476 2333 gigantibus
494 2276 562 2318 terrm
578 2269 677 2319 inclusis
727 2279 802 2318 terrra

177 2341 279 2392 tribuere
299 2342 390 2393 solebat
408 2341 517 2392 fabulosa
538 2342 676 2408 antiquitas,
759 2345 818 2394 349.
836 2343 933 2392 Nititur
943 2343 984 2390 ille
998 2341 1112 2406 quidem]
1130 2341 1183 2390 Hoc
1192 2340 1226 2389 id·

177 2414 279 2483 physica
288 2418 345 2467 ¹iere
366 2417 523 2483 phaenomena
540 2433 570 2466 ex
591 2416 678 2467 sabulis
726 2417 789 2468 circo
799 2417 904 2483 fingitur,
916 2416 973 2482 quia
985 2415 1068 2466 Sicilia
1077 2425 1146 2467 terrie
1160 2415 1227 2466 moti·

177 2491 308 2556 explicans.
342 2491 380 2540 Ac
388 2491 476 2541 sicilia
487 2491 591 2557 quidem,
602 2501 678 2549 vmtoe,
725 2493 772 2542 bus
798 2507 959 2558 sepenumero
985 2490 1101 2556 quatitur.
1139 2491 1226 2539 Dentre

178 2565 288 2614 maximia
299 2567 324 2615 in
335 2565 393 2614 mari
403 2566 578 2615 Mediterranea
588 2567 678 2624 insula,
726 2568 830 2623 red,atc.
862 2566 927 2614 Nota
942 2572 998 2614 sunt
1012 2563 1065 2612 haec
1080 2562 1127 2613 tria
1137 2563 1223 2613 Sicilia

178 2640 270 2690 Graecis
284 2657 299 2690 a
311 2641 386 2690 tribus
400 2639 571 2706 promontoriis,
581 2641 676 2706 ἄκραις,
726 2639 893 2706 promontoria,
902 2638 931 2687 de
940 2638 1026 2704 quibus
1034 2636 1089 2687 vide
1101 2637 1227 2689 claudian

179 2713 297 2764 Trinacris
324 2714 404 2770 dicta,
426 2715 515 2764 Noster
534 2713 678 2778 AEschylum
729 2715 804 2780 Rapt.
824 2713 842 2762 i.
863 2714 908 2762 147
929 2729 982 2778 sqq.
1015 2712 1125 2761 Pelomm
1146 2712 1225 2778 (Cape

179 2787 257 2837 Prom.
268 2790 327 2838 351.
339 2788 469 2838 Pindarum
486 2788 534 2837 Od.
544 2788 577 2838 iv.
587 2791 624 2837 12.
641 2804 679 2838 se·
728 2786 840 2850 Pelorus)
854 2787 968 2836 orientem
982 2795 1081 2853 spectat,
1093 2787 1226 2851 Pachynum

177 2870 266 2926 quotus
280 2870 330 2911 tam
345 2862 370 2910 h.
381 2863 481 2928 l.quam
499 2863 564 2912 Fast.
577 2861 610 2912 iv.
619 2863 677 2912 491.
730 2862 809 2927 (Capo
824 2859 936 2924 Passaro)
953 2860 1085 2917 meridiem,
1101 2861 1226 2925 Lilybeum

176 2944 201 2985 et
209 2937 244 2985 ΙΙ.
251 2937 322 2987 Pont.
330 2937 364 2985 iii.
373 2939 413 2987 23.
436 2938 564 3001 Typhoeum
575 2937 679 3002 subjicit,
729 2936 804 3002 (Cap.
824 2934 944 2999 Marsala)
964 2935 1122 2984 occidentem.
1157 2937 1227 2984 Aaro-

178 3011 230 3075 qui,
239 3027 312 3076 quum
323 3011 349 3060 in
360 3011 473 3061 acerrimo
483 3027 537 3061 cum
544 3013 606 3061 Jove
615 3013 680 3061 bello
729 3013 803 3066 aiam,
813 3009 924 3059 Ausonia
935 3025 976 3059 seu
987 3009 1063 3058 Italiae
1075 3008 1191 3058 vicinum.

177 3087 275 3135 tandem
285 3085 411 3135 fulminum
420 3086 443 3135 vi
455 3085 549 3135 territus
560 3101 603 3151 per
613 3101 677 3135 mare
763 3086 820 3133 353.
833 3084 1001 3148 Flnmmomqae
1011 3085 1079 3132 vomit
1090 3083 1225 3148 Typhonis]

176 3160 381 3210 Mediterraneum
398 3160 479 3225 fugere
496 3160 616 3224 coepisset,
632 3160 677 3209 hac
728 3162 851 3225 Quotquot
862 3158 951 3223 ubique
961 3167 1061 3215 montes,
1067 3167 1110 3208 aut
1119 3158 1168 3208 loci
1179 3157 1225 3207 mn-

177 3232 256 3282 insula
282 3249 298 3282 a
317 3235 378 3284 Jove
406 3234 503 3282 obrutus
527 3233 676 3283 credebatur.
728 3234 773 3282 rini
788 3242 896 3283 eructant
907 3232 1026 3290 incendia,
1037 3241 1079 3282 aut
1093 3233 1227 3298 repentibus

177 3306 258 3373 Atque
275 3307 310 3357 ita
325 3307 397 3357 etiam
412 3307 534 3357 Nicander
551 3307 614 3372 apud
625 3309 677 3357 An·
727 3309 831 3364 flatibus,
839 3307 881 3373 qui
891 3315 1005 3356 vocantur
1015 3307 1140 3370 Typhoeos,
1149 3315 1175 3356 et
1184 3314 1228 3356 ter·

177 3389 229 3432 ton.
247 3381 289 3432 lib.
309 3382 398 3443 xxviii5
420 3381 533 3446 Apollod.
554 3381 576 3429 Ι.
593 3381 625 3431 vi.
643 3385 676 3443 33
728 3397 760 3430 na
776 3381 879 3430 motibus
889 3380 1065 3436 concutiuntur,
1079 3380 1182 3443 Typhoeo
1192 3379 1226 3428 in·

177 3456 395 3522 Hygin.iab.152.
427 3456 564 3505 Secundum
581 3457 678 3511 Homer.
725 3456 792 3522 jecta
809 3455 938 3519 finguntur.
971 3452 1058 3502 Confer
1082 3454 1185 3503 AEneid.·
1198 3452 1228 3511 ii;

178 3539 259 3580 autem
279 3530 351 3579 Iliad.
368 3531 399 3578 B.
416 3531 472 3578 783.
488 3530 530 3579 ille
546 3533 573 3579 in
594 3524 679 3581 Arimis
729 3529 858 3580 Claudian.
876 3529 907 3578 de
928 3530 1012 3595 Raptu
1033 3527 1190 3594 Proserpina,
1205 3526 1227 3587 i;

174 3606 250 3671 jacet,
269 3603 295 3653 id
317 3611 361 3662 est,
377 3605 416 3653 vel
435 3604 460 3652 in
482 3603 576 3662 Cilicia,
593 3604 632 3654 vel
652 3604 679 3653 in
729 3604 824 3660 Noster,
833 3602 883 3652 xiv.

177 3678 255 3742 Syria.
289 3677 337 3727 Sed
359 3679 454 3727 Arimos
476 3694 550 3742 quum
571 3678 679 3727 nonnulli
762 3678 819 3726 356.
838 3677 897 3725 Inde
916 3678 993 3725 tremit
1010 3676 1101 3740 tellas]
1124 3673 1165 3724 Sic
1181 3675 1228 3741 Ty·

177 3752 203 3799 iu
219 3752 355 3802 Pithecusis
369 3751 452 3800 insulis
469 3767 540 3817 prope
558 3751 679 3801 Misenum
729 3751 800 3817 phoei
815 3757 893 3799 motus
907 3750 935 3798 fit
949 3760 1022 3799 causa
1038 3749 1179 3815 probabilis,
1189 3765 1228 3798 cur

178 3825 330 3881 collocarent,
349 3823 473 3888 Virgilius,
493 3827 552 3874 AEn.
570 3824 603 3874 ix.
624 3827 680 3874 715.
730 3826 801 3875 Pluto
816 3841 830 3874 e
848 3824 904 3874 sede
923 3840 967 3873 sua
984 3823 1068 3873 exierit
1084 3823 1115 3872 ad
1133 3837 1228 3890 superas

177 3915 249 3948 unam
267 3915 297 3948 ex
315 3899 363 3948 illis
379 3899 521 3964 Prochytam
539 3898 677 3949 nominavit.
728 3916 805 3956 auras,
832 3898 1004 3964 Cupidinisque
1030 3897 1085 3946 telis
1111 3895 1229 3947 vulnerari
1256 3901 1257 3904 ’

178 3972 241 4022 Vide
257 3972 290 4020 ibi
302 3973 391 4038 Heynii
402 3973 463 4021 Exc.
494 3974 610 4022 Encelado
620 3976 677 4022 AEt·
728 3973 846 4039 potuerit!
866 3971 995 4037 Sequentia
1011 3986 1124 4035 expressa
1137 3987 1168 4018 ex
1182 3971 1229 4018 Ho-

179 4063 235 4094 nam
266 4047 461 4112 superimponunt
490 4048 566 4112 Orph.
591 4047 677 4106 Quint.
728 4047 787 4095 meri
798 4047 830 4095 Il.
842 4043 1087 4096 Υ.61;Ἐδὸεισενδ’
1096 4043 1230 4110 ὑπένερθεν

178 4122 272 4184 Smym.
288 4121 336 4169 xiv.
353 4123 402 4169 582
413 4138 420 4179 ;
440 4120 526 4185 Virgil.
537 4121 633 4170 AEueid.
644 4121 678 4169 iii.
728 4120 793 4177 ἅναξ
803 4119 891 4187 ἐνέρων
902 4119 1097 4184 Ἀιδωνεὺς-μὴ
1108 4118 1131 4168 οἱ
1140 4119 1230 4185 ὕπερθε

178 4193 330 4244 oraetalii.
364 4194 581 4245 Commodeantem
590 4196 678 4244 Noster
729 4198 810 4246 Γαῖαν
819 4193 964 4260 (tradidisse
976 4193 1117 4246 Ποσειδάων
1134 4193 1232 4257 ἐνοσίχτ
