2812 5010
178 338 244 404 278
472 336 512 400 Ρ.
538 333 698 399 OVIDII
724 333 936 400 NASONIS

183 512 243 585 Ex
261 535 370 608 aequo
387 509 508 609 captis
527 509 710 583 ardebant
725 510 916 584 mentibus
933 510 1057 584 amb0.

184 629 368 702 Conscius
386 628 505 701 omnis
524 628 654 713 abest;
684 635 777 700 nutu
795 624 988 724 signisque
1002 625 1143 722 loquun

183 743 344 842 Quoque
362 744 480 841 magis
498 742 649 839 tegitur,
668 752 793 816 tectus
811 742 931 838 magis
950 749 1086 814 aestuat
1102 739 1143 836 ig

184 861 314 934 Fissus
331 871 413 935 erat
429 861 534 935 tenui
552 859 658 945 rima,
678 883 793 956 quarn
808 859 969 931 duxerat
986 857 1087 941 olim,

183 975 309 1061 Quum
326 977 434 1052 fieret
449 976 572 1074 paries
590 975 719 1048 domui
737 973 945 1048 communis
963 973 1137 1070 utrique:

182 1091 228 1166 Id
246 1093 376 1166 vitium
394 1093 485 1166 nulli
502 1116 570 1189 per
585 1092 712 1166 secula
729 1092 841 1189 longa
858 1101 1039 1175 notatum,

183 1207 284 1293 Quid
303 1234 377 1283 non
395 1209 511 1283 sentit
529 1209 655 1282 amorl
684 1209 792 1307 primi
812 1207 983 1282 sensistis
1001 1213 1143 1279 amante

182 1324 234 1398 Et
252 1327 352 1399 vocis
370 1325 512 1400 fecistis
530 1326 622 1415 iter;
651 1335 820 1424 tutaeque
839 1349 905 1424 per
923 1323 1016 1397 illud

182 1439 377 1515 Murmure
394 1441 585 1515 blanditiae
603 1441 756 1515 minimo
773 1442 930 1514 transire
949 1440 1136 1513 solebant.

185 1558 307 1654 Saepe,
320 1568 362 1629 ut
375 1556 633 1644 constiterant,
645 1557 733 1631 hinc
744 1557 898 1644 Thisbe,
912 1557 1099 1655 Pyramus
1111 1553 1143 1626 il

183 1670 306 1770 Inque
323 1673 442 1747 vicem
460 1673 581 1747 fuerat
599 1683 772 1771 captatus
792 1674 978 1748 anhelitus
997 1672 1089 1760 oris;

184 1970 271 2020 rentes,
283 1972 309 2011 ut
320 1963 377 2012 alibi
386 1964 479 2029 fratres
489 1980 530 2029 pro
540 1963 650 2012 tratribus
661 1973 686 2014 et
734 1965 829 2031 pertius.
847 1965 882 2013 11.
897 1963 947 2011 xiii.
965 1964 1009 2010 72:
1036 1978 1100 2009 nunc
1120 1962 1143 2009 bl

185 2036 309 2094 sororibus,
327 2055 390 2103 reges
408 2054 450 2102 pro
470 2055 525 2102 rege
544 2046 569 2087 et
589 2039 685 2104 regina;
734 2043 826 2088 rimosae
843 2042 933 2087 mittere
951 2039 1018 2085 uerba
1027 2036 1103 2100 soree.
1137 2034 1143 2082 l

186 2111 240 2160 vide
258 2112 338 2162 Bentla
355 2112 385 2161 ad
403 2114 487 2162 Horat.
499 2113 519 2161 Ι.
535 2113 584 2160 Sat.
595 2131 621 2161 v.
633 2115 686 2162 loo.
734 2114 821 2162 Noster
831 2129 883 2161 mox
893 2111 1007 2177 jucunde,
1018 2113 1077 2159 vacis
1085 2109 1143 2175 face

185 2183 286 2234 Rectius
296 2194 375 2235 nmen
386 2202 449 2236 nunc
461 2202 531 2236 sensu
541 2187 634 2252 vulgari
645 2203 685 2236 ca·
734 2189 854 2237 Etducere
863 2195 887 2236 et
898 2203 964 2252 agere
972 2189 1054 2233 rimam
1062 2181 1143 2233 Latini

186 2258 252 2325 pies;
268 2275 371 2324 namque
389 2277 459 2309 uersu
476 2263 523 2310 153
536 2261 624 2310 Thisbe
643 2262 685 2319 ait,
734 2261 788 2310 vide
799 2262 892 2310 Ciolan.

185 2335 270 2390 misera,
291 2350 353 2383 maus
374 2335 491 2398 illiusque,
509 2345 622 2397 parentes,
644 2336 685 2384 ubi
767 2338 808 2385 68.
826 2339 945 2391 eriduou
956 2337 1024 2383 sentit
1036 2332 1120 2396 curua]
1141 2333 1143 2378 j

185 2406 228 2454 soli
243 2415 323 2471 patres
339 2407 512 2473 intelliguntur,
523 2409 565 2473 qui
581 2409 685 2460 duriores
735 2410 808 2459 thesis
828 2419 873 2467 ast,
898 2408 1012 2458 rationem
1034 2405 1143 2454 contines

184 2480 233 2529 lere
250 2480 364 2530 matribus
380 2482 404 2530 in
421 2482 536 2547 ejusmodi
549 2485 619 2532 rebus
633 2500 685 2533 esse
735 2493 841 2533 amantes
858 2483 927 2549 primi
943 2482 1025 2530 rimam
1039 2480 1107 2528 illam
1122 2495 1143 2528 m

183 2555 268 2604 solent.
301 2557 359 2604 Post
375 2566 451 2618 patres
465 2558 532 2623 posui
549 2557 684 2623 iuterpunc·
736 2558 850 2623 Virgilius
861 2558 1005 2608 deDidoue:
1025 2556 1082 2608 Qua
1084 2553 1143 2618 falb

184 2628 273 2678 tionem
292 2629 430 2687 maximam,
453 2647 523 2696 quam
546 2631 581 2680 vir
602 2632 686 2681 doctus
735 2635 764 2681 ait
782 2643 902 2681 amantem.
938 2633 1009 2688 Tuta,
1027 2646 1080 2694 quae
1096 2645 1143 2678 nou

186 2704 249 2767 apud
268 2704 364 2752 Clarck.
382 2704 588 2755 adHom.Il.1'.
605 2707 645 2754 39.
661 2715 686 2755 et
735 2707 875 2772 ciperentur,
882 2717 909 2755 ut
917 2707 999 2754 literae.
1034 2704 1143 2752 Murmur

185 2777 247 2825 alius
262 2777 287 2825 in
301 2779 437 2827 Observatt.
448 2778 543 2828 Miscel.
553 2780 611 2829 Vol.
623 2781 657 2830 II.
667 2789 685 2828 t.
735 2798 765 2830 ne
777 2782 808 2830 de
823 2780 944 2830 submissis
959 2788 983 2828 et
997 2779 1091 2828 lenibus
1101 2793 1142 2826 am

184 2848 202 2897 i.
216 2867 241 2913 p.
256 2852 296 2899 at.
310 2851 392 2900 suasit.
426 2854 455 2900 In
471 2853 569 2918 vulgata
584 2855 685 2903 lectione
735 2854 974 2904 confabulationibus.
1017 2854 1072 2901 Art.
1098 2852 1143 2900 Am

186 2922 246 2971 falsa
262 2932 298 2971 est
315 2925 442 2973 sententia.
477 2927 511 2975 Ea
530 2944 599 2990 aquo,
616 2929 685 2976 ambo
736 2931 791 2978 723.
802 2946 906 2978 muranur
918 2930 1020 2976 amabile.
1054 2927 1143 2975 Miuiru

185 2994 280 3059 pariter,
289 3013 350 3046 unus
360 3015 429 3063 aeque
440 3015 468 3048 ac
480 3000 568 3062 altera;
585 3002 617 3051 ix.
629 3004 685 3052 719.
733 3014 847 3067 parcant
856 3003 888 3053 xi.
903 3005 955 3052 187.
966 3021 1006 3052 arar
1014 3019 1095 3064 potua.

186 3069 249 3118 Plio.
257 3071 345 3136 Paneg.
354 3074 396 3121 83.
403 3072 433 3121 de
444 3074 528 3122 marito
536 3089 564 3122 ac
575 3073 684 3137 conjuge,
768 3080 807 3128 72.
825 3080 936 3141 captatus
946 3080 1061 3126 anhelitus
1069 3075 1136 3139 mu]

183 3146 316 3206 probatica
331 3163 399 3208 curto.
435 3149 521 3210 Captus
534 3148 565 3196 de
581 3155 685 3196 amante.
735 3154 790 3200 litus
800 3157 845 3201 oria
853 3162 888 3201 est
897 3153 974 3217 ipsum
982 3151 1042 3199 illud
1050 3167 1143 3198 murmu

187 3218 266 3275 Nutu,
277 3229 322 3268 etc.
357 3221 440 3270 Venus
456 3221 525 3270 docet
535 3223 574 3270 vel
588 3226 636 3269 viro
648 3240 683 3270 co·
734 3244 803 3283 mum,
814 3226 887 3290 idque
898 3229 1035 3288 captabatur
1045 3223 1143 3273 auribus

186 3309 236 3340 rum
247 3303 318 3341 nutus
335 3296 439 3360 conferre
455 3297 564 3359 loquaces,
578 3296 683 3344 Blanda·
734 3298 793 3347 roid.
810 3299 859 3347 xix.
876 3301 915 3348 53.
932 3312 1024 3361 captare
1044 3313 1105 3347 uocet
1125 3315 1143 3346 m

185 3384 229 3430 que
241 3372 364 3431 compositis
374 3372 456 3419 abdere
466 3375 533 3419 uerba
547 3375 613 3420 uotis.
645 3371 685 3419 Τι-
736 3372 770 3422 iii.
787 3390 827 3423 ex.
839 3374 867 3422 P.
884 3373 916 3422 iv.
930 3376 968 3423 19.
985 3382 1078 3435 captata
1092 3389 1134 3434 per

186 3441 236 3491 bul.
258 3443 279 3518 Ιἶ
300 3443 325 3492 ii.
345 3446 387 3492 22.
429 3447 522 3509 Quoque
539 3448 619 3511 magis,
639 3454 685 3494 etc.
736 3448 830 3496 Inuidia
842 3448 964 3512 eleganter
979 3446 1089 3495 tribuitur
1099 3446 1143 3494 reb

186 3517 310 3566 Sententia
321 3518 406 3568 amoris
417 3529 524 3569 nanuum
531 3521 592 3570 benc
602 3519 685 3568 adum·
736 3522 813 3580 nimis,
835 3538 888 3586 quas
913 3521 1039 3586 prohibent
1060 3519 1143 3584 aliquit

184 3593 265 3650 brana,
275 3593 400 3659 verbisque
417 3595 512 3660 tropicis
528 3611 639 3661 expressa
654 3595 685 3643 si·
735 3597 775 3645 Sic
786 3597 846 3645 libro
856 3615 880 3645 x.
891 3597 947 3644 642.
981 3597 1074 3644 Detulit
1081 3611 1143 3643 aura

184 3665 343 3716 militudinem
361 3668 492 3718 involvens.
527 3669 631 3734 Tagitur,
643 3684 684 3717 ce·
735 3675 766 3719 ad
780 3688 814 3719 ure
829 3689 875 3719 uau
889 3672 1095 3727 luctuabundus,
1112 3667 1143 3717 sit

185 3740 229 3788 lari
238 3740 338 3805 cogitur.
365 3743 446 3792 Tactus
455 3746 536 3809 magis.
554 3743 632 3808 Magis
645 3742 685 3791 hic
737 3747 791 3794 Am.
804 3748 859 3794 103.
875 3749 960 3795 ducum
978 3748 1054 3800 limen,
1071 3743 1136 3808 quod

184 3830 209 3859 eo
216 3817 289 3880 magis
297 3815 493 3880 intelligendum
504 3817 686 3870 videDralreub.
736 3821 772 3869 dit
791 3826 921 3880 amantem3
937 3828 962 3868 et
976 3819 1030 3867 Art.
1040 3817 1122 3866 Amat.
1132 3817 1143 3865 i:

186 3887 217 3934 ad
234 3887 337 3938 Livium.
353 3889 369 3939 i.
385 3893 427 3941 25.
461 3894 563 3950 AEstuot,
584 3892 686 3941 calorem
736 3898 836 3944 modalis
844 3898 931 3957 janua.
966 3893 1143 3957 Plerumquea

185 3960 266 4010 efficit.
731 3979 837 4018 amantes
854 3969 880 4017 iu
897 3967 1012 4034 ejusmodi
1028 3966 1143 4016 obstaculi

218 4036 258 4083 65.
279 4035 353 4086 Fissus
363 4049 412 4088 erat
423 4045 488 4089 tenui
502 4041 581 4104 rima]
600 4042 635 4091 Ut
644 4057 682 4089 so¹⁴
733 4043 787 4092 here
794 4044 869 4092 solent
875 4061 883 4104 ;
893 4044 934 4092 sed
946 4042 1018 4092 nostri
1028 4048 1136 4090 amantes

184 4108 276 4158 lertiarn
301 4114 431 4163 amantium
455 4124 554 4172 notaret,
576 4116 628 4166 hac
652 4116 682 4165 de
732 4126 788 4166 sunt
797 4119 901 4182 ingenio,
913 4118 976 4182 quod
992 4124 1017 4166 et
1026 4116 1143 4181 ipsumao

184 4188 243 4232 rima
259 4185 364 4251 pluribus
379 4199 535 4254 persequutus
546 4199 591 4239 est.
626 4191 682 4238 Pro·
733 4190 837 4240 mendat.
