2812 5010
278 320 746 415 unrauonrrrosuou
769 333 861 405 aru..
882 304 925 401 i.
1017 397 1019 401 .
1059 318 1125 404 aas

129 492 280 580 Interea
297 503 440 602 pavidae
458 503 711 604 nequicquam
728 506 805 581 filia
822 509 931 582 matri

79 616 275 693 Omnibus·
285 630 344 693 est
360 619 482 708 terris,
502 621 603 695 omni
621 621 783 720 quaesita
799 621 995 723 profundo.

76 723 187 808 Illam
205 759 281 808 non
299 735 419 810 rutilis
436 736 591 811 veniens
607 737 751 813 Aurora
767 735 915 837 capillis
1049 745 1123 816 440

78 849 305 926 Cessantem
321 852 426 940 vidit,
442 866 517 926 non
535 853 751 955 Hesperus3
779 853 844 930 illa
860 855 1009 931 duabus

79 957 318 1043 Flammifera
336 969 446 1068 pinus
464 971 637 1045 manibus
656 971 853 1046 succendit
872 972 920 1046 ab
938 970 1072 1062 AEtua3

78 1079 231 1180 Perque
249 1084 446 1185 pruinosas
463 1086 551 1160 tulit
567 1087 772 1185 irrequieta
786 1089 974 1162 tenebras,

81 1197 242 1285 Rursus,
257 1210 300 1274 'ut
317 1201 415 1275 alrna
431 1201 513 1276 dies
531 1203 731 1276 hebetdrat
746 1203 883 1292 sidera,
899 1210 1025 1278 natam

79 1313 179 1387 Solis
199 1316 246 1388 ad
263 1332 452 1404 occasum,
474 1317 573 1392 Solis
591 1320 786 1416 quaerebe't
799 1320 847 1393 ab
865 1330 962 1396 ortu.
1050 1321 1124 1392 445

79 1428 199 1504 Fessa
215 1433 342 1508 labore
361 1434 462 1509 sitim
479 1434 695 1532 collegerat,
713 1459 855 1534 oraque
873 1426 967 1511 nulli

79 1545 300 1623 Colluerant
316 1549 460 1641 fontes;
490 1574 608 1648 quum
626 1560 768 1625 tectam
783 1551 961 1626 stramine
973 1549 1066 1625 vidit

78 1660 192 1737 Forte
209 1688 350 1753 casam,
368 1690 579 1766 parvasque
596 1665 695 1739 fores
713 1667 896 1766 pulsavit:
925 1671 965 1745 at
981 1667 1069 1741 inde

80 1774 215 1853 Prodit
241 1804 357 1871 anus3
388 1781 603 1879 Ditemque
630 1780 745 1867 videt,
769 1782 1041 1881 lymphamque
1069 1802 1125 1855 ro·

230 1897 335 1992 genti

111 2110 250 2160 tae—461.
268 2111 341 2169 Cerea
352 2112 512 2174 Proserpinam
519 2131 579 2177 que·
629 2121 762 2163 commento
772 2121 852 2162 narrat
862 2111 991 2164 Claudiam
1000 2112 1037 2162 iii.
1047 2105 1103 2163 inde
1114 2129 1129 2163 ι

77 2201 140 2241 reus,
149 2202 246 2246 praemunt
257 2190 370 2250 quendem
383 2196 458 2237 mutat
472 2190 497 2235 in
507 2191 579 2237 stelli-
628 2203 697 2236 versu
706 2189 763 2238 ³92.

77 2275 143 2306 ouen
153 2275 195 2307 seu
207 2261 323 2310 lacman
339 2260 482 2311 Hacetiam
489 2260 579 2312 Autan.
661 2262 720 2310 443.
737 2261 826 2325 Perque
833 2260 1030 2324 pruinamque]
1048 2260 1129 2311 Noctu

76 2332 146 2382 xxiv.
156 2349 170 2382 e
179 2333 300 2387 Nicandro
310 2332 389 2392 refert,
397 2351 469 2401 quem
477 2335 579 2386 eundern
630 2341 654 2383 et
669 2331 772 2384 interdiu
788 2332 899 2399 quesivit
913 2335 996 2384 liliam.
1031 2335 1096 2391 Dies,
1106 2352 1128 2386 s.

77 2407 161 2455 confer
182 2407 255 2456 etiam
275 2407 302 2461 in
321 2408 432 2457 Theriac.
453 2409 502 2458 484
523 2425 579 2474 sqq.
629 2407 664 2457 sol
674 2409 772 2458 clariore
784 2425 828 2458 sua
843 2409 898 2458 luce
914 2411 1010 2468 laederet,
1020 2411 1132 2459 obscurat

77 2480 158 2530 Paulo
168 2480 236 2531 aliter
243 2491 268 2532 et
277 2480 424 2549 turpiuscule
435 2498 464 2532 ex
473 2483 579 2548 Orpheo,
629 2482 714 2540 sidera,
733 2490 826 2532 utnon
844 2490 984 2548 appareant.
1017 2482 1131 2533 Similiter

77 2553 165 2619 fragm.
175 2556 213 2605 16.
223 2570 273 2606 retu
283 2565 379 2610 narrum
390 2556 501 2606 Clemens
508 2557 580 2607 Alex.
628 2555 685 2613 fere,
696 2556 733 2605 ΙΙ.
741 2556 824 2605 Amor.
833 2555 865 2606 vi.
873 2558 914 2606 20.
922 2557 1038 2622 psittacus
1047 2559 1131 2606 uirides

80 2628 171 2678 Paran.
182 2647 207 2696 p.
220 2632 259 2680 la
269 2638 294 2680 et
304 2628 395 2682 Arnob.
406 2629 462 2680 adv.
472 2631 546 2680 Geut.
556 2647 579 2680 v.
627 2634 708 2693 peanis
722 2632 809 2680 hebetat
825 2632 962 2696 smaragdos.
995 2628 1042 2680 Sed
1061 2629 1129 2679 Schi-

78 2719 107 2767 p.
118 2702 173 2753 174.
207 2704 283 2752 Pauor
292 2704 335 2757 ille
351 2705 443 2761 matris,
455 2705 520 2754 Fast.
530 2703 554 2752 d.
562 2703 580 2753 l.
629 2704 695 2753 rach.
706 2705 766 2753 alius
777 2703 871 2769 generis
879 2717 977 2753 veneres
986 2703 1012 2753 in
1022 2701 1078 2754 h.v.
1088 2703 1131 2752 de·

79 2777 129 2826 455
140 2792 193 2842 sqq.
203 2777 352 2831 describitur.
386 2779 421 2829 Ut
430 2777 470 2827 hic
481 2789 546 2827 terra
556 2789 581 2827 et
630 2776 764 2842 prehendit.
798 2784 815 2805 ‘¹
827 2777 940 2826 Hebetare
949 2780 1033 2834 sidera,
1044 2775 1130 2842 inquit,

76 2850 229 2916 prafundum,
240 2851 274 2901 sic
283 2867 298 2900 a
308 2851 450 2905 Callimach.
460 2859 511 2901 tota
520 2860 582 2901 terra
630 2849 717 2900 dicitur
735 2854 788 2908 dies,
800 2851 841 2900 ubi
859 2851 965 2916 tepidum
981 2858 1017 2900 est
1029 2867 1131 2917 vesperae

78 2934 104 2975 et
114 2938 196 2975 omues
206 2926 271 2976 fluvii
281 2935 502 2976 commemorantur.
536 2927 578 2975 Se·
627 2933 729 2989 tempus,
751 2939 838 2974 vacans
862 2932 922 2974 testu
943 2925 1044 2975 calentis
1067 2923 1132 2975 solis.

78 3000 186 3048 cundum
193 3000 274 3064 hymn.
281 3001 353 3049 Horu.
361 3007 514 3050 erratnovem
521 2997 580 3049 dies.
601 3045 615 3062 ,
629 2991 708 3046 Valde
719 2998 812 3064 poetice
821 2996 846 3046 !'’

79 3074 157 3121 Pinus
166 3081 262 3139 possent
271 3088 323 3122 esse
333 3073 405 3128 faces,
417 3079 443 3121 ut
453 3088 527 3138 saepe.
548 3075 580 3122 Et
662 3074 719 3122 446.
748 3073 861 3138 Colligere
886 3074 964 3140 altien,
981 3070 1130 3130 contrahere,

77 3145 193 3211 Apollod.
216 3148 278 3213 perd
305 3145 446 3212 λαμπάδων
453 3163 461 3207 ;
487 3147 579 3197 Arnob.
629 3145 702 3195 etiam
726 3147 841 3212 reperitur
861 3145 927 3217 apud
947 3145 1083 3212 Virgilium,
1106 3145 1132 3194 iu

71 3221 262 3286 facagemtaar.
289 3221 337 3270 Sed
348 3221 420 3270 Ceres
429 3221 533 3286 integras
543 3231 580 3270 ar-
630 3221 719 3285 Georg.
736 3221 770 3270 iii.
788 3215 834 3270 327
846 3238 854 3281 ;
878 3220 1000 3278 Horatius,
1014 3215 1062 3270 IV.
1080 3219 1129 3268 Od.

78 3297 149 3344 botes
158 3296 269 3360 gestavit.
285 3297 580 3361 Fast.493.aooeuditge-
631 3295 674 3343 xii.
688 3296 732 3343 la:
751 3290 867 3361 addudere
881 3296 943 3342 sitim
953 3303 1059 3356 tempora.
1093 3291 1132 3341 De

77 3373 153 3418 minas
171 3385 214 3432 pro
235 3371 338 3433 lampade
357 3373 436 3432 pinus.
476 3368 581 3419 Auctore
630 3367 670 3417 siti
698 3368 792 3417 Cereris
822 3368 898 3436 multa
923 3366 989 3431 apud
1016 3366 1131 3424 Veteres;

78 3443 170 3493 Claud.
186 3443 222 3494 iii.
237 3445 294 3493 376.
305 3443 367 3492 duas
384 3457 509 3508 cupressus
526 3456 581 3491 eum
631 3442 710 3490 noufer
729 3440 827 3490 Gallim.
844 3439 903 3488 VII.
920 3438 964 3487 xil.
983 3432 1024 3487 17.
1060 3437 1090 3484 In
1107 3435 1132 3485 h.

78 3519 106 3566 in
113 3531 183 3566 usum
191 3516 301 3573 succidit,
312 3525 399 3582 easque
407 3515 580 3580 complectitur,
629 3515 730 3563 Homer.
751 3514 912 3569 aMetauir't,
930 3511 996 3561 Celei
1016 3507 1132 3560 Eleusinii

78 3591 144 3640 'sicut
154 3599 219 3640 sunt.
231 3591 283 3640 Clc.
292 3592 360 3640 Verr.
368 3590 450 3639 iata.
462 3592 530 3638 tedas
539 3606 581 3639 vo·
631 3589 729 3654 conjuge
740 3588 843 3652 primum
858 3594 977 3636 recreatur
990 3594 1056 3650 potu,
1067 3590 1131 3648 post-

79 3673 131 3714 eat.
171 3660 218 3714 Sed
238 3667 296 3715 teda
313 3665 385 3713 etiarn
407 3664 477 3713 hodie
496 3664 581 3712 Siculis
631 3677 702 3728 quam
710 3664 738 3710 ab
745 3661 837 3720 Iamba,
844 3659 970 3709 Metanira
981 3658 1079 3713 famula,
1088 3672 1130 3705 ex-

78 3745 180 3788 vocatrir
192 3744 267 3803 genus
282 3739 463 3802 arborumque
475 3753 522 3786 non
536 3736 581 3785 nisi
632 3735 733 3785 hilarata
744 3741 803 3784 erat.

79 3812 107 3862 lu
117 3814 195 3862 AEtna
205 3821 341 3870 nascuntur,
351 3821 375 3862 et
383 3827 482 3877 quarum
491 3811 582 3875 liguum
664 3810 720 3858 447.
739 3808 846 3856 colluere
867 3813 919 3855 ratu
938 3805 973 3855 ita
992 3803 1084 3854 occurit
1102 3796 1133 3854 de
1194 3809 1197 3815 “

79 3888 210 3937 resinosum
222 3888 328 3952 egregias
338 3888 427 3953 praebet
437 3887 515 3934 faces:
533 3884 582 3933 vid.
631 3883 744 3943 bibente3
763 3880 844 3930 durius
857 3878 932 3928 multo
947 3878 1011 3945 apud
1029 3879 1132 3926 Lactan-

79 3958 353 4026 Brydon.d.l.p.189.
386 3962 442 4025 Ipsa
457 3960 512 4008 Dea
526 3958 582 4007 iude
632 3955 700 4015 tium,
710 3957 736 4004 in
748 3961 895 4019 argumento,
908 3952 1131 4017 Aquam,adaollu·

80 4038 195 4085 taediare.
227 4037 263 4084 At
282 4034 363 4091 AEtaa,
383 4037 463 4083 AEtute
479 4033 582 4097 ignibus.
632 4033 715 4079 eadum
732 4031 860 4093 jdunium,
880 4029 1006 4093 porrigere.
1049 4026 1133 4073 Prodit

79 4108 178 4158 Petron.
199 4111 240 4159 69.
264 4110 292 4157 ab
313 4111 360 4156 aris
385 4109 489 4156 accendit
506 4106 582 4170 facet.
632 4121 698 4153 anas.
731 4098 1019 4152 HaecauusaNicandro
1032 4100 1130 4156 Misma,

80 4183 207 4240 Quomodo
218 4184 249 4233 ab
261 4184 336 4231 AEtua
346 4180 488 4236 accenderit,
500 4180 529 4228 eri
540 4195 582 4228 suo
633 4180 663 4228 ab
675 4179 727 4228 aliis
740 4178 823 4226 Baubo
833 4184 938 4225 vocatur.
