2812 5010
1040 331 1105 397 tot

236 330 712 402 METAMORPHOSEON
735 328 827 397 LIB.
850 329 916 399 VI.

103 509 181 586 ΙΙΙ.
209 509 312 585 Tum
325 533 413 585 vero
430 506 526 582 tanti
543 505 783 582 manifestam
801 503 965 581 numinis
983 504 1079 581 iram

19 675 22 681 .
54 628 223 715 Femina,
235 627 369 724 virque
382 626 540 714 timent3
556 624 738 722 cultuque
754 622 962 722 impensius
976 647 1109 699 omnes

53 743 198 842 Magna
215 744 468 843 gemelliparae
483 754 708 817 venerantur
722 742 879 816 numina
890 740 1019 816 Divae:
1034 743 1109 814 315

54 860 187 958 thue
204 861 259 951 fit,
280 886 303 935 a
319 860 418 935 facto
433 860 607 959 propiore
624 859 749 958 priora
765 867 973 933 renarrant.

54 976 88 1050 E
108 978 247 1074 quibus
265 1002 362 1051 unus
382 976 456 1051 ait:
478 976 605 1075 Lyciae
624 999 777 1072 quoque
794 973 927 1048 fertilis
946 973 1046 1071 agris
1146 1004 1148 1013 ·

54 1093 170 1167 Haud
188 1093 344 1192 impune
362 1093 485 1168 Deam
500 1103 646 1168 veteres
664 1115 839 1190 sprevere
857 1090 993 1165 coloni.

55 1210 136 1284 Res
154 1211 315 1284 obscura
330 1201 486 1307 quidem
503 1218 562 1283 est
579 1208 816 1305 ignobilitate
832 1206 1017 1295 virorum3

56 1326 158 1401 Mira
175 1336 323 1401 tamen:
343 1326 420 1400 vidi
438 1350 603 1425 praesens
623 1337 876 1423 stagnumque
892 1323 1097 1420 locumque

56 1442 237 1540 Prodigia
255 1454 407 1530 notum;
424 1467 525 1516 nam
543 1467 604 1516 me
617 1445 698 1541 jam
716 1441 892 1538 grandior
910 1437 1003 1527 aevo,
1034 1442 1106 1514 321

58 1559 345 1658 Impatiensque
363 1559 432 1633 viae
450 1561 596 1655 genitor
613 1560 801 1634 deducere
819 1559 938 1632 lectos

57 1675 82 1748 J
84 1687 232 1751 usserat
249 1676 336 1750 inde
355 1676 493 1765 boves3
524 1677 725 1775 gentisque
742 1675 842 1750 illius
861 1675 966 1750 eunti

61 1791 151 1891 Ipse
165 1794 302 1868 ducem
320 1794 497 1869 dederat:
518 1818 604 1868 cum
618 1819 693 1893 quo
712 1795 803 1868 dum
820 1817 964 1892 pascua
979 1794 1110 1878 lustro,

59 1907 165 1984 Ecce
182 1910 287 1983 lacus
305 1909 442 1996 medio,
462 1934 652 1984 sacrorum
669 1910 777 2007 nigra
794 1909 919 1984 favilla
1037 1912 1111 1983 325

59 2025 139 2100 Ara
151 2036 260 2102 vetus
278 2028 415 2116 stabat,
433 2029 603 2102 tremulis
622 2028 855 2102 circumdata
872 2027 1017 2102 cannis.

612 2288 657 2320 nus
679 2287 694 2320 e
714 2269 783 2319 tertio
809 2270 960 2319 Gronoviano
987 2275 1013 2318 et
1039 2267 1114 2318 Barb.

613 2347 698 2411 probat
717 2353 855 2399 retractant,
879 2343 942 2408 quod
970 2359 1020 2392 non
1042 2342 1113 2392 modo

613 2417 766 2475 sermonibus,
777 2417 820 2466 sed
835 2417 907 2466 etiam
918 2416 997 2466 animo
1007 2425 1114 2481 repetere

612 2491 739 2556 significet.
763 2493 803 2540 De
813 2492 857 2540 boc
864 2492 935 2540 verbo
945 2491 1003 2540 alibi
1013 2490 1114 2541 dictum.

613 2568 644 2616 Id
654 2576 720 2617 tneor
736 2575 760 2616 et
774 2578 847 2624 nunc,
859 2566 916 2633 quia
926 2565 957 2615 de
967 2567 1115 2616 sermonibus

613 2649 706 2692 tantum
720 2642 806 2707 agitur.
840 2641 961 2700 Quoniam
979 2651 1059 2690 autem
1077 2658 1116 2692 res

18 2329 24 2341 Ι
59 2269 144 2334 procul
159 2267 232 2318 stanti
248 2267 376 2333 imaginem
387 2269 493 2319 mulieris
502 2286 562 2320 moe·

60 2352 103 2392 stae
120 2352 145 2392 et
159 2341 304 2392 lacrimantis
321 2343 457 2393 exhibebat.
492 2345 562 2394 Simi-

61 2418 117 2468 liter
136 2417 240 2477 Quintus
259 2418 402 2483 Smyrnrens,
414 2419 431 2468 i.
446 2420 495 2468 292
509 2436 563 2484 sqq.

61 2491 221 2558 Apollodorus
237 2501 261 2541 et
272 2493 392 2557 Hyginus.
426 2495 496 2544 Idem
506 2510 563 2544 con-

60 2567 164 2616 firmavit
178 2566 299 2616 Chandler
318 2567 344 2616 in
359 2567 442 2618 Itiner.
477 2569 564 2619 Confer

60 2650 87 2692 et
96 2641 233 2706 Sophoclea,
244 2640 327 2708 Antig.
339 2644 398 2692 835.

94 2718 236 2766 ala-381.
248 2718 307 2765 Tum
321 2734 381 2775 vero,
395 2719 456 2782 ete]
476 2718 564 2783 Lycia-

62 2807 118 2841 cam
138 2791 201 2840 hanc
214 2792 320 2840 fabulam
335 2793 487 2843 Menecrates
497 2794 563 2842 Xan-

62 2865 129 2914 thius
147 2866 173 2914 in
195 2865 304 2930 Lyciacis
325 2875 470 2916 narraverat.
502 2867 564 2916 Inde

23 2987 25 2990 ,
62 2955 117 2988 eam
128 2939 207 2989 bausit
218 2939 351 2997 Nicander,
363 2950 387 2990 et
402 2957 431 2990 ex
447 2957 476 2990 eo
487 2940 564 2990 Anto·

64 3015 143 3072 ninus,
154 3014 195 3079 qui
206 3030 261 3063 vero
277 3015 302 3063 in
318 3016 438 3064 nonnullis
448 3013 565 3064 dissentit.

64 3090 153 3138 Confer
169 3097 194 3138 et
209 3091 300 3138 Probus
320 3091 351 3138 ad
370 3090 456 3155 Virgil.
476 3091 566 3155 Georg.

64 3163 81 3213 i.
93 3165 151 3212 378.
166 3174 191 3212 et
203 3164 298 3212 Servius
312 3164 343 3212 ad
360 3164 460 3212 eundem
478 3165 565 3222 locum,

614 2717 690 2765 omnis
708 2717 733 2765 in
755 2715 851 2767 Gracia
871 2716 968 2780 geritur,
986 2725 1013 2764 ut
1031 2732 1045 2766 e
1063 2733 1114 2767 ver.

614 2791 661 2838 401
673 2807 726 2855 sqq.
737 2798 843 2856 apparet,
854 2790 896 2839 illa
910 2807 972 2838 unus
986 2789 1032 2839 fuit
1048 2790 1114 2840 baud

614 2864 687 2913 dubie
702 2882 732 2914 ex
750 2866 833 2930 Lydiis
852 2865 892 2922 iis,
911 2866 953 2930 qui
971 2865 1067 2915 Nioben
1087 2865 1114 2916 in

615 2940 735 2988 Graeciam
752 2940 859 2989 comitati
876 2949 952 2989 erant.
985 2942 1053 2989 Bene
1072 2957 1115 2990 au·

615 3023 672 3070 tem,
687 3016 726 3063 vel
742 3015 863 3064 varietatis
878 3030 960 3073 cansa,
978 3023 1114 3065 narrantem

615 3090 719 3155 aliquem
738 3091 840 3149 inducit,
858 3091 899 3156 qui
916 3092 1069 3157 peregrinans
1090 3092 1116 3141 in

615 3165 667 3231 ipsa
676 3166 752 3230 Lycia
762 3167 868 3216 fabulam
882 3176 1033 3230 cognoverat,
1046 3166 1117 3217 facti-

64 3238 117 3305 qui,
130 3239 190 3287 forte
200 3239 311 3286 memoria
319 3238 407 3303 lapsus,
416 3238 495 3296 tradit,
506 3240 566 3288 Ovi·
616 3257 663 3305 que
672 3251 850 3290 monumentum
861 3241 912 3307 ipse
919 3241 1019 3291 viderat.
1036 3244 1116 3292 Etiam

64 3313 132 3362 dium
153 3312 183 3361 da
208 3313 294 3361 Cerere
315 3313 480 3378 Proserpinam
500 3330 566 3378 qua·
616 3334 630 3365 e
651 3317 755 3382 Phrygia
776 3317 899 3367 commode
916 3333 959 3365 nos
975 3315 1073 3367 deducit
1091 3318 1117 3368 in

64 3396 131 3438 rente
148 3388 211 3437 hane
227 3388 332 3437 fabulam
348 3388 463 3439 retulisse.
497 3391 567 3438 Forte
616 3393 725 3457 Lyciam.

66 3478 109 3512 ara
124 3464 223 3511 Latonae
241 3463 266 3511 in
281 3472 365 3527 stagno
384 3464 486 3529 quodam
504 3464 567 3512 ranis
649 3467 707 3515 320.
730 3467 783 3514 Vidi
808 3465 925 3528 presens]
954 3465 1042 3514 Confer
1064 3463 1116 3514 viii.

66 3537 205 3588 abundante
232 3537 296 3586 hune
330 3539 439 3603 mytbum
469 3538 567 3604 peperit.
617 3541 673 3589 622.
706 3541 774 3605 Saepe
795 3540 882 3588 Noster
903 3541 976 3587 loram
995 3539 1118 3604 conjungit

68 3613 225 3678 Manifestum,
245 3612 314 3661 factis
332 3613 487 3662 declaratam.
521 3614 567 3661 Ge·
617 3630 672 3663 curn
683 3631 736 3663 voc.
749 3614 792 3669 rei,
804 3630 857 3678 quae
870 3623 905 3662 est
919 3614 944 3661 in
960 3614 1020 3669 loco,
1032 3622 1060 3662 nt
1074 3613 1117 3663 do·

66 3688 197 3749 instirpare,
208 3687 314 3744 Latona,
329 3703 381 3751 qna
397 3688 509 3751 gemellos
520 3703 568 3736 uno
617 3697 656 3738 oet
671 3690 830 3738 Burmannus.
864 3687 989 3750 Impatiens
1008 3691 1057 3745 oia,
1076 3689 1118 3752 qni

67 3768 137 3827 partu
151 3761 240 3823 edidit;
259 3771 341 3828 aptum
359 3764 457 3810 Latonae
476 3763 567 3828 epitbe-
618 3760 739 3810 molestias
753 3761 877 3826 longinqui
889 3761 979 3826 itineris
995 3762 1055 3810 ferre
1069 3779 1118 3812 non

68 3843 117 3891 ton,
134 3835 198 3898 quod
215 3837 289 3884 etiam
305 3837 390 3893 Fastis,
407 3851 429 3883 v.
446 3836 509 3896 452;
526 3835 567 3885 sed
618 3845 704 3900 potest.
738 3836 872 3885 Glareanus
880 3851 934 3885 eum
945 3835 1034 3884 lanium
1044 3836 1119 3888 fnisse

67 3909 107 3957 vix
120 3909 185 3974 apud
196 3910 269 3958 alium
280 3919 400 3958 auctorem
411 3909 522 3958 occurrit.
618 3919 696 3975 putat.
729 3910 806 3959 Immo
822 3909 878 3958 olim
893 3911 1118 3975 magnaparsdivi-

38 4009 41 4014 v
101 3986 160 4036 316.
178 3985 459 4049 Afaetopropiore,etc.]
475 3984 570 4033 Afaeto
618 3983 705 4034 tiaram
720 3984 745 4032 in
756 3985 868 4032 armentis
878 3985 1026 4034 cernebatur.
1055 3986 1118 4034 Gen-

68 4058 199 4108 recentiore
217 4071 314 4109 sumunt
334 4059 482 4109 occasionem
501 4075 568 4124 repe·
619 4062 773 4124 tieqneillins.
796 4061 894 4124 Lycium
904 4059 962 4108 mibi
972 4060 1064 4110 itineris
1074 4061 1119 4111 du·

68 4133 134 4182 tendi
150 4135 205 4191 alia,
215 4150 292 4200 eaque
309 4133 450 4198 antiquiora.
478 4135 569 4182 lionor-
619 4151 672 4184 cem
683 4135 758 4184 addit.

67 4215 125 4258 tant
136 4207 184 4275 (ita
191 4209 216 4259 in
227 4208 312 4275 Regiis
321 4209 427 4274 nostris.)
449 4211 568 4259 Burman·
653 4211 709 4259 326.
719 4209 838 4267 Tramnlae,
846 4224 906 4274 quas
913 4208 960 4259 buc
971 4207 1059 4260 illucve
1067 4208 1119 4276 agi·
