2812 5010
254 331 728 403 METAMORPHOSEON
751 333 843 400 LIB.
866 332 931 400 VI.
1008 423 1011 436 Ι
1056 334 1122 401 399

67 502 102 575 Α
120 504 259 600 quibus
278 505 326 580 ad
345 507 483 583 coelum
499 508 652 583 liventia
669 509 823 584 brachia
836 509 1010 596 tendens,

67 627 92 656 “
112 617 289 708 Pascere,
305 621 482 713 crudelis,
501 634 642 711 nostro,
662 623 818 711 Latona,
835 624 977 711 dolore,
1046 630 1121 700 280

67 734 260 831 [Pascere
281 739 345 828 ait,
365 741 539 838 satisque
557 765 641 814 meo
659 751 726 814 tua
742 751 899 839 pectora
915 741 1052 836 luctu,]

67 852 221 951 Corque
234 855 354 929 ferum
373 856 506 943 satia‚”
525 856 646 931 dixit:
669 863 693 894 “
712 881 780 955 per
797 856 929 930 funera
946 868 1096 956 septem
1118 880 1120 884 ·

66 967 232 1046 Efferor:
262 973 404 1060 exulta,
424 973 636 1072 victrixque
653 973 806 1048 inimica
822 974 1024 1072 triumpha.

67 1086 146 1158 Cur
163 1099 291 1162 autem
308 1091 469 1165 victrix?
496 1091 649 1167 miserae
666 1090 757 1163 mihi
775 1092 885 1189 plura
902 1099 1117 1188 supersunt,

65 1200 190 1286 Quam
208 1203 277 1278 tibi
294 1206 416 1281 felici:
436 1217 524 1305 post
540 1216 597 1280 tot
615 1230 768 1305 quoque
785 1207 916 1280 funera
933 1205 1080 1279 vin00.'’

65 1318 246 1396 Dixerat:
275 1322 442 1397 insonuit
459 1335 638 1398 contento
656 1349 791 1398 nervus
809 1324 858 1397 ab
877 1347 987 1411 arou3
1042 1326 1115 1396 286

64 1437 152 1526 Qui,
172 1450 308 1537 praeter
326 1442 477 1516 Nioben
492 1467 618 1528 unam,
638 1440 843 1516 conterruit
860 1463 1013 1513 omnes:

64 1551 136 1626 Illa
153 1555 252 1629 malo
270 1566 329 1629 est
346 1557 484 1631 audax.
516 1557 676 1631 Stabant
694 1579 780 1630 cum
793 1555 961 1630 vestibus
980 1554 1071 1628 atris

62 1668 164 1743 Ante
182 1682 283 1746 toros
300 1672 457 1746 fratrum
475 1672 641 1747 demisso
658 1673 761 1747 crine
779 1688 946 1746 sorores:

62 1785 96 1859 E
115 1787 254 1882 quibus
273 1813 360 1876 una,
378 1788 533 1862 trahens
550 1788 732 1864 haerentia
744 1786 888 1863 viscere
905 1789 994 1874 tela,
1040 1790 1114 1862 290

62 1902 248 2001 Imposito
265 1903 369 1978 fratri
386 1904 609 1978 moribunda
626 1904 813 2002 relanguit
830 1928 914 1978 ore:

60 2019 204 2108 Altera,
224 2021 336 2094 solari
354 2021 681 2096 miseramconata
697 2030 904 2118 parentem,

61 2136 259 2210 Conticuit
275 2138 412 2224 subito,
431 2138 701 2237 duplicataque
717 2123 871 2216 vulnere
886 2159 987 2209 caeco
1004 2145 1084 2226 est3

61 2253 236 2352 [Oraque
249 2255 486 2353 compressit,
501 2254 577 2328 nisi
591 2264 796 2353 postquam
811 2251 963 2351 spiritus
981 2251 1095 2346 exit]

61 2368 157 2445 Haec
175 2369 313 2448 frustra
329 2372 477 2468 fugiens
495 2372 715 2462 collabitur;
744 2370 810 2444 illa
826 2369 943 2449 sorori
1035 2372 1109 2454 295,

92 2629 231 2680 260-282.
246 2630 352 2690 Parcere,
363 2634 426 2698 eta]
445 2634 559 2684 Heinsius
608 2635 716 2690 tradunt,
734 2640 808 2697 atque
825 2631 912 2680 Noster
926 2629 987 2696 ipse,
997 2643 1047 2678 rer.
1059 2628 1108 2678 215

57 2705 152 2754 censuit
167 2706 299 2757 tollendum
312 2724 403 2757 uersum
418 2711 475 2758 262.
486 2725 558 2774 quem
608 2725 664 2774 sqq.
675 2707 740 2757 haud
750 2709 848 2756 obscure
863 2704 962 2754 indicat.
983 2701 1109 2752 Perierunt

57 2779 187 2829 commenti
202 2779 257 2838 sint,
270 2781 312 2846 qui
328 2797 375 2830 non
389 2782 558 2843 intellexerint,
609 2793 688 2833 autern
699 2783 756 2840 illos,
767 2780 839 2830 etiarn
850 2779 954 2829 Homero
967 2787 1071 2835 auctore,
1082 2776 1109 2827 in

57 2863 177 2918 quantum
190 2863 252 2903 esset
266 2855 382 2905 acuminis
396 2856 421 2904 in
432 2856 482 2915 illo,
494 2857 558 2922 Effe·
607 2856 682 2921 regia.
716 2852 822 2904 Nomina
839 2868 920 2903 earum
936 2851 1038 2901 Ovidius
1052 2851 1109 2901 reti-

56 2943 97 2974 νον·
103 2945 113 2986 ;
130 2935 182 2984 aut,
194 2928 214 2976 si
231 2927 284 2993 quis
295 2929 372 2987 malit,
384 2946 453 2995 posse
467 2947 557 2996 praece·
608 2938 655 2979 cet.
682 2931 767 2978 Portas
775 2928 911 2976 Thebarum
922 2927 953 2974 ab
963 2926 993 2975 iis
1003 2942 1054 2976 esse
1065 2942 1107 2992 ap·

56 3001 152 3050 dentem
165 3002 248 3052 deleri.
266 3003 365 3053 Certum
376 3013 420 3062 est,
431 3021 478 3054 non
488 3021 556 3071 posse
607 3004 717 3070 pelleres,
729 3011 809 3051 narrat
819 3000 910 3066 Hygin.

55 3085 183 3142 utrumque
194 3092 288 3126 versum
300 3076 406 3135 Parcere,
414 3083 456 3136 att,
465 3088 490 3127 et
499 3080 555 3128 Cor-
638 3080 695 3127 268.
706 3080 769 3126 Atra
779 3087 848 3126 vertes
862 3075 888 3126 in
897 3076 966 3127 luctu
979 3074 1106 3124 mulierum

55 3167 108 3214 que,
127 3161 175 3199 etc.
197 3151 326 3215 genuinum
347 3168 409 3202 esse.
443 3153 556 3203 Heinsius
605 3151 746 3217 priscamm.
779 3150 843 3201 Vide
863 3150 1033 3208 Wiuketmonn,
1050 3149 1107 3198 Hir-

55 3225 208 3292 posteriorem
229 3225 297 3275 uncis
316 3225 422 3284 inclusit,
440 3243 485 3290 ego
505 3227 554 3292 pri-
606 3228 663 3274 toire
679 3229 707 3275 de
724 3225 787 3274 r’Arr
801 3225 854 3274 cher
870 3226 900 3272 les
911 3227 1051 3289 Ancimap.
1062 3224 1104 3272 77.

54 3315 129 3356 orem,
138 3299 195 3363 quia
202 3298 244 3348 ille
252 3300 366 3357 acerbior,
377 3310 401 3351 et
408 3300 466 3366 quia
473 3301 556 3366 efferor
606 3300 706 3349 Demirro
723 3303 787 3348 erim
795 3317 804 3359 ,·
822 3298 942 3348 dissolutis
958 3297 1061 3362 capillis,
1078 3305 1106 3347 ut

55 3376 140 3439 (sensu
157 3372 272 3437 funebri)
283 3374 457 3440 perspicuitatis
473 3391 554 3433 causa,
605 3374 655 3423 fieri
665 3375 726 3423 solet
736 3373 761 3422 iu
772 3374 847 3422 luctu.
873 3373 1066 3432 Toroslectulos,
1079 3372 1105 3422 in
1193 3428 1197 3435 ,

53 3448 128 3497 verba
135 3464 178 3509 per
180 3448 273 3510 funera
281 3459 362 3510 reptem
370 3448 482 3514 postulat.
499 3449 552 3498 Cre·
604 3447 692 3512 quibus
702 3457 770 3496 erant
780 3447 811 3496 ad
820 3449 891 3497 sunus
901 3445 1051 3513 compositos.

54 3529 132 3571 terum
149 3525 213 3583 pasci
233 3530 258 3570 et
272 3522 355 3586 serum
374 3523 408 3571 sic
431 3522 554 3587 conjunxit
635 3524 693 3571 293.
711 3522 861 3585 Dupltcuri.]
882 3522 916 3570 Ut
926 3523 1012 3572 Graece
1024 3519 1104 3570 πτύσ·

53 3594 127 3644 etiam
148 3594 275 3644 Claudian.
295 3595 353 3644 xxii.
376 3599 415 3645 14.
435 3596 477 3644 ubi
497 3597 553 3646 Dea
603 3597 749 3662 crudar,pro
764 3596 896 3645 incurvari:
914 3596 970 3644 ride
985 3596 1104 3644 Burman·

55 3669 190 3719 Clementia
209 3668 288 3728 docet,
303 3680 331 3719 ut
346 3674 419 3733 paeuis
439 3673 553 3737 lominum
604 3688 661 3721 num
677 3671 708 3720 ad
726 3671 789 3720 hunc
805 3670 893 3728 locum,
904 3678 929 3718 et
939 3668 1104 3735 lleyuiumad

52 3746 90 3792 uel
107 3747 221 3808 sunguine
245 3748 308 3807 posci
334 3745 410 3808 Turpe
428 3746 554 3810 ferumque
603 3746 740 3810 Virgilium,
757 3745 855 3794 AEneid.
873 3744 906 3794 xi.
921 3745 980 3794 645.
999 3744 1041 3809 qui
1060 3746 1103 3794 ob·
1212 3741 1215 3753 ’

51 3827 127 3879 puter.
155 3818 552 3886 Victrisqu05voticomposthinc
603 3832 682 3869 servat
708 3835 759 3869 esse
778 3819 932 3868 Homericum
958 3816 1102 3882 idvoirodar5

52 3901 133 3941 autem
144 3894 218 3943 stulta
229 3893 319 3943 Niobes
334 3892 444 3960 superbia
460 3894 552 3960 colligi·
602 3895 715 3946 Valerius
735 3893 865 3950 Maximus,
882 3912 906 3943 v.
921 3896 944 3943 l.
958 3894 1102 3956 duplicatum

52 3975 99 4024 tur,
111 3984 164 4032 quae
180 3984 210 4016 ne
222 3968 323 4017 filiorum
336 3969 432 4033 quidem
442 3979 517 4018 morte
527 3969 553 4019 in
594 3971 690 4036 frigore
709 3986 798 4032 empus.
830 3968 898 4017 Idem
914 3967 1039 4033 Virgilius,
1055 3970 1101 4017 AE-

52 4043 118 4091 Deos
128 4042 258 4092 maledicta
266 4043 357 4107 jactare
368 4043 469 4093 desinat.
602 4045 667 4095 neid.
678 4045 721 4094 xii.
732 4045 789 4094 926.
798 4046 881 4116 incidit
891 4045 1101 4105 ictus-duplicato

85 4118 143 4166 266.
153 4118 236 4176 Arcus,
254 4133 339 4183 nempe
355 4118 453 4176 Diana,
473 4134 553 4183 aqua
597 4122 686 4182 poplite
705 4119 806 4168 Turum.
837 4118 925 4168 Conler
945 4127 970 4167 et
987 4117 1102 4168 Gronorii

52 4189 115 4245 lilius
130 4192 267 4244 interiectas
283 4209 335 4248 esse
351 4193 431 4243 caeteri
445 4201 553 4244 auctores
603 4195 729 4245 Observat.
740 4194 773 4246 iv.
783 4211 807 4260 p.
819 4193 875 4259 747.

438 4381 448 4412 l

1074 4522 1323 4712 Λ
