2812 5010
173 345 241 413 xxii
569 337 828 408 PRAEFATIO

175 515 360 592 astronomi,
373 513 553 601 geographi
570 514 604 576 in
626 534 694 582 rem
711 534 801 585 suam
816 522 891 578 sunt
907 512 979 576 usi:
1006 520 1103 596 atque
1122 510 1220 576 etiem
1243 571 1246 574 .

175 635 314 702 artifices
328 633 456 719 mythos
471 634 625 718 operibus
639 633 705 698 suis
720 643 949 737 expresserunt
955 640 977 695 ⁸.

219 753 416 819 Persuasum
430 749 650 833 eratGroecie,
665 772 761 835 posse
777 749 868 816 Deos
874 749 1000 836 figuras
1014 749 1092 814 dare
1107 758 1140 813 et
1155 747 1223 813 adi·

176 891 280 950 mere;
302 870 402 955 idque
425 869 540 934 crebro
559 889 631 934 esse
653 869 695 933 ab
716 868 755 947 ils
777 868 909 948 factum,
930 880 967 933 ut
984 867 1035 934 vel
1055 868 1090 932 in
1112 876 1222 932 sontes

175 988 476 1065 animadverterent,
485 985 537 1050 vel
547 984 769 1065 laborantibus
784 996 1025 1052 succurrerent:
1041 1008 1137 1071 quam
1152 984 1222 1069 opi-

176 1108 305 1175 nionem
323 1129 344 1170 a
364 1103 597 1182 sacerdotibus,
612 1104 697 1185 fictis
711 1103 859 1190 pluribus
873 1104 1040 1190 exemplis,
1055 1103 1224 1170 confirma-

178 1237 243 1293 tem
261 1247 332 1291 esse
351 1223 512 1310 latiusque
533 1245 677 1308 sparsam
696 1223 870 1289 admodum
888 1235 938 1289 est
958 1222 1123 1289 credibile.
1168 1221 1224 1287 Sic

177 1343 296 1430 mythis
319 1342 416 1409 illatae
440 1353 516 1407 sunt
532 1342 806 1434 metamorphoses,
822 1363 896 1427 quae
915 1341 1094 1426 phantasiae
1113 1349 1225 1425 poeta·

178 1485 250 1528 rum
271 1461 372 1528 latum
392 1483 541 1546 campum
564 1462 831 1547 prasternebant,
850 1483 950 1547 quum
966 1459 1012 1524 illi
1030 1471 1064 1525 et
1078 1458 1225 1543 vulgatas

178 1589 371 1646 exornarent
391 1580 621 1665 ingenioseque
635 1579 807 1657 variarent,
824 1589 858 1644 et
873 1602 893 1644 a
910 1600 943 1644 sc
964 1579 1108 1643 inventas
1125 1576 1226 1642 adde·

178 1709 261 1765 rent.
312 1698 509 1764 Simonidem
532 1699 663 1784 quidem
691 1699 833 1764 carmine
861 1696 975 1775 lusisse
1000 1697 1129 1772 scimus,
1159 1714 1226 1780 quo

179 1816 347 1882 mulierum
367 1816 507 1902 origines
524 1839 585 1902 pro
605 1815 725 1902 ingenii
745 1826 862 1882 nature
879 1816 973 1882 variis
990 1838 1032 1881 ex
1051 1804 1227 1881 rebus'de·

181 1935 325 2002 duceret.
371 1934 426 2000 Ex
449 1935 676 2021 antiquissimis
698 1935 796 2021 hujus
819 1935 946 2020 generis
966 1933 1083 2019 mythis
1103 1933 1227 1998 Home·

134 2100 140 2116 .
181 2052 429 2119 rus‘nonnullo's
446 2063 479 2118 et
498 2053 665 2127 Hesiodus
684 2064 862 2118 servarunt.
908 2053 1012 2140 Apud
1033 2051 1123 2118 illum
1140 2051 1227 2116 enim

182 2179 248 2236 non
264 2172 364 2238 modo
375 2172 514 2240 Proteus
534 2172 734 2242 transformis
752 2168 902 2253 occurrit,
918 2174 976 2239 scd
994 2183 1027 2238 et
1044 2172 1143 2237 draco
1155 2169 1229 2256 qui·

182 2291 268 2369 dam,
283 2291 394 2358 Niobe
416 2300 449 2357 et
469 2291 645 2367 Phaeacum
660 2291 754 2359 'navis
773 2294 808 2358 in
829 2315 919 2370 saxa,
937 2291 1100 2356 Pandarei
1119 2299 1229 2355 autem

87 2395 90 2400 ’
182 2409 249 2475 filia
270 2410 304 2475 in
324 2410 490 2489 lusciniam
511 2412 674 2479 transiisse
695 2412 858 2500 leguntur.
903 2412 943 2476 In
960 2409 1098 2476 Hesiodi
1117 2408 1229 2473 Theo-

114 2521 118 2536 ’
183 2529 279 2615 genia
306 2535 474 2615 amputato
500 2529 665 2617 Gorgonis
695 2532 802 2617 capite
831 2531 995 2614 Chrysaor
1019 2525 1053 2594 et
1080 2527 1228 2613 Pegasus

183 2645 364 2731 prosiliunt,
386 2656 420 2712 et
447 2648 480 2712 in
506 2647 607 2714 altero
632 2650 783 2728 carmine,
808 2649 897 2735 quod
919 2649 961 2714 ab
986 2647 1152 2732 Operibus
1171 2640 1230 2710 'in-

185 2764 413 2848 scriptumest,
428 2763 604 2830 Pandionis
617 2765 685 2831 filia
697 2767 732 2831 in
747 2765 953 2831 hirundinem
972 2764 1228 2830 transformatur.

185 2864 297 2967 Atque
320 2881 406 2947 idem
429 2882 483 2949 ille
505 2864 715 2972 bucetelogo
739 2884 908 2952 mulierum
932 2883 1104 2969 deperdito
1128 2879 1231 2945 multo

70 3069 75 3080 ,
185 3000 325 3088 plurium
344 2999 644 3093 metamorphoseon
664 3013 778 3070 auctor
795 3005 911 3069 fireret.
956 3001 1032 3067 Hoc
1051 3000 1150 3086 igitur
1163 3021 1231 3083 my-

186 3119 316 3184 thorum
340 3125 443 3204 genus
467 3143 568 3206 quum
591 3131 624 3187 et
649 3123 754 3206 ipsum
780 3122 906 3187 Graecis
931 3118 1086 3207 placeret,
1113 3114 1149 3182 ut
1174 3118 1232 3203 qui

187 3235 436 3303 re'bueludicris
455 3238 664 3318 ducerentur,
679 3240 881 3326 prodierunt,
897 3239 954 3324 qui
973 3238 1008 3303 id
1028 3244 1233 3322 segregatum

188 3353 352 3439 areliquis
366 3363 551 3421 tractarent.
597 3357 739 3422 Corinna
757 3356 881 3435 mulier,
897 3358 990 3440 cujus
1004 3364 1082 3420 aetes
1097 3343 1232 3430 incerta,

188 3474 316 3559 scripsit
336 3477 595 3553 ἝτεροίωϊΒίβλους,
611 3474 824 3541 Callisthenes
843 3473 1031 3559 Olynthius,
1047 3470 1233 3537 Aristotelis

189 3593 329 3680 auditor,
350 3598 576 3673 Μέταμρφύσεις,
598 3593 783 3677 Antigonus
801 3592 978 3678 Carystius,
996 3601 1140 3674 tempore
1156 3589 1234 3653 Pto-

188 3691 291 3779 lamaei
306 3713 525 3801 Philadelphi,
533 3718 712 3792 Ἀλλοιοεσεις,
728 3712 895 3776 meander
909 3707 1086 3774 Attuau.
1103 3705 1235 3791 aequans

188 3837 387 3911 Ἐτεροιοόμένω
408 3846 441 3899 et
454 3835 648 3902 Parthenius
664 3835 890 3910 Μεταμορφώσεις.
928 3828 1034 3893 Erant
1056 3827 1163 3903 etlam,
1178 3824 1236 3908 qui

191 3959 398 4024 certum‘sibi
416 3958 737 4023 ‘transformationem
763 3974 865 4038 genus
894 3945 1108 4014 enarrandum
1133 3963 1236 4008 sume·

223 4151 235 4176 ⁸
250 4145 312 4195 Vide
323 4145 412 4212 Heyuii
422 4145 555 4195 Comment.
565 4143 595 4193 de
608 4142 698 4208 origine
713 4148 737 4190 et
752 4139 830 4189 causis
843 4137 909 4206 sabb.
920 4134 1040 4185 Homeric.
1050 4136 1075 4182 in
1089 4133 1152 4181 Nov.
1166 4131 1237 4180 Com-

191 4235 290 4278 menter.
301 4229 350 4279 vol.
360 4227 410 4279 viii.
437 4228 499 4293 Item
509 4228 643 4277 Comment.
654 4225 684 4275 de
696 4220 833 4290 Apollodori
844 4216 958 4269 Biblioth.
