2812 5010
197 467 912 555 METAMORPHOSEON
953 471 1206 559 SERIES

677 667 721 716 EX

298 818 343 883 G.
361 815 577 884 CANTERI
599 815 746 883 NOVIS
770 817 1093 887 LECTIONIBUS

446 1020 567 1080 NUNC
588 1019 732 1081 PAULO
752 1019 954 1080 AUCTIOR.

177 1370 280 1462 LIB.
297 1394 325 1459 1.
349 1394 514 1478 Principio
531 1392 638 1457 Chaos
654 1393 687 1456 in
703 1394 854 1459 eleanam
870 1407 1009 1480 quatuor
1025 1422 1045 1463 a
1061 1400 1137 1464 Deo
1154 1401 1218 1466 dis-

176 1514 349 1598 tinguitur3
365 1514 482 1597 quibus
492 1534 591 1596 quum
605 1513 655 1577 sui
665 1513 819 1578 darentur
829 1514 951 1593 incohe,
964 1518 1059 1582 etiam
1072 1519 1162 1583 homo
1177 1542 1219 1585 ex

175 1642 262 1729 terra
282 1643 317 1696 et
336 1655 424 1716 aqua
440 1641 566 1696 oreatus
589 1641 647 1696 est.
686 1631 814 1696 Secutae
830 1643 905 1696 sunt
924 1643 1036 1698 cetates
1055 1635 1218 1701 hominum

174 1759 325 1835 quatuor,
348 1749 382 1811 in
404 1771 539 1832 quarum
563 1757 737 1832 postrema,
760 1771 862 1834 eaque
885 1751 1095 1830 vitiosissima,
1118 1778 1218 1840 quum

179 1867 351 1954 Gigantes,
364 1888 406 1929 ne
422 1866 516 1929 terris
537 1867 678 1931 securior
697 1878 782 1932 esset
801 1869 914 1949 aether,
930 1870 1060 1937 coeleste
1083 1895 1216 1959 regnum

177 1995 336 2071 peterent,
352 2007 394 2048 ex
408 2006 531 2061 eorum,
547 2006 566 2047 a
580 1983 663 2049 Jove
678 1985 954 2071 interemptorum,
969 1991 1124 2076 sanguine
1137 2014 1218 2056 nova

178 2105 331 2168 hominum
338 2125 492 2189 propago
507 2112 578 2167 orta
589 2113 648 2168 est.
683 2104 752 2177 Qui
761 2128 860 2189 quum
874 2117 906 2171 et
920 2108 983 2192 ipsi
997 2119 1104 2173 essent
1117 2110 1217 2193 impii,

179 2222 307 2306 Jupiter
325 2243 391 2284 non
414 2220 510 2284 modo
527 2219 708 2305 Lycaonem
731 2221 764 2283 in
786 2223 891 2307 lupum
916 2233 1029 2301 mutat,
1047 2226 1105 2288 sed
1124 2248 1217 2291 omne

178 2362 276 2424 genus
297 2338 462 2402 hominum
481 2335 726 2422 animaliumque
745 2340 944 2404 terrestrium
963 2341 1079 2404 diluvio
1098 2343 1217 2426 perdit,

178 2460 260 2523 unde
284 2457 345 2523 soli
366 2456 592 2541 relinquuntur
611 2458 801 2541 superstites
820 2457 1000 2521 Deucalion
1019 2468 1053 2522 et
1072 2459 1216 2543 Pyrrha,

179 2579 231 2662 qui
249 2587 325 2661 post
345 2576 505 2639 redditam
523 2584 652 2650 terram,
664 2576 761 2660 jactis
777 2585 851 2658 post
869 2585 961 2660 terga
976 2577 1146 2661 lapidibus,
1161 2578 1217 2641 hu·

178 2718 297 2758 monum
310 2691 504 2776 repararunt
514 2713 626 2778 genus.
659 2690 799 2776 Reliqua
813 2693 965 2757 animalia
976 2705 1091 2778 sponte
1103 2718 1160 2759 sua
1174 2717 1216 2760 ex

178 2815 301 2877 humore
318 2822 351 2876 et
371 2813 478 2875 calore
500 2812 707 2896 prodierunt:
731 2813 764 2874 in
782 2813 900 2896 quibus
918 2814 1013 2877 etiam
1027 2813 1135 2896 Pytho
1153 2836 1218 2878 ser·

179 2955 265 3016 pens.
305 2930 415 3004 Quem
429 2952 529 3014 quum
542 2930 682 2993 Phoebus
696 2930 918 3006 interemisset,
929 2930 1067 3013 Pythios
1081 2932 1171 2994 ludos
1184 2931 1218 2995 in

177 3053 219 3114 rei
231 3050 416 3115 memoriam
430 3049 578 3125 instituit,
594 3048 711 3131 quibus
725 3049 862 3112 victores
877 3047 1014 3113 aesculea
1029 3070 1147 3113 corona
1160 3049 1218 3114 do·

178 3172 351 3245 nabantur3
367 3168 610 3258 nondum'enim
617 3177 687 3232 erat
698 3169 817 3243 haurris,
828 3168 862 3231 in
872 3190 968 3251 quam
979 3188 1054 3232 mox
1065 3167 1217 3252 Daphne,

178 3289 294 3354 Phoebi
314 3310 454 3353 amorem
473 3287 611 3372 fugiens,
626 3299 676 3353 est
695 3310 857 3353 conversa.
896 3286 997 3359 Quod
1016 3308 1116 3370 quum
1135 3288 1217 3350 acci-

177 3409 285 3485 disset,
306 3418 374 3471 tum
397 3407 439 3471 ad
458 3417 583 3491 patrem
607 3408 677 3491 ejus
697 3406 842 3472 Peneum
863 3405 992 3489 reliquis
1015 3404 1130 3482 fluviis,
1151 3405 1216 3468 sive

179 3524 372 3610 gratulandi,
388 3525 452 3588 sive
471 3523 657 3588 consolandi
675 3525 789 3608 gratia,
805 3522 1018 3608 congregatis,
1034 3520 1120 3585 solus
1133 3520 1218 3584 desi·

178 3643 307 3706 deratus
328 3651 377 3704 est
390 3641 541 3717 Inachus,
557 3639 710 3705 sollicitus
724 3641 767 3705 de
781 3640 860 3703 Ione
879 3638 957 3716 filia,
972 3661 1068 3723 quam
1086 3637 1217 3721 Jupiter

178 3770 247 3842 post
263 3769 411 3843 stuprum
424 3759 633 3844 injuvenoam
647 3766 835 3821 mutaverat.
874 3755 926 3819 Ea
940 3777 1040 3838 quum
1053 3778 1073 3819 a
1086 3753 1216 3818 «Iunone

177 3874 265 3961 Argo
288 3874 498 3938 custodienda
517 3884 602 3938 esset
622 3873 751 3949 tradita,
769 3872 856 3936 hune
876 3872 1069 3949 Mercurius,
1087 3882 1216 3936 narrata

177 3992 262 4074 prius
274 3989 439 4076 Nymphae
454 3991 606 4078 Syriugis
619 3991 652 4055 in
666 3991 849 4054 arandam
860 3989 1149 4067 transformatione,
1164 4012 1218 4055 oc-

177 4108 261 4185 eidit,
281 4110 416 4194 ejusque
442 4110 559 4175 deinde
582 4109 665 4174 oculi
685 4131 705 4172 a
728 4107 859 4172 Junone
880 4108 914 4171 in
928 4130 1087 4194 pavonem
1108 4105 1217 4173 collati
