2812 5010
301 375 335 439 lx
484 365 653 435 SERIES
676 364 1169 436 METAMORPHOSEON.

302 567 404 629 quum
422 543 612 608 Vertumnus
634 548 767 615 amaret,
779 548 895 602 sumta
918 540 1064 622 primum
1078 562 1158 605 onos
1179 541 1296 619 forma·
1320 554 1353 607 et

299 662 505 727 Anaxaretes
520 656 669 743 exemplo
685 657 720 719 in
737 677 851 719 roxum
867 665 1031 720 conveisae
1050 668 1216 742 usurpato,
1233 659 1352 722 deinde

300 801 428 844 rursum
440 777 570 863 juvenis
591 775 706 849 sactus,
728 762 804 836 voto
826 774 959 857 potitur.
998 772 1079 839 Inde
1100 777 1162 840 sub
1183 776 1354 839 Numitore

275 961 276 965 ,
301 919 394 980 aquae
409 895 552 981 fngidae
571 892 753 957 redduntur
773 892 897 955 aalide.
944 891 1007 955 Cui
1026 893 1084 976 qui
1106 894 1259 957 successit
1284 893 1352 957 Ro·

300 1014 410 1088 mulus,
425 1011 528 1074 factus
542 1020 591 1072 est
609 1009 772 1083 Quirinus,
789 1008 923 1093 ejusque
937 1029 1022 1073 uxor
1040 1010 1109 1074 Oro
1124 1012 1212 1075 Dea

345 1127 420 1193 Lib.
440 1126 518 1191 XV.
543 1126 681 1189 Secutus
703 1134 753 1188 est
772 1125 892 1202 Numa,
908 1127 965 1208 qui
986 1149 1087 1210 quum
1109 1128 1150 1191 de
1173 1128 1350 1212 originibus

300 1246 449 1312 Crotonis
459 1253 631 1329 quaereret,
642 1244 754 1330 nigros
768 1244 907 1307 oaleulm
917 1245 1081 1327 quondam
1096 1246 1130 1307 in
1144 1246 1235 1308 albos
1249 1245 1349 1309 fuisse

300 1372 510 1430 commutatos
527 1361 694 1444 comperit,
710 1370 743 1423 et
758 1360 982 1445 Pythagoram
1001 1361 1043 1424 de
1062 1361 1227 1445 perpetuis
1242 1367 1351 1426 rerum

299 1477 628 1563 transformationibno
642 1476 860 1558 disputantem
870 1476 1002 1539 audivit.
1050 1477 1218 1540 Mortuum
1232 1478 1351 1542 deinde

299 1595 441 1660 Numam
463 1593 562 1657 deflet
577 1592 716 1677 Egeria,
736 1613 796 1656 nec
811 1592 1000 1677 Hippolyti,
1021 1595 1077 1676 qui
1099 1616 1173 1657 suas
1194 1595 1256 1678 ipsi
1279 1617 1351 1658 oon·

300 1710 457 1775 versiones
473 1709 639 1785 narrabat·
654 1706 905 1772 consolationem
924 1710 1107 1786 admittens,
1125 1711 1294 1795 insontem
1314 1710 1351 1774 li-

299 1828 434 1911 quescit.
480 1825 520 1889 Id
539 1826 629 1909 quod
649 1827 837 1892 nonminus
854 1829 916 1892 fuit
938 1829 1129 1905 mirandum,
1145 1852 1241 1912 quam
1261 1830 1350 1912 quod

305 1945 445 2031 Tegeae
457 1945 555 2030 giobo
566 1954 667 2022 ortus,
677 1944 809 2010 Romuli
821 1945 933 2010 &taceo
947 1947 1055 2023 orbor,
1066 1957 1099 2010 et
1113 1947 1226 2031 cippos
1235 1968 1351 2011 cornu-

300 2071 353 2126 tus
373 2061 487 2124 factus.
533 2059 621 2124 Tum
639 2061 754 2124 transit
775 2071 874 2145 poeta
893 2062 936 2125 ad
959 2063 1150 2146 praesentia,'
1163 2073 1349 2146 narratque,

287 2176 695 2263 quomodoAEsooloqrios
717 2175 779 2241 coli
803 2200 822 2241 a
848 2178 1003 2243 Romanis
1027 2180 1061 2242 in
1088 2179 1193 2243 insula
1218 2179 1350 2245 Tiberis

300 2304 427 2380 coeptus
442 2294 493 2372 sit,
509 2295 681 2382 Jottosque
700 2293 812 2361 Caeror
825 2294 859 2361 in
872 2297 995 2363 stellam
1009 2305 1232 2362 commutatos.
