2812 5010
173 343 242 409 892
468 340 510 407 P.
533 339 694 408 OVIDII
718 339 930 406 NASONIS

179 517 262 591 Sub
279 515 432 590 domina
449 526 528 605 cst3
557 515 771 611 fidibusque
789 514 863 587 mei
880 513 1083 587 commissa
1100 511 1219 586 mariti

107 680 109 684 -
179 630 323 706 Moenia
339 656 425 706 cum
442 631 591 730 populis
608 655 632 704 a
648 653 785 727 meque
803 629 957 726 viroque
974 637 1168 724 reguntur.
1242 637 1243 640 ’

178 747 224 820 In
242 771 507 845 quamcunque
524 746 658 820 domus
672 744 825 819 adverto
842 744 984 817 lumina
1000 753 1158 841 partem,

180 863 378 937 Immensae
396 873 616 962 spectantur
633 886 747 959 opes:
776 859 923 934 accedit
940 860 1074 934 eodem
1155 863 1218 933 lat

182 977 308 1075 Digna
325 977 418 1052 Deae
435 978 572 1052 facies:
601 978 676 1050 huc
695 986 802 1050 natas
819 975 941 1073 adjice
959 985 1119 1074 septem,

168 1083 232 1167 'Et
249 1094 407 1169 totidem
420 1097 590 1193 juvenes,
605 1103 645 1168 et
656 1118 744 1167 mox
763 1116 996 1190 generosque
1014 1114 1218 1188 nurusque.

180 1209 346 1294 Quaerite
364 1235 476 1296 nunc,
495 1211 633 1284 habeat
651 1232 765 1306 quam
788 1217 917 1282 nostra
940 1206 1117 1304 superbia
1135 1230 1221 1280 cau-

180 1325 218 1398 N
220 1325 322 1400 escio
340 1351 492 1424 quoque
510 1328 648 1401 audete
666 1337 787 1399 satam
798 1323 972 1398 Titanida
985 1322 1079 1396 Coeo
1104 1324 1220 1418 [sam:

181 1440 362 1516 Latonam
377 1442 550 1540 praeferre
563 1442 671 1530 mihi3
692 1440 753 1513 cui
767 1439 932 1513 maxima
941 1438 1133 1536 quondam
1155 1442 1222 1510 186

179 1670 273 1722 dedisse
290 1671 362 1722 muris
376 1674 474 1738 (Horat.
486 1675 517 1722 A.
528 1676 558 1724 P.
570 1674 640 1738 394.)
651 1674 676 1724 id
728 1680 805 1747 traqtu
815 1675 907 1737 legatur
917 1674 990 1720 arseio
1000 1673 1056 1734 qais,
1067 1671 1136 1734 quasi
1146 1669 1224 1736 adjec-

180 1753 226 1803 est,
244 1745 346 1795 musices
362 1747 479 1796 suavitate
495 1750 529 1796 ita
547 1748 677 1798 oblectasse
727 1747 798 1806 tivus,
818 1746 852 1796 nil
875 1747 953 1795 obstat
974 1745 1099 1809 quominus
1120 1743 1227 1793 admittat

179 1818 313 1877 Thebanos,
332 1828 359 1869 ut
374 1820 447 1870 muris
461 1821 598 1871 extruendis
619 1838 677 1888 ope·
727 1831 780 1888 post
802 1825 852 1885 qais
877 1822 916 1870 vel
941 1837 985 1883 pou
1008 1818 1152 1885 particulam
1178 1835 1226 1882 qus.

180 1909 232 1943 ram
248 1909 334 1943 navare
351 1910 398 1944 non
416 1905 568 1959 gravarentur
584 1895 678 1961 (lilasi-
727 1896 819 1960 Tanaq.
836 1897 919 1952 Faber,
939 1894 977 1943 cui
995 1909 1065 1943 suum
1084 1900 1167 1958 caput,
1185 1909 1227 1942 sua

180 1983 234 2016 mus
253 1968 309 2032 Tyr.
325 1968 426 2018 Dissert.
442 1972 483 2019 21.
501 1970 607 2035 Palaeph.
625 1969 677 2031 42.)
728 1970 801 2020 libido
812 1979 858 2027 est,
871 1985 918 2017 non
929 1968 1008 2016 timuit
1022 1975 1115 2016 mutare
1127 1975 1226 2024 textum,

180 2050 280 2091 constat.
313 2042 377 2091 Hinc
403 2042 474 2108 igitur
495 2050 576 2094 mania
589 2046 679 2108 fidibus
729 2060 775 2093 uon
796 2043 930 2100 infeliciter,
950 2041 993 2090 sed
1010 2042 1061 2090 sine
1080 2041 1226 2094 auctoritate.

180 2118 308 2164 maritimi
316 2119 437 2174 commissa,
444 2126 587 2167 constructa.
606 2119 679 2184 Apud
727 2117 765 2164 his
772 2117 863 2165 verbis:
877 2118 908 2164 Et
917 2132 979 2164 aare
989 2119 1063 2163 acacia
1074 2132 1117 2178 qua
1125 2118 1226 2178 genitam

180 2189 288 2255 Propert.
304 2190 320 2238 i.
337 2193 428 2240 9-10.
441 2193 580 2254 Amphionio
598 2197 679 2242 arania
730 2190 839 2238 Titanida
852 2191 902 2238 Caro
913 2191 1025 2236 Latonam
1038 2188 1147 2256 preferre
1157 2189 1228 2237 mihi!

181 2267 246 2327 lyra.
280 2265 353 2313 Plura
363 2264 392 2313 de
403 2266 454 2330 ejus
464 2275 515 2315 arte
532 2266 623 2316 musica
637 2268 679 2317 ha·
728 2264 784 2312 Fuit
800 2271 879 2312 autem
898 2265 963 2312 Cara
979 2279 1041 2311 unus
1054 2278 1084 2310 ex
1095 2262 1226 2320 Titanibus,

180 2337 222 2386 bet
231 2339 336 2386 Pausan.
345 2339 424 2387 Boeot.
434 2355 459 2404 p.
470 2341 526 2389 720.
559 2342 597 2389 De
608 2340 680 2389 muris
729 2339 797 2403 cujus
812 2337 862 2385 filia
879 2340 973 2386 Latona
988 2352 1003 2385 a
1018 2338 1079 2387 Jove
1096 2351 1228 2401 compressa

181 2412 234 2474 ejus
244 2411 294 2460 vid.
302 2413 401 2461 Homer.
409 2414 456 2463 od.
465 2419 495 2463 Δ.
503 2417 560 2464 261.
588 2417 679 2478 Populi,
729 2411 866 2476 Apollinem
877 2411 947 2460 simul
958 2421 983 2459 et
991 2410 1097 2458 Dianam
1109 2410 1226 2474 concepit.

182 2485 256 2535 cives.
765 2488 818 2534 186.
836 2485 882 2532 Cui
895 2490 1090 2534 marimo-terra
1100 2487 1194 2549 negavit
1201 2485 1224 2547 3]

215 2562 272 2610 lat.
290 2562 371 2627 Digna
387 2562 464 2626 Dera]
483 2562 570 2612 Confer
586 2581 609 2612 v.
623 2566 679 2614 182.
728 2559 887 2624 Jurejurando
902 2559 1059 2608 obstrinxerat
1069 2559 1134 2607 Juno
1148 2573 1227 2606 omnes
1254 2619 1256 2623 ἢ

181 2635 222 2683 De
233 2650 331 2684 numero
340 2635 466 2684 liberorum
474 2636 565 2686 Niobes
575 2638 679 2688 studiose
731 2642 803 2682 terras
824 2649 854 2683 ¹10
875 2633 1013 2698 parturienti
1030 2635 1129 2682 Latonoe
1150 2630 1227 2681 11111111

181 2706 340 2771 quaesiverunt
355 2709 464 2766 Veteres,
478 2711 529 2758 AEl.
543 2711 574 2760 V.
590 2712 622 2760 H.
638 2712 679 2761 xii.
728 2707 902 2756 concederent:
919 2707 990 2756 latuit
1013 2715 1065 2755 tum
1091 2708 1136 2756 sub
1162 2707 1227 2772 aquis

182 2782 229 2840 36;
245 2781 339 2831 Gellius
349 2784 383 2831 N.
392 2783 425 2831 A.
436 2801 477 2833 xx.
488 2785 519 2843 75
535 2785 613 2834 Schol.
627 2789 678 2835 Eu·
728 2782 804 2831 Delos
824 2783 910 2840 insula,
931 2798 1002 2847 quam
1022 2798 1143 2847 emergere
1158 2782 1227 2848 jussit

182 2852 230 2918 rip.
240 2854 271 2902 ad
282 2855 368 2904 Phoeu.
383 2856 436 2904 162.
447 2866 471 2906 et
484 2873 498 2906 e
511 2858 679 2910 recentioribus
729 2858 856 2922 Neptunus
872 2865 897 2906 et
914 2857 994 2906 locum
1009 2856 1151 2921 parturienti
1168 2873 1227 2923 prar-

181 2925 270 2991 Cuper.
283 2929 343 2977 Obs.
357 2928 393 2977 iii.
406 2931 430 2977 7.
462 2931 548 2980 Noster
564 2941 679 2996 sequutus
728 2932 799 2980 bere:
816 2932 871 2980 vide
885 2930 1009 2995 infraque
1021 2929 1088 2978 addit
1100 2931 1184 2995 Giarig
1199 2930 1227 2978 de

180 3007 217 3047 est
233 3000 316 3064 Eurip.
334 3001 418 3051 AEsch.
434 3003 556 3069 Aristoph.
573 3006 678 3065 Lasiam,
727 3005 806 3055 insula
826 3005 897 3055 Delo.
930 3006 969 3054 De
992 3005 1109 3053 erroribus
1131 3005 1224 3052 Latona

180 3070 223 3134 qui
250 3080 342 3137 septem
366 3074 427 3124 filios
452 3076 597 3142 totidemque
619 3079 680 3131 filias
728 3079 887 3143 parturientis,
895 3078 944 3129 vid.
952 3077 1176 3143 Homer.h.Apoll.
1187 3080 1225 3127 ³0.

181 3143 267 3194 Nioba
278 3146 375 3196 dabant.
394 3149 434 3198 Sic
445 3158 470 3198 et
480 3150 597 3215 Hyginus,
605 3152 679 3218 Apol·
729 3162 754 3200 et
763 3152 793 3202 de
805 3154 867 3202 Delo
876 3157 983 3202 mbaata
997 3163 1127 3218 augustea,
1138 3169 1186 3202 ver.
1197 3154 1224 3200 61

180 3217 283 3274 lodorus,
305 3228 329 3268 et
354 3221 497 3272 scholiastes
517 3225 644 3289 Euripidis,
665 3242 680 3276 e
729 3243 781 3290 sqq.
790 3236 814 3275 et
823 3226 920 3275 Gallim.
928 3227 952 3274 h.
960 3227 1071 3275 Datrot
1084 3243 1139 3291 sqq.
1167 3227 1225 3274 Erat

182 3293 335 3357 Cresphonte.
369 3296 485 3346 Homerus
506 3314 552 3346 non
574 3300 618 3348 nisi
639 3316 680 3349 sex
729 3304 810 3349 maadi
821 3301 904 3350 eadem
922 3298 1025 3366 syntaxi,
1037 3316 1086 3365 qua
1099 3302 1153 3349 sarsi
1168 3317 1225 3348 rasa⁸

180 3365 303 3432 utriusque
314 3385 385 3416 sexus
399 3381 516 3429 numerat,
527 3373 646 3422 Hesiodus
656 3383 681 3423 et
729 3378 768 3430 tis,
781 3376 902 3440 fugitivas
918 3377 993 3439 regui,
1009 3383 1056 3423 etc.
1073 3373 1129 3423 vide
1145 3377 1225 3422 Burm.

181 3440 293 3490 AElianus
318 3444 413 3493 omnino
434 3445 526 3510 viginti,
546 3449 680 3499 Herodotus
730 3448 841 3497 Graviter
854 3450 907 3497 aaut
925 3451 1015 3503 maadi,
1028 3464 1103 3512 quum
1120 3447 1162 3496 alii
1176 3456 1225 3497 tan·

182 3515 241 3566 duos
250 3517 319 3573 filios,
330 3526 377 3567 tres
387 3519 457 3568 filius.
729 3522 1022 3585 tumsintaaalespatria.
1054 3523 1105 3587 Ego
1117 3525 1143 3570 ia
1154 3525 1226 3570 uada.

215 3592 272 3639 185.
301 3591 382 3640 Nescia
402 3610 497 3656 quaque,
520 3595 583 3659 etc]
617 3597 679 3645 Cum
729 3596 804 3645 Delos
821 3596 878 3645 olim
894 3596 1010 3645 instabilis
1027 3596 1102 3659 (Stat.
1113 3595 1196 3645 Achil.
1210 3595 1225 3643 i.

182 3663 307 3727 splendida
317 3680 360 3713 sua
371 3665 466 3715 fortuna
477 3678 597 3734 comparet
608 3670 678 3718 mise·
729 3671 800 3733 388.)
810 3681 834 3720 et
842 3687 921 3720 errans
929 3671 954 3720 in
963 3670 1030 3728 mari,
1038 3671 1081 3719 sed
1092 3679 1149 3719 nato
1156 3670 1225 3736 Apol·

181 3751 231 3784 ram
248 3737 343 3786 Latonae
360 3748 455 3797 sortem,
472 3741 502 3790 de
518 3758 567 3807 qua
581 3745 678 3793 Homer.
728 3744 776 3794 liae
785 3747 864 3793 statim
873 3745 971 3794 immota
978 3744 1043 3792 facta
1050 3752 1088 3792 est
1095 3755 1120 3792 et
1127 3743 1226 3799 incussa,

181 3808 206 3857 h.
216 3810 298 3874 Apoll.
309 3819 333 3860 et
344 3812 505 3863 Callimachus
518 3815 544 3865 h.
553 3815 578 3864 iu
589 3818 679 3884 Delph.
730 3818 845 3883 haesitque
869 3817 930 3867 inter
954 3819 1061 3882 Gyarum
1086 3819 1226 3882 Myconum·

182 3882 296 3932 adeundi.
336 3886 419 3935 Nescio
432 3892 608 3951 qaoqaeaadeta
617 3896 682 3956 grai·
731 3907 777 3955 que
800 3891 930 3956 Cyclades3
948 3890 1045 3940 AEneid.
1066 3889 1102 3939 iii.
1124 3891 1157 3940 75
1177 3906 1227 3956 sqq.

183 3957 310 4021 tam,quud
321 3958 406 4008 habuit
414 3962 449 4010 vir
461 3963 499 4011 cl.
510 3963 599 4028 Gierig,
610 3981 681 4028 grave
730 3965 785 4013 ubi:
812 3983 862 4014 oras
878 3976 900 4014 et
917 3969 984 4014 litora
1001 3969 1088 4014 circum
1106 3966 1227 4014 Errantem

182 4030 294 4079 mendum
302 4040 351 4089 est;
362 4033 406 4082 hoc
413 4036 597 4095 emendavimus,
604 4039 680 4087 Hein-
731 4041 828 4103 Maroae
838 4044 896 4090 cetra
908 4043 1029 4104 Gyaroque
1040 4043 1148 4089 revincit.
1168 4040 1226 4090 Vide

183 4102 295 4152 siolreti:
313 4121 364 4154 raro
378 4107 475 4172 quidem
493 4111 587 4176 ponitur
600 4113 628 4161 τὸ
639 4130 681 4175 qur
729 4113 849 4178 dialogum
861 4114 931 4164 Iridis
941 4122 965 4162 et
975 4115 1091 4178 Neptuni,
1102 4114 1167 4179 apud
1180 4115 1226 4162 Lu·

182 4183 236 4240 post
255 4180 328 4226 nascio
346 4184 411 4241 quis3
433 4190 514 4232 tamen
535 4201 609 4249 quum
632 4201 680 4234 uno
729 4188 832 4245 danum,
845 4198 869 4237 et
887 4205 946 4255 quos
963 4188 1047 4238 laudat
1059 4186 1226 4254 spanhemad
