2812 5010
457 323 497 386 P.
521 319 683 386 ovrnu
718 318 930 386 uasours
972 288 977 300 '

175 324 239 388 150

177 496 493 594 Propositumque
510 505 631 585 tenet;
654 495 863 592 flagratque
880 493 1058 593 cupidine
1074 516 1218 567 currus.

177 609 290 707 Ergo,
310 635 386 708 qua
402 610 519 697 licuit,
539 610 684 706 genitor
701 619 913 697 cunctatus
934 609 981 684 ad
999 610 1096 683 altos
1152 612 1221 681 105

178 726 342 800 Deducit
353 727 543 823 juvenem,
563 725 747 800 Vulcania
764 750 930 812 munera,
949 748 1094 799 currus.

176 840 323 915 Aureus
342 841 424 915 axis
443 851 534 928 erat,
550 853 651 915 temo
670 866 817 927 aureus,
838 866 951 916 aurea
965 864 1121 913 summae

181 955 390 1030 Curvatura
407 966 519 1030 rotae:
548 958 735 1031 radiorum
754 968 954 1053 argenteus
972 952 1076 1029 ordo.

177 1069 253 1146 Per
265 1073 359 1169 juga
372 1071 604 1170 chrysolithi,
617 1072 825 1170 positaeque
841 1096 889 1146 ex
903 1071 1033 1145 ordine
1047 1092 1220 1167 gemmis,

180 1187 293 1260 Clara
310 1211 528 1286 repercusso
546 1187 756 1262 reddebant
772 1188 913 1262 lumina
931 1187 1089 1262 Phoebo.
1153 1191 1222 1259 110

179 1302 357 1401 Dumque
375 1328 421 1377 ea
438 1302 699 1400 magnanimus
712 1302 910 1378 Phaethon
929 1303 1095 1388 miratur,
1107 1326 1219 1400 opus-

330 1444 405 1516 que

215 1668 268 1714 104.
290 1666 358 1714 Taaet
381 1670 526 1728 propositam,
543 1666 674 1723 consilium,
725 1668 904 1716 iveratHomer:
918 1666 1052 1716 videetiarn
1061 1667 1226 1717 victonvarr.

179 1738 321 1796 institutum,
341 1739 370 1796 is,
389 1739 430 1802 qui
451 1738 476 1787 in
497 1754 526 1788 eo
544 1748 674 1804 permanet,
725 1739 884 1789 Lectxxxiii.
898 1741 942 1788 12:
961 1755 1099 1804 quanquam
1110 1739 1151 1788 vix
1168 1754 1226 1804 opus

180 1828 259 1876 neque
273 1813 303 1861 ab
317 1828 346 1860 eo
361 1811 471 1861 deterreri
482 1820 567 1877 potest.
602 1813 677 1860 Terras
726 1821 785 1870 erat,
793 1814 907 1879 exemplis
916 1813 1015 1862 aliorum
1027 1814 1119 1863 munire
1127 1829 1165 1872 ea,
1173 1830 1226 1879 quse

178 1889 295 1949 propositi,
306 1887 390 1934 Horat.
403 1886 452 1933 ΙΙΙ.
465 1885 514 1933 Od.
528 1885 561 1934 iii.
574 1888 595 1934 l.
626 1887 676 1934 No·
726 1887 899 1952 elegantissimo
907 1887 994 1952 cuique
1003 1903 1046 1952 per
1055 1904 1080 1938 se
1090 1890 1227 1953 probantur.

179 1970 236 2020 ster,
242 1961 380 2010 ArtAmat.
388 1960 459 2009 libi:
470 1961 593 2010 lecturam
603 1976 677 2026 spera,
727 1964 766 2012 Ita
782 1963 846 2012 enim
862 1961 1037 2026 magnificentia
1051 1977 1132 2010 currus
1144 1961 1228 2010 fartim

178 2039 358 2099 propositumque
376 2045 434 2084 tiae.
468 2033 627 2099 Metamorph.
647 2053 676 2083 x:

181 2111 335 2173 Propositiqaa
365 2119 440 2166 tenua,
466 2113 613 2173 qaodcunque
640 2113 678 2164 sit.

182 2195 233 2233 orat
250 2194 278 2232 at
296 2188 339 2246 ipsi
358 2183 457 2232 indicet.
485 2182 610 2232 Cornelius
627 2185 677 2232 Ne·

180 2273 232 2323 pos,
243 2259 294 2306 vita
304 2256 431 2307 Eumenis:
451 2257 532 2320 Itaque
546 2259 585 2305 hoc
598 2275 677 2320 propo-

181 2335 251 2380 sitam
261 2333 346 2381 tenuit.
380 2337 397 2358 “
408 2330 480 2387 Vide,
492 2330 569 2394 inquit
579 2332 678 2391 Seneca,

181 2403 211 2454 de
222 2405 317 2454 Provid.
329 2420 400 2469 quam
418 2405 465 2453 alte
480 2404 621 2453 descendere
637 2406 678 2454 de·

180 2480 238 2528 beat
247 2479 334 2529 virtus:
352 2478 412 2528 scies
428 2478 463 2527 illi
479 2495 526 2527 non
542 2494 584 2544 per
597 2495 679 2528 secura

181 2554 317 2604 vadendum
338 2554 414 2603 esse.’'
447 2556 530 2602 Ardua
548 2557 624 2615 prima
641 2557 679 2603 aia

182 2637 222 2685 est,
244 2637 265 2676 er
292 2645 337 2691 qua
362 2629 408 2684 aia,
431 2634 478 2675 etc.
519 2627 579 2676 Haec
606 2645 678 2692 quum

182 2701 287 2751 audisset
313 2701 354 2750 ille
376 2716 504 2765 generosus
526 2700 677 2751 adolescens:

181 2781 197 2803 “
210 2775 302 2831 Placet,
320 2774 405 2840 inquit,
421 2774 475 2834 via;
494 2775 604 2824 ascendo.
636 2777 680 2825 Est

728 2035 829 2085 sentitur
839 2052 854 2085 a
863 2038 960 2085 lectore.

762 2112 816 2159 108.
834 2112 967 2159 Curvatura
980 2126 1069 2158 samma
1084 2119 1148 2167 rota,
1161 2108 1225 2168 'ir-uc,

727 2184 795 2251 ἁψίς,
806 2185 908 2234 circulus
925 2192 991 2240 rotae,
1002 2185 1027 2232 in
1044 2200 1091 2248 qno
1107 2184 1228 2248 finguntur

728 2259 796 2309 radii.
830 2260 957 2307 Radioram
976 2261 1037 2314 ordo,
1049 2257 1169 2322 exquisite
1185 2274 1228 2323 pro

728 2337 798 2391 raclii
819 2334 861 2398 qui
881 2333 961 2381 ordine
984 2332 1147 2397 disponuntur.
1189 2333 1228 2384 Ita

727 2407 807 2457 Tibul.
818 2408 853 2455 ΙΙ.
866 2423 888 2454 ν.
899 2409 939 2455 31.
949 2409 1072 2454 arundinis
1088 2409 1151 2456 ardo.
1182 2408 1227 2455 Ja-

728 2500 792 2547 gam,
802 2481 894 2544 lignum
909 2489 1069 2528 transversum
1083 2480 1108 2528 in
1123 2489 1228 2528 extremo

729 2564 829 2612 temone,
839 2553 903 2618 quod
914 2553 981 2602 collis
991 2569 1108 2618 equorum
1122 2553 1227 2618 impone·

728 2633 807 2680 batur.
839 2629 868 2677 Id
885 2629 957 2677 etiam
971 2627 997 2676 in
1010 2626 1080 2692 regiis
1094 2628 1202 2677 curribus
1215 2645 1229 2678 e

728 2705 831 2771 pretiosa
840 2703 940 2753 materia
949 2703 1000 2751 lieri
1009 2710 1033 2752 et
1047 2702 1148 2766 gemmis
1160 2719 1228 2751 exor-

728 2778 779 2827 nari
789 2777 906 2826 solebant.
939 2777 968 2824 In
978 2776 1047 2825 Darii
1061 2792 1132 2825 curru
1147 2779 1230 2825 distin·

102 2842 135 2925 ’ἢ
182 2849 242 2898 tanti
252 2865 293 2914 per
303 2847 348 2897 ista
357 2848 390 2897 ire
404 2849 511 2897 casuro.”
545 2849 601 2898 Non
615 2849 677 2898 desi·
727 2855 828 2917 guebaat
848 2852 1007 2900 internitentes
1023 2867 1114 2914 gemma
1127 2855 1231 2917 jugum,-

182 2923 218 2971 nit
229 2932 309 2971 tamen
319 2931 386 2988 pater
399 2938 477 2970 acrem
492 2923 597 2971 animum
612 2933 678 2973 metu

181 2995 296 3044 territare.
332 2997 407 3058 thue
416 3000 476 3044 viam
485 3006 566 3054 teneas,
573 2999 680 3060 ualloque

184 3087 260 3118 errare
280 3072 395 3129 traharis5
425 3071 472 3119 Per
490 3081 564 3119 tantan
580 3076 678 3129 advari,

184 3152 231 3192 etc.
253 3145 309 3192 Post
318 3143 369 3192 hac
378 3144 425 3191 ait:
439 3144 512 3208 Finge
522 3148 680 3195 datosaarras.

183 3225 199 3246 ⁴¹
207 3217 260 3275 His,
267 3217 343 3282 inquit
351 3217 452 3283 juvenis,
461 3218 548 3283 quibus
558 3235 596 3269 me
604 3220 681 3269 deter-

182 3294 228 3342 reri
245 3300 323 3358 putas,
339 3292 435 3340 incitor:
461 3293 519 3342 libet
540 3292 590 3342 illic
611 3302 681 3352 stare,

183 3366 223 3416 ubi
234 3365 284 3432 ipse
295 3366 336 3414 Sol
346 3365 463 3430 trepidat:
480 3364 576 3415 humilis
586 3377 610 3429 ct
620 3368 682 3417 iner-

183 3440 214 3490 tis
226 3448 262 3490 est
270 3449 322 3490 tuta
330 3440 428 3489 sectari:
445 3457 487 3506 per
498 3442 548 3490 alta
555 3441 628 3491 virtus
639 3443 682 3491 it.’'

219 3517 273 3564 107.
292 3518 383 3563 Aureus
401 3518 448 3563 auis
465 3515 536 3579 erat]
556 3516 594 3565 Cf.
610 3518 682 3567 Hom.

184 3591 214 3640 It
233 3597 261 3641 Ε.
276 3590 413 3639 721-731.
424 3590 466 3639 ubi
486 3607 568 3640 currus
584 3592 685 3642 Junonis

184 3661 336 3712 describitur:
355 3664 510 3728 reprehensus
533 3672 613 3713 autem
634 3666 684 3715 No-

187 3745 236 3785 ster
248 3746 284 3787 est
296 3754 311 3785 a
321 3737 401 3786 multis
411 3746 506 3804 propter
516 3739 623 3788 crebram
633 3755 684 3789 voc.

185 3827 270 3858 aureus
281 3810 442 3876 repetitionem
452 3829 458 3871 ;
477 3811 518 3860 sed
530 3813 592 3861 bene
602 3813 684 3862 desen-

185 3882 249 3931 ditur
265 3899 280 3932 a
293 3885 430 3933 Burmanno
446 3884 586 3950 optimorum
602 3894 683 3950 poeta-

185 3973 238 4005 rum
254 3958 441 4015 auctoritatibus,
460 3959 557 4009 Callim.
574 3960 600 4008 b.
612 3960 685 4026 Apol.

186 4032 218 4078 33
225 4047 232 4091 ς
260 4031 333 4080 Dian.
354 4033 415 4092 11ος
442 4033 499 4081 Del.
517 4035 579 4095 2603
600 4034 684 4099 Virgil.

186 4105 283 4154 AEneid.
294 4105 310 4155 i.
322 4107 383 4168 448,
400 4107 431 4156 iv.
445 4109 506 4168 1383
524 4109 610 4173 quibus
625 4126 684 4175 prae·

728 2927 795 2976 Curt.
803 2927 851 2974 111.
862 2925 896 2973 iii.
907 2927 945 2974 16.
980 2926 1011 2972 Et
1019 2925 1104 2990 jugum
1117 2939 1231 2990 equorum

728 2998 839 3048 solarium
851 2998 981 3047 Winkelm.
993 2998 1018 3045 in
1037 2999 1147 3047 Manum.
1158 2999 1229 3047 Ined.

729 3091 754 3122 n.
765 3076 804 3122 43.
816 3089 950 3139 expressum
961 3071 1067 3122 exhibet.

765 3149 820 3196 109.
851 3147 990 3210 Chrysalitlii
1010 3162 1107 3195 aureum
1129 3146 1231 3196 colorem

730 3221 842 3278 referunt,
850 3236 980 3285 aurumque
988 3221 1047 3269 adeo
1055 3220 1141 3268 coloris
1148 3223 1233 3270 saturi·

731 3303 779 3344 tate
791 3303 912 3359 superant.
922 3294 986 3343 Plin.
996 3295 1060 3342 Hist.
1072 3295 1131 3343 Nat.
1142 3297 1232 3346 xxxvii.

732 3372 762 3418 9:
783 3371 922 3432 chrysolithi
932 3379 954 3418 et
968 3368 1020 3417 aliae
1030 3385 1131 3434 gemma.
1151 3370 1234 3418 Simile

732 3451 777 3499 est,
794 3444 854 3502 Ζεὺς
870 3445 911 3492 sai
928 3442 995 3491 &eois
1013 3441 1060 3491 vid.
1078 3443 1186 3506 Bergler.
1203 3444 1233 3493 ad

734 3507 855 3582 Aristophi
867 3517 932 3566 Plut.
943 3516 996 3565 init.

769 3593 822 3639 110.
840 3591 977 3652 Reperaasso
994 3591 1083 3647 Phaia,
1101 3589 1159 3638 dum
1173 3589 1235 3638 radii

736 3666 823 3715 Pboebi
835 3666 1065 3730 repercutiebantur3
1077 3666 1168 3730 scopia
1177 3683 1235 3731 poe-

735 3738 782 3788 tica
801 3738 917 3789 additum.
948 3739 987 3788 Cf.
1008 3740 1040 3789 iv.
1059 3741 1117 3789 348.
1138 3740 1179 3788 ubi
1201 3740 1235 3788 sic

734 3813 837 3878 afferiri.

769 3890 823 3936 111.
841 3888 1014 3952 Magnanimos,
1022 3887 1047 3936 id
1058 3894 1102 3944 est,
1114 3885 1156 3951 qui
1167 3901 1235 3951 mag-

736 3977 768 4010 na
778 3961 884 4026 appetit;
894 3961 928 4009 sic
935 3961 1079 4010 Phaethont.
1086 3967 1156 4009 vocat
1163 3959 1236 4007 etiarn

736 4037 832 4083 Lucret.
842 4053 865 4083 v.
876 4036 921 4082 401
932 4053 939 4096 ;
951 4036 1098 4091 Generosam,
1109 4035 1194 4082 Senes.
1205 4033 1235 4081 de

735 4108 830 4158 Provid.
841 4127 864 4157 v.
