2812 5010
186 347 251 413 378
482 343 521 409 Ρ.
545 340 707 410 OVIDII
731 340 942 408 NASONIS

185 519 389 595 Audierat:
418 542 493 591 non
511 517 575 591 illa
591 518 687 604 loco,
706 541 778 592 nec
796 516 938 612 origine
955 514 1081 613 gentis

185 637 313 724 Clara,
333 634 401 708 sed
419 644 510 720 arte,
530 633 620 706 fuit:
650 642 758 731 pater
783 631 872 706 huic
891 630 1151 730 Colophonius
1170 629 1231 704 Id·

185 750 376 825 Phocaico
393 748 541 823 bibulas
561 749 759 846 tinguebat
774 747 918 821 murice
935 748 1064 824 lanas:
1120 757 1230 842 [mom

185 868 391 943 Occiderat
407 875 548 955 mater;
570 865 639 940 sed
657 876 697 940 et
713 867 795 939 haec
810 864 858 939 de
875 864 1001 963 plebe,
1021 887 1168 962 suoque
1189 867 1232 936 10

185 984 310 1081 AEqua
325 982 403 1057 viro
420 982 554 1056 luerat.
602 979 728 1080 Lydas
747 989 874 1053 tamen
891 979 956 1053 illa
972 1003 1040 1078 per
1057 979 1171 1053 urbes

186 1099 398 1184 Quaesierat
414 1098 539 1173 studio
554 1122 691 1172 nomen
708 1097 962 1184 memorabile,
983 1095 1155 1194 quamvis

186 1214 282 1289 Orta
299 1215 410 1289 domo
427 1238 553 1313 parva,
571 1214 694 1313 parvis
712 1215 910 1289 habitabat
928 1211 1130 1313 Hypaepis,

184 1329 310 1428 Hujus
328 1341 371 1404 ut
387 1332 600 1429 aspicerent
616 1356 711 1430 opus
729 1331 959 1418 admirabile,
979 1354 1082 1429 saepe

187 1446 400 1522 Deseruere
417 1445 476 1518 sui
495 1445 685 1545 Nymphae
702 1446 829 1521 vineta
845 1445 1017 1545 Tymoli3
1066 1513 1069 1520 .
1189 1449 1231 1519 15

184 1675 376 1729 momstmliimt
386 1675 451 1721 rebus
462 1674 567 1722 honestis.
589 1673 684 1731 Noster,
735 1672 893 1723 monumentis
904 1670 1024 1720 veteribus
1043 1686 1073 1720 ac
1090 1669 1158 1719 novis
1174 1684 1232 1718 nun·

186 1746 233 1795 1v.
250 1745 321 1794 Trist.
340 1745 356 1797 i.
374 1746 398 1795 l.
419 1763 480 1794 moes
499 1749 590 1797 intento
610 1749 685 1796 motis.
736 1763 817 1811 quarn,
838 1746 878 1795 vel
898 1761 951 1794 raro
974 1742 1112 1801 admodum,
1134 1743 1234 1793 Romani

187 1820 299 1877 Maeoniae,
310 1819 408 1884 Lydiae;
425 1820 480 1869 vide
490 1820 521 1868 ad
531 1819 557 1871 ii.
565 1822 622 1871 252.
639 1821 686 1886 Ly·
736 1820 840 1869 scribant
853 1836 895 1884 gu,
906 1818 949 1868 sed
958 1834 1026 1884 perg
1037 1816 1179 1883 simplicem,
1190 1820 1234 1865 tio·

189 1893 254 1942 diam
270 1893 399 1943 Arachnen
418 1895 489 1942 etiam
510 1894 568 1943 facit
583 1894 686 1952 Servius,
734 1895 958 1959 gabant,orgebeat,
968 1899 993 1940 et
1002 1889 1050 1940 alia
1060 1889 1233 1956 hujuscemodi,

188 1966 220 2016 ad
231 1968 299 2033 Virg.
316 1968 404 2031 Georg.
418 1967 450 2016 iv.
461 1970 525 2017 246:
543 1969 586 2017 sed
601 1968 687 2017 Thres-
736 1967 797 2017 sicut
809 1975 834 2016 et
844 1966 910 2016 Galli
925 1966 1064 2015 scriberent.
1099 1965 1184 2014 Mures
1194 1981 1234 2029 ge·

186 2058 247 2100 sam,
265 2058 366 2106 eamque
377 2042 493 2106 virginem
510 2042 610 2108 regiam,
628 2045 686 2092 Pro·
736 2056 781 2090 nus
799 2041 905 2098 coneha,
925 2039 993 2104 cujus
1011 2054 1026 2087 e
1044 2054 1117 2087 succo
1137 2040 1235 2089 Veteres

185 2118 231 2166 bns
242 2117 272 2166 ad
284 2117 385 2166 eundern
396 2117 485 2166 locum.
736 2130 864 2180 purpuram
878 2114 1047 2171 conficiebant,
1058 2121 1083 2161 et
1094 2129 1148 2178 quse
1163 2128 1234 2177 quum

220 2191 362 2240 7.Nonilto
372 2191 497 2254 loco,ete.]
518 2190 631 2240 Pluribus
644 2191 686 2240 ab·
736 2189 802 2246 alibi,
829 2197 881 2238 turn
904 2189 976 2254 juxta
999 2188 1233 2245 Phocaeom,‘nrbem

183 2264 273 2330 iactam
301 2264 401 2313 lanifica
417 2263 544 2330 'originem
565 2263 685 2322 describit,
735 2264 810 2313 Ionia
824 2264 850 2313 in
867 2264 921 2313 sinn
933 2261 1005 2312 maris
1014 2258 1187 2312 Mediterranei
1198 2255 1234 2310 in'-

187 2354 236 2402 quo
245 2337 322 2403 magis
333 2345 358 2386 et
373 2338 481 2404 arsejus,
490 2347 515 2387 et
525 2337 625 2387 audacia
636 2353 684 2402 qua
735 2339 794 2387 timo
820 2339 901 2396 sitam,
927 2336 1098 2404 reperiebatur.
1146 2334 1233 2392 Livius,

186 2427 213 2460 se
233 2411 279 2477 ipsi
296 2411 413 2460 Minerva
431 2412 533 2477 praefert,
555 2412 688 2461 illucescat.
737 2412 829 2462 xxxvii.
840 2415 881 2462 31.

187 2487 275 2534 Locum
285 2502 330 2535 nec
342 2486 372 2535 de
383 2502 470 2551 genere
476 2502 543 2552 cape,
553 2487 616 2550 quod
624 2488 687 2535 Pon·
771 2489 810 2536 11.
822 2486 906 2550 AEquo,
917 2484 1016 2551 aequalis
1030 2482 1149 2548 dignitate
1159 2491 1183 2533 et
1192 2499 1232 2548 ge-

187 2569 258 2610 tanus
276 2562 372 2611 volebat
393 2561 512 2626 (sequitur
539 2561 601 2610 enirn
625 2565 689 2626 origo
736 2576 802 2610 nere.
831 2561 909 2625 Isydos
930 2560 1030 2609 correxit
1047 2560 1173 2608 Constant.
1190 2559 1232 2607 Fa·

186 2634 284 2700 gentts,)
303 2650 347 2684 nec
364 2651 419 2685 cum
430 2637 575 2693 Burmanno,
587 2635 617 2684 de
634 2635 688 2700 dig·
737 2650 805 2684 nens.
822 2634 879 2700 quia
892 2635 983 2698 Lydius
998 2631 1101 2699 primam
1119 2632 1232 2699 syllabam

186 2708 271 2767 nitate,
281 2709 323 2758 sed
339 2710 370 2759 de
387 2709 473 2775 patria,
490 2717 585 2775 propter
595 2725 689 2758 versum
737 2725 830 2774 semper
841 2709 979 2773 productam
990 2706 1078 2766 hahet3
1095 2704 1233 2771 plurimits·

188 2783 229 2839 13,
251 2783 292 2846 qui
309 2782 365 2832 huic
382 2790 460 2832 nostro
478 2782 613 2848 respondet.
647 2781 686 2830 Ibi
735 2799 791 2832 men
804 2783 876 2830 MSS.
887 2782 962 2846 (inter
974 2796 1034 2846 quos
1049 2779 1144 2845 Regius
1159 2786 1234 2828 noster

187 2855 252 2905 enim
265 2874 338 2918 parvo
348 2859 426 2904 domm
437 2855 467 2904 ad
481 2859 592 2922 originem
602 2859 686 2920 gentis,
735 2855 771 2918 B)
794 2855 852 2904 dant
873 2855 970 2919 Lydios.
1005 2854 1087 2916 Lydos
1108 2850 1169 2901 alias
1189 2867 1234 2900 non

187 2938 212 2978 et
220 2947 297 2992 porco
308 2931 414 2994 Hypepe
425 2929 456 2978 ad
467 2932 540 2979 locem
549 2930 675 2995 pertinent.
735 2930 814 2979 minus
832 2937 958 2994 usurpatur
976 2926 1002 2976 in
1018 2942 1127 2976 sermone
1137 2925 1233 2992 vulgari.

222 3005 245 3052 θ.
267 3004 439 3068 Colophonius]
463 3003 587 3069 Colophon
608 3003 687 3052 nobile
736 3003 793 3060 Illa,
804 3002 923 3052 Arachne.
945 3001 1012 3050 Male
1022 3002 1136 3050 Lactant.
1146 2999 1234 3062 inArg.

188 3076 262 3125 Ionia
274 3077 397 3143 oppidum.
736 3077 788 3126 haec
798 3093 893 3142 quoque
903 3077 976 3126 verbs
989 3075 1020 3124 sd
1031 3081 1135 3123 matrem
1146 3073 1232 3123 retulit.

221 3152 246 3201 9.
257 3150 352 3199 Bibule
364 3150 425 3198 lsnae
444 3148 569 3214 exquisite,
581 3166 634 3216 quae
650 3151 686 3200 bi·
737 3152 826 3209 Studio,
844 3159 894 3200 arte
912 3148 1022 3200 textoria.
1056 3150 1145 3198 Dornus
1156 3165 1233 3212 pomo,

188 3225 257 3280 hunt,
272 3222 395 3273 attrahunt
413 3223 509 3280 colores,
523 3233 551 3272 ut
565 3239 637 3289 supra
653 3227 686 3273 hi-
736 3224 841 3282 humilis,
853 3241 897 3275 nec
912 3226 963 3274 ulla
970 3222 1087 3287 dignitate
1101 3221 1233 3288 conspicua.

188 3299 245 3346 bolo
255 3297 337 3346 Persei
353 3299 448 3345 tatoris.
485 3296 621 3361 Tinguebet.
648 3298 687 3348 Sic
737 3298 820 3347 Horat.
832 3298 855 3348 1.
870 3299 915 3364 Ep.
927 3297 962 3347 iii.
979 3298 1019 3346 28.
1033 3299 1104 3358 porus*
1123 3303 1149 3345 et
1166 3296 1233 3357 ampli

188 3372 272 3422 Codex
284 3370 376 3435 Regius
387 3372 423 3433 B,
442 3378 466 3419 at
477 3370 559 3419 Codex
568 3371 601 3419 A.
614 3374 688 3438 tinge·
736 3371 782 3420 sibi
792 3371 901 3438 opposita
909 3387 938 3420 eo
948 3385 1026 3420 sensu.
1055 3370 1170 3434 Hypcpo,
1181 3370 1234 3418 nrhs

189 3449 236 3495 bot.
278 3445 370 3496 Eadem
389 3437 496 3493 varietas
513 3444 538 3493 in
559 3446 689 3497 Codicibus
736 3446 819 3510 Lydiae
831 3445 891 3496 inter
901 3445 1013 3494 Tmolum
1023 3453 1130 3493 montem
1141 3443 1232 3507 etcay·

188 3519 311 3585 reperitur,
331 3519 423 3583 quoties
441 3518 492 3567 haec
510 3518 581 3568 litera
595 3538 613 3585 g
632 3528 688 3570 ante
736 3527 811 3568 strum
826 3519 932 3576 fluvium,
943 3519 974 3567 de
985 3534 1033 3584 qua
1043 3519 1195 3567 Burmannus
1205 3515 1232 3565 ed

188 3594 295 3643 vocalem
311 3595 501 3659 qualemcunque
515 3593 592 3658 posita
605 3610 687 3644 occur·
737 3592 832 3642 Petron.
843 3595 900 3642 137.
912 3593 982 3659 plura
996 3590 1095 3641 notavit.
1130 3589 1185 3640 Fuit
1193 3590 1231 3638 ob

189 3669 234 3718 rit:
253 3668 295 3718 alii
305 3669 370 3717 enirn
381 3677 435 3735 post
444 3687 461 3733 g
471 3668 564 3717 literam
574 3687 592 3717 n
602 3669 687 3735 adjnn-
737 3684 814 3726 scura,
825 3667 889 3717 unde
903 3668 930 3717 h.
941 3667 959 3716 1.
973 3683 1056 3730 porco,
1067 3674 1093 3715 et
1109 3665 1145 3714 sic
1155 3664 1231 3720 etiam,

188 3750 258 3808 gunt,
277 3743 318 3791 alii
339 3759 393 3791 vero
414 3762 431 3808 g
452 3741 504 3792 sine
529 3760 546 3791 o
573 3743 688 3792 scribunt.
736 3743 770 3794 xi.
783 3745 837 3793 152.
849 3743 889 3792 ubi
901 3742 964 3791 etde
976 3742 1027 3807 ejus
1038 3740 1096 3790 situ.

188 3817 258 3867 Istud
268 3833 336 3883 porro
346 3817 414 3866 fluxit
423 3834 437 3866 a
446 3816 617 3882 pronunciandi
623 3833 688 3868 more
771 3821 809 3869 15.
835 3819 961 3866 Deseruere
977 3818 1015 3863 soi
1030 3814 1153 3878 Nympha,
1173 3809 1230 3876 etc]

188 3892 254 3958 apud
263 3892 383 3941 Romanos
399 3900 537 3952 constante,
554 3891 646 3941 scilicet
657 3892 686 3940 li·
727 3884 824 3942 ‘Priscis
840 3889 984 3956 temporibus
995 3887 1038 3936 Dii
1053 3887 1163 3937 solebant
1174 3885 1231 3935 invi-

189 3974 268 4031 terag
283 3965 457 4015 enterocelem
473 3965 550 4031 posita
565 3981 688 4030 nunquam
736 3966 916 4016 seremortales.
950 3964 1003 4012 Hoc
1018 3960 1092 4027 igitur
1108 3968 1179 4026 poeta
1187 3974 1232 4007 non

189 4049 259 4103 sonat
275 4048 381 4089 nostrum
388 4044 413 4102 j,
428 4040 470 4090 sed
486 4058 577 4106 gammo
591 4041 687 4090 Graeco·
737 4042 799 4090 male
819 4055 876 4089 usus
901 4045 938 4087 est
962 4035 994 4085 ad
1022 4032 1233 4084 commendandum

189 4129 258 4175 rum;
283 4113 347 4162 unde
371 4113 438 4171 Itali,
462 4115 585 4170 Germani,
606 4114 689 4179 Angli,
737 4114 861 4164 Arachnes
878 4128 946 4178 opus.
971 4112 1011 4161 De
1023 4111 1114 4174 Tymolt
1124 4108 1180 4158 vino
1193 4121 1231 4171 ge·

189 4193 240 4236 ete.
262 4186 318 4239 huie
339 4186 473 4252 adjungunt
491 4205 518 4246 o,
536 4188 646 4253 quamvis
663 4187 688 4238 in
738 4203 829 4246 neroso,
840 4183 1129 4245 nohili,ridendii.217.
1155 4178 1232 4230 Poetis
