2812 5010
177 331 243 396 204
474 331 514 397 P.
538 332 701 400 OVIDII
725 334 936 402 NASONIS

177 505 361 579 Constitit
372 516 460 580 ante
469 507 635 594 domurn,
648 533 774 608 neque
786 512 886 585 enim
897 505 1228 588 succederetectis

178 621 252 696 Fas
271 624 400 710 habet,
420 634 459 698 et
474 635 606 723 postes
623 637 795 701 extrema
811 628 969 726 cuspide
987 629 1126 727 pulsat.

176 739 382 814 Concussae
400 749 557 838 patuere
574 740 694 817 fores:
722 743 825 818 videt
842 744 944 818 intus
963 744 1143 819 edentem

175 855 358 955 Vipereas
376 880 521 944 carnes,
540 856 715 930 vitiorum
734 859 912 934 alimenta
930 884 1095 947 suorum,

178 973 385 1060 Invidiam;
413 972 568 1070 visaque
587 973 715 1047 oculos
734 975 889 1050 avertit:
919 985 959 1048 at
974 974 1041 1049 illa
1158 982 1231 1051 770

181 1089 311 1186 Surgit
327 1090 441 1163 humo
460 1088 578 1187 pigre,
598 1114 909 1188 semesarumque
926 1091 1105 1188 relinquit

179 1207 349 1304 Corpora
366 1217 606 1303 serpentum3
635 1230 828 1305 passuque
846 1207 988 1281 incedit
1003 1207 1127 1282 inerti.
1186 1248 1189 1252 ·

179 1324 310 1421 thue
331 1321 453 1396 Deam
470 1323 576 1412 vidit,
595 1323 791 1423 formaque
811 1325 1001 1422 armisque
1020 1326 1209 1412 decoram,

178 1439 391 1537 Ingemuit;
421 1439 642 1538 vultumque
661 1440 737 1513 ima
754 1441 803 1513 ad
823 1439 985 1538 suspiria
1003 1439 1126 1514 duxit.

178 1557 307 1630 Pallor
325 1555 363 1627 in
382 1580 445 1629 ore
464 1557 593 1645 sedet;
624 1557 764 1630 macies
783 1557 821 1629 in
839 1581 994 1655 corpore
1012 1567 1115 1646 toto;
1156 1561 1228 1631 775

177 1671 378 1769 Nusquam
394 1682 498 1746 recta
515 1673 638 1762 acies;
666 1674 784 1748 livent
800 1673 976 1771 rubigine
991 1675 1149 1764 dentes3

177 1789 339 1863 Pectora
355 1788 442 1861 felle
456 1788 597 1880 virent;
628 1789 758 1886 lingua
774 1803 834 1865 est
851 1790 994 1865 suffusa
1007 1815 1176 1881 venen03

178 1905 294 1980 Risus
313 1906 433 1990 abest,
452 1904 523 1978 nisi
543 1929 657 2003 quem
674 1907 743 1981 visi
761 1931 910 1981 movere
928 1906 1094 1997 dolores3

210 2126 265 2173 771.
283 2125 368 2189 Pigra,
381 2122 454 2172 sterili
472 2124 502 2172 ob
520 2123 604 2189 frigus.
637 2127 676 2176 Sic
726 2125 852 2176 lectionem
874 2124 976 2174 multum
997 2123 1097 2189 prefero
1120 2123 1231 2174 omnibus

176 2202 261 2249 Horat.
276 2201 298 2247 1.
315 2199 363 2248 0d.
381 2198 441 2247 xxii.
460 2201 500 2247 17.
515 2202 578 2265 pigri
595 2203 677 2264 compi.
727 2199 937 2251 emendationibus
948 2198 1082 2264 propositis,
1096 2197 1183 2263 quibus
1193 2213 1230 2246 re·

176 2276 280 2332 Klotzio,
296 2274 326 2323 ad
342 2275 472 2338 l'yrtaeum,
489 2291 513 2339 p.
526 2277 582 2323 102.
593 2275 677 2340 displi·
726 2275 815 2341 petitur
830 2281 924 2322 tantum
939 2273 1003 2339 quod
1013 2282 1085 2338 poeta
1098 2273 1151 2339 jam
1162 2274 1230 2322 dixe·

175 2359 214 2399 cet
223 2353 299 2416 pigra,
311 2348 368 2414 quia
376 2364 406 2396 ex
421 2348 617 2399 antecedentibus
625 2352 677 2415 jam
726 2356 774 2398 rat.

175 2432 297 2490 appareat,
304 2424 402 2472 humum
410 2423 482 2471 fuisse
489 2422 600 2472 sterilem.
617 2425 676 2473 Sua·
759 2423 816 2470 776.
833 2421 915 2469 Pallor
925 2423 952 2468 in
962 2437 1000 2469 ore
1010 2420 1094 2483 sedet]
1115 2419 1165 2470 Ubi
1175 2436 1229 2486 pro·

175 2499 216 2548 det
226 2515 282 2562 ergo
292 2502 359 2546 humo
369 2503 446 2563 nigra,
458 2499 507 2546 sive
522 2506 549 2546 ut
559 2498 674 2563 simplici·
726 2495 780 2560 pius
799 2495 908 2552 accessit,
920 2495 994 2544 forma
1011 2494 1064 2560 ejus
1078 2494 1230 2544 describitur.

175 2582 212 2622 ter
226 2574 344 2622 horrorem
359 2572 405 2621 loci
421 2572 518 2628 indicet,
530 2573 580 2622 sive
592 2581 618 2621 ut
628 2566 675 2622 ser-
726 2571 804 2628 Quam
821 2571 883 2618 bene
900 2586 929 2618 ea
947 2569 1077 2635 composita
1095 2570 1136 2626 sit,
1158 2571 1230 2619 facile

175 2648 287 2713 pentibus
303 2657 392 2696 tectam
407 2646 479 2696 dicat.
514 2646 584 2704 Quod
596 2655 676 2696 tamen
725 2644 835 2709 reperies,
847 2645 867 2691 si
875 2643 1024 2706 cogitaveris,
1036 2659 1090 2707 qnae
1100 2643 1131 2693 de
1141 2643 1230 2692 invidis

176 2738 224 2772 nun
241 2721 401 2769 necessarium
415 2728 482 2784 puto,
501 2736 574 2784 quum
589 2722 676 2770 Noster
725 2717 848 2782 praedicari
858 2718 957 2766 soleant.
978 2717 1177 2782 Horat.I.Ep.ii.
1187 2718 1229 2766 5⁷:

175 2795 304 2860 saepissime
328 2802 429 2859 repetat,
452 2810 506 2858 qnae
530 2794 581 2859 jam
604 2803 676 2844 antea
726 2790 824 2838 Invidus
841 2792 938 2838 alterius
958 2794 1076 2838 manescit
1094 2792 1161 2838 rents
1180 2793 1228 2851 opi·

176 2868 293 2934 copiosius
314 2870 387 2916 etiam
407 2876 488 2917 notata
508 2878 583 2917 erant.
624 2870 675 2934 Ego
725 2865 909 2913 mia—Sedet
927 2864 1068 2928 exquisitius
1085 2880 1168 2928 quam,
1187 2875 1228 2922 est,

175 2961 230 2994 vero
252 2947 318 3008 pigre
344 2943 502 2991 revocandum
524 2942 590 3000 duxi,
612 2943 674 3008 quod
726 2950 829 3002 apparet,
850 2949 877 2990 ut
904 2940 921 2990 i.
941 2940 1006 2987 267:
1035 2939 1091 2988 vide
1115 2939 1231 2989 Gronovii

177 3017 301 3083 sequentia
311 3016 418 3080 flagitare
428 3015 547 3066 videntur.
581 3018 675 3066 Etenim
725 3015 785 3064 Obs.
796 3014 822 3063 ii.
832 3031 857 3079 p.
870 3016 925 3063 180.
956 3015 1108 3063 Rectaueies.
1142 3013 1232 3065 Confer

175 3096 252 3157 surgit
260 3094 325 3156 pigre
334 3097 359 3138 et
368 3106 421 3138 mox
431 3107 498 3152 passu
508 3093 594 3140 incedit
605 3095 676 3141 inerti
724 3089 883 3138 infrav.787.
917 3088 1101 3154 Rubigovitium
1112 3088 1231 3139 dentium.

176 3166 270 3231 egregie
281 3163 326 3213 sibi
337 3163 488 3228 respondent.
726 3164 768 3212 Fet
784 3163 809 3211 iu
825 3171 921 3229 pectore
939 3163 1032 3227 signum
1047 3163 1232 3213 malevolentia.

207 3241 263 3289 774.
281 3239 336 3287 Jam
347 3236 423 3301 prima
438 3237 538 3286 Invidia
550 3239 676 3289 commotio
728 3237 806 3286 Visere
816 3237 850 3286 sic
862 3244 887 3285 et
895 3237 1025 3286 Claudian.
1033 3239 1074 3285 49.
1081 3237 1128 3285 96:
1141 3240 1230 3286 uisoem

175 3312 340 3379 interponitur.
372 3311 424 3359 lma
441 3316 548 3374 suspiria,
561 3328 615 3376 quaa
631 3314 676 3362 du·
718 3310 781 3375 felte
802 3315 886 3359 virent.
926 3310 1021 3375 Suffusu
1037 3326 1130 3367 ueneno,
1150 3312 1230 3375 μεστὴ

175 3397 262 3439 cuntur
273 3386 357 3435 eximo
365 3396 467 3450 pectore,
475 3393 502 3433 ut
513 3388 562 3434 alta
569 3390 675 3448 suspiria,
726 3385 763 3435 ἰοῦ
773 3384 959 3450 θανατηφόρου.
988 3385 1082 3449 Lingua
1091 3385 1181 3451 suffusa
1189 3402 1231 3435 ve·

176 3461 331 3517 Claudianus,
349 3459 374 3507 ii.
394 3458 419 3507 in
437 3460 535 3524 Eutrop.
550 3462 606 3509 530.
622 3478 675 3526 quae
726 3475 788 3509 neno
798 3459 894 3515 dieitur,
906 3468 932 3507 ut
942 3475 968 3507 os
978 3458 1092 3523 suffusum
1102 3460 1197 3508 rubore.

174 3540 295 3588 ducuntur
304 3537 351 3583 ulto
361 3538 501 3592 detondant
511 3534 571 3582 dixit
581 3537 675 3594 Noster,
758 3535 815 3582 778.
832 3534 902 3581 Risus
920 3532 1001 3595 abia]
1021 3532 1163 3581 hnmanitas
1177 3533 1231 3597 ejus

176 3630 244 3662 versu
266 3612 324 3659 622.
354 3611 410 3659 Jam
431 3613 515 3658 ducere
535 3612 625 3658 uultum
645 3615 675 3659 ud
725 3614 750 3655 et
760 3608 878 3656 cmciutns
886 3605 1058 3655 describuntur.
1093 3606 1147 3654 Nisi
1157 3623 1231 3669 quem.

173 3689 281 3749 crispinio,
290 3685 382 3733 vultum
391 3700 531 3748 componere
542 3700 674 3734 accommo-
724 3683 790 3731 Nam
801 3680 884 3731 alienis
894 3681 964 3730 melis
974 3689 1089 3744 tanquam
1100 3680 1149 3729 suis
1160 3681 1231 3730 bonis

175 3762 231 3808 date
248 3758 363 3823 suspiriis,
379 3757 477 3822 suspiria
495 3757 563 3806 vultu
581 3774 675 3823 quoqne
726 3757 830 3814 laetatur,
841 3758 956 3818 pascitque
967 3771 992 3802 se
1004 3754 1167 3820 κακόχαρτος,
1178 3754 1232 3803 ἑπι-

173 3835 279 3900 prodere.
312 3832 438 3880 Suetonius
452 3831 558 3895 quidem,
569 3832 623 3881 Tib.
633 3834 675 3881 68.
724 3831 877 3897 χαιρὲκακος.
902 3830 1049 3895 Vigilueibus.
1074 3828 1177 3878 Codices
1188 3845 1229 3878 no-

176 3908 246 3962 dixit,
257 3909 369 3954 adducere
379 3907 478 3961 uultum,
489 3905 521 3954 ed
535 3906 675 3970 gravitatem
725 3909 766 3956 stri
782 3906 864 3970 Regii,
875 3906 1034 3970 uigilantibus,
1049 3903 1114 3969 quod
1130 3918 1230 3968 repone·

175 3995 325 4046 componere,
346 3979 387 4028 ubi
415 3981 521 4029 Cesaub.
543 3988 673 4045 comparet,
724 3996 788 4030 rem:
806 3996 862 4028 narn
872 3980 961 4043 vigilan
970 3995 1013 4044 pro
1027 3979 1135 4043 uigilum,
1147 3985 1175 4025 ut
1188 3994 1230 4025 cu·

174 4056 284 4102 obducere
298 4054 396 4110 vultum,
410 4053 442 4101 ad
456 4053 595 4101 moestitiam
611 4069 674 4102 com·
724 4071 767 4103 ran
773 4071 815 4119 pro
822 4057 934 4111 curuans,
941 4069 989 4101 nou
997 4053 1042 4101 nisi
1053 4053 1085 4101 ab
1094 4052 1232 4101 auctoribus

175 4143 272 4196 ponere.
306 4128 336 4175 Et
352 4128 453 4183 Seneca,
468 4128 514 4194 Ep.
531 4129 571 4176 58.
586 4131 676 4175 vultum
725 4128 850 4177 mediocris
859 4136 921 4177 nota
936 4135 1062 4192 acceptum
1073 4124 1147 4175 luisse
1160 4140 1231 4191 repe-

176 4206 272 4252 adduoit
293 4206 324 4251 ud
350 4204 479 4252 tristitiam.
514 4203 584 4251 Hanc
604 4202 675 4271 igitur
725 4202 774 4263 rio;
791 4211 815 4251 et
826 4202 903 4251 forsan
913 4202 939 4249 iu
949 4201 979 4249 iis
992 4216 1068 4250 errore
1079 4198 1229 4249 librariorum
