2812 5010
148 319 230 386 256.
439 320 479 384 Ρ.
503 318 665 385 OVIDII
688 319 900 386 NASONIS

152 493 317 579 Numen,
337 501 375 566 et
389 491 583 590 Argolicas
600 494 763 567 venienti
782 494 957 570 claudere
976 505 1127 593 portas3

153 609 327 683 Penthea
343 610 498 684 terrebit
515 634 601 683 cum
618 611 706 685 totis
725 612 870 686 advena
886 610 1054 687 Thebis?
1125 615 1198 684 561

153 725 212 800 Ite
230 724 294 798 citi
303 724 323 752 ’⁹
343 725 508 821 (famulis
525 726 597 798 hoc
616 725 807 825 imperat)
827 736 850 765 “
870 727 934 814 ite,
953 728 1170 824 ducemque

154 841 343 916 Attrahite
354 843 427 915 huc
437 842 604 915 vinctum
618 868 626 916 :
644 841 761 939 jussis
774 867 879 916 mora
889 841 1015 940 segnis
1029 840 1203 916 abesto.”

205 957 318 1030 Hunc
348 981 450 1044 avus,
474 959 574 1031 hunc
592 956 790 1044 Athamas,
810 959 911 1032 hunc
935 967 1063 1032 cetera
1088 959 1204 1030 turba

306 1096 457 1145 suorum

157 1187 374 1287 Corripiunt
387 1186 511 1274 dictis,
531 1187 743 1285 frustraque
760 1188 928 1262 inhibere
945 1189 1131 1261 laborant.

155 1301 288 1377 Acrior
304 1303 497 1376 admonitu
515 1313 574 1376 est
584 1331 594 1392 ;
624 1303 863 1401 irritaturque
881 1292 1038 1392 retenta,
1127 1306 1204 1376 566

88 1406 95 1421 ”
157 1410 209 1495 Et
225 1420 362 1494 crescit
379 1420 523 1511 rabies3
552 1421 875 1519 remoraminaque
893 1420 976 1519 ipsa
998 1420 1202 1494 nocebant.

158 1535 222 1609 Sic
241 1561 312 1633 ego
329 1546 544 1623 torrentem,
564 1561 640 1634 qua
656 1536 710 1609 nil
728 1537 905 1610 obstabat
922 1535 1039 1622 eunti,

157 1650 309 1738 Lenius,
325 1661 364 1724 et
382 1651 530 1725 modico
548 1652 705 1751 strepitu
724 1654 921 1726 decurrere
937 1651 1035 1725 vidi:

102 1853 106 1859 .
157 1766 209 1839 At
225 1790 451 1864 quacunque
469 1768 595 1841 trabes
613 1769 882 1865 obstructaque
901 1792 993 1841 saxa
1006 1767 1204 1852 tenebant,

159 1882 361 1981 Spumeus,
374 1892 413 1954 et
429 1881 588 1968 fervens,
604 1893 643 1955 et
662 1885 709 1956 ab
726 1884 848 1979 objice
866 1884 997 1957 saevior
1015 1882 1107 1957 ibat.
1128 1886 1199 1955 571

160 1998 261 2072 Ecce
279 1999 464 2073 cruentati
482 1999 660 2088 redeunt;
690 2010 741 2087 et,
762 2000 937 2074 Bacchus
955 1997 1019 2073 ubi
1037 2007 1140 2072 esset

160 2113 352 2197 Quaerenti
370 2113 533 2201 domino,
554 2114 748 2188 Bacchum
764 2114 903 2189 vidisse
920 2116 1118 2210 negarunt.

159 2397 227 2445 Deus
237 2396 278 2445 ille
288 2398 361 2446 serius
375 2399 494 2463 profectus
505 2408 549 2448 est.
582 2400 655 2465 Apol·
706 2401 747 2465 qui
765 2401 812 2449 fere
830 2415 859 2448 ex
877 2399 997 2448 altioribus
1012 2396 1072 2446 locis
1089 2397 1208 2450 defluunt.

63 2526 67 2534 ⁴
157 2470 260 2520 lodoms.
284 2470 364 2520 Etiam
375 2473 656 2538 Euripid.xx.ipsenar·
738 2476 794 2524 570.
813 2473 996 2536 obstinatoque]
1016 2471 1128 2537 Objecta.
1143 2472 1208 2521 Vide

158 2544 310 2601 rat,'lbebas
327 2546 427 2610 primam
442 2547 603 2597 esseGrreciae
618 2563 656 2595 ur·
707 2550 840 2599 Heinsium.
886 2549 1008 2603 Terrebant,
1034 2561 1131 2595 cursum
1155 2545 1209 2610 ejus

157 2618 222 2676 bem,
242 2635 314 2684 quam
335 2619 436 2668 intrarit.
477 2622 575 2678 Vanum,
594 2620 658 2685 quod
707 2624 864 2672 morabantur.
898 2620 1059 2677 0bcx‚trabes
1073 2621 1206 2676 obstructa,

159 2707 207 2741 non
224 2701 260 2741 est
279 2709 375 2742 numen.
409 2695 519 2752 Penthea,
537 2711 591 2744 cum
608 2710 657 2744 em·
708 2696 771 2744 Fast.
782 2696 798 2743 i.
814 2695 878 2755 56³3
901 2697 952 2742 obes
969 2698 1058 2751 montis,
1076 2709 1144 2741 mons
1165 2693 1207 2741 ob·

159 2765 236 2832 phari,
255 2782 306 2832 pro,
328 2783 374 2823 me,
392 2768 472 2816 confer
489 2769 539 2817 xiii.
559 2770 598 2816 17.
617 2768 659 2817 ubi
704 2769 799 2833 jectus;
826 2770 854 2816 ab
882 2770 959 2830 objice,
981 2774 1076 2831 propter
1097 2765 1209 2831 objicem.

160 2840 234 2904 AJax,
261 2841 291 2889 de
316 2841 418 2905 Ulysae:
454 2845 548 2891 remulus
573 2844 659 2905 Ajocir.
709 2843 799 2901 Saevior,
814 2841 922 2908 rapidior.
955 2841 1001 2890 Vis
1018 2855 1134 2905 aquarum
1151 2857 1207 2890 cum

160 2913 262 2961 Adveno.
296 2915 407 2963 Bacchus
428 2931 499 2980 quem
518 2932 565 2964 non
583 2916 660 2964 civem
708 2919 1041 2981 traetsaevtttccomparatur.

161 2987 269 3050 agnoscit
281 2988 410 3046 Pentheus,
418 2990 505 3038 nedum
515 2991 605 3038 Deum.
624 2990 661 3038 Ite
741 2993 797 3043 572.
815 2990 959 3053 Cruentatt]
978 2988 1052 3055 Apud
1061 2989 1145 3054 Eurip.
1152 2990 1209 3038 434.

161 3063 211 3115 viti,
223 3068 271 3108 etc·
287 3062 375 3110 Confer
386 3064 443 3112 855·
476 3064 572 3118 Ducem,
589 3078 659 3112 vene·
709 3082 735 3115 se
745 3063 828 3115 vinciri
845 3064 942 3129 patitur,
952 3064 995 3112 sed
1009 3061 1043 3110 ibi
1056 3077 1153 3126 quoque
1169 3077 1210 3110 co-

161 3141 198 3181 rat
208 3133 272 3182 enim
283 3150 337 3183 cum
346 3135 481 3185 comitibus.
710 3140 791 3188 mitem
798 3155 823 3188 so
832 3138 922 3187 Bacchi
931 3135 1051 3187 mentitur.
1069 3136 1193 3184 cruentati
1200 3154 1209 3194 ,-

194 3209 252 3256 564.
268 3210 338 3266 Aous,
350 3209 427 3273 quiin
438 3210 498 3260 vivis
509 3210 587 3259 adhuc
598 3219 657 3267 erat,
709 3213 825 3262 vulnerati
847 3228 861 3260 a
880 3210 1004 3260 comitibus
1029 3208 1130 3267 Bacchi,
1152 3209 1210 3258 dum

161 3279 203 3330 sed
219 3297 318 3345 regnum
335 3283 443 3332 Pentheo
458 3284 596 3341 tradiderat,
606 3300 660 3333 sum
710 3285 833 3334 Bacchum
846 3292 871 3333 et
879 3284 989 3338 Bacchas
1001 3281 1148 3348 prehendere
1159 3290 1211 3331 ten-

160 3356 269 3412 inhiterc,
287 3371 402 3414 coercere,
422 3357 520 3406 laborat.
554 3356 661 3423 Euripid.
711 3366 796 3407 tarent.
831 3358 948 3411 Quaercnti
966 3359 1071 3414 domim,⁸
1100 3361 1209 3420 tyranno.

162 3431 220 3479 ³³0.
254 3429 326 3494 Apud
345 3431 491 3497 Euripidem,
507 3432 533 3480 in
550 3431 661 3487 Bacchis,
712 3431 829 3479 Bocchum
848 3433 927 3479 vidore
947 3431 1072 3494 negarunt.
1116 3429 1211 3479 Famnli

161 3518 209 3552 nou
235 3504 302 3552 audit
322 3504 449 3563 Cadmum,
470 3522 517 3555 nou
541 3505 664 3556 Tiresiam.
712 3512 792 3558 tamon
803 3504 828 3552 in
839 3502 941 3553 Bacchis
954 3501 1087 3568 Euripidis:
1108 3505 1212 3562 uenero,

164 3577 237 3627 Hunc
248 3580 373 3638 Athamas,-
385 3581 450 3629 AEoli
460 3581 523 3629 filius
533 3580 661 3630 suitAtha-
713 3578 847 3644 πάρεσμεν,
868 3576 935 3638 τήνδ’
955 3578 1040 3643 ἄγραν
1065 3577 1216 3644 ἠγρευκότες

161 3666 222 3707 mas,
235 3651 320 3700 Cadmi
331 3669 410 3716 gener.
706 3650 761 3718 Ἐφ’
777 3653 809 3713 ἣν
824 3651 1004 3719 ἔμεμψαςωῑο.
1037 3651 1121 3716 Ipsum
1136 3652 1213 3701 addu-

194 3726 251 3775 566.
267 3728 359 3784 Acrior,
370 3727 479 3786 ferocior,
492 3728 626 3777 iracundior
636 3730 663 3778 fit
713 3727 932 3784 centesBacchum,
940 3742 1012 3791 quem
1020 3726 1109 3774 Noster
1115 3725 1212 3775 Acoetae

162 3814 191 3846 ex
202 3798 242 3848 irre
254 3808 347 3858 natura,
359 3817 430 3864 quam
446 3811 518 3865 poeta
531 3802 663 3866 loquaciter
711 3803 755 3850 sub
766 3801 869 3866 imagine
879 3800 970 3849 inducit
980 3801 1104 3849 latentem.
1139 3801 1214 3849 Sacro

161 3871 258 3935 quidem
275 3881 376 3937 quatuor
391 3874 496 3922 formulis
510 3875 608 3932 indicat,
619 3876 661 3924 sed
712 3876 766 3931 Dei,
777 3883 825 3923 etc.
848 3875 920 3922 Hunc
931 3888 1128 3938 quoqueversum
1136 3873 1212 3922 Hein-

162 3944 257 4009 egregie
266 3945 369 3996 illustrat
379 3947 534 3997 similitudine
545 3949 660 4014 subjecta,
710 3949 758 3996 sius
769 3957 793 3996 et
808 3949 958 3996 Burmannus
972 3946 1078 4012 spurium
1092 3946 1214 4010 judicant.

161 4017 188 4066 in
199 4034 247 4084 qua
257 4036 299 4084 pro
308 4020 412 4084 generali
421 4021 471 4078 illo,
482 4026 513 4072 sic
524 4033 611 4072 torrens
622 4027 660 4074 do·
710 4023 797 4071 Recte.
823 4023 898 4071 Poeta
907 4021 971 4071 enim
982 4021 1032 4088 ipss
1042 4020 1082 4069 bic
1093 4021 1216 4086 loquitur;

161 4092 347 4150 carmamelius,
356 4098 388 4142 sic
397 4111 437 4159 ogo
448 4104 570 4144 torrentem
579 4100 660 4145 mour·
711 4096 795 4146 isvero
810 4097 933 4147 Bacchum
948 4112 995 4145 non
1010 4103 1103 4162 poterat
1117 4095 1157 4158 ita„
1168 4112 1212 4144 no·

161 4168 276 4215 rersvidi.
301 4168 528 4235 Decurrersproprie
538 4169 567 4219 de
576 4171 661 4229 fluviis,
712 4169 810 4225 minare,
