2812 5010
258 332 723 404 METAMORPHOSEON
746 334 836 404 LIB.
861 338 923 404 IV.
1036 340 1102 408 309

68 508 173 594 Quod
190 500 346 586 mortale
363 498 445 599 fuit,
464 513 775 610 majestatemque
792 513 992 588 verendam

65 625 264 726 Imposuit;
277 614 490 725 nomenque
501 627 611 702 simul
621 627 830 727 faciemque
844 628 1009 720 novavit;
1027 634 1102 706 540

63 740 351 841 Leucotheeque
369 743 494 818 Deum
511 767 598 817 cum
621 754 740 818 matre
760 743 976 818 Palaemona
992 745 1101 821 dixit.

108 857 275 931 Sidoniae
293 857 463 947 comites,
483 869 666 956 quantum
681 861 844 946 valuere,
864 870 1035 958 sequutae

61 972 177 1070 Signa
193 973 347 1071 pedum,
367 973 486 1072 primo
502 973 630 1049 videre
648 973 850 1048 novissima
867 999 981 1051 saxo:

61 1087 95 1161 N
97 1112 142 1163 ec
160 1074 317 1161 dubium
331 1088 379 1163 de
396 1099 517 1163 morte
534 1100 638 1177 ratae,
659 1089 869 1164 Cadmeida
886 1091 1021 1189 palmis

59 1204 298 1303 Deplanxere
308 1206 473 1294 domum,
486 1207 613 1281 scissae
624 1231 711 1280 cum
721 1215 825 1280 veste
836 1206 1009 1305 capillos:
1026 1211 1099 1281 545

60 1319 190 1418 thue
204 1345 336 1419 parum
349 1324 475 1420 justae,
493 1321 726 1419 nimiumque
744 1321 783 1395 in
801 1322 935 1420 pellice
952 1345 1073 1410 saevae,

59 1432 243 1510 Invidiam
259 1426 383 1511 fecere
402 1437 494 1512 Deae
511 1464 519 1513 :
548 1437 717 1513 convicia
733 1438 757 1511 J
759 1462 834 1511 nno

60 1548 147 1624 Non
165 1552 268 1642 tulit3
295 1557 346 1639 et,
367 1552 556 1628 “Faciam
572 1579 637 1630 vos
656 1555 757 1652 ipsas
775 1552 975 1640 maxima,'’
991 1551 1099 1641 dixit,

60 1672 84 1702 “
103 1665 266 1741 Saevitiae
285 1678 527 1745 monumenta
544 1669 676 1747 meae.''
721 1669 800 1743 Res
817 1668 922 1744 dicta
939 1677 1102 1766 sequuta

207 1793 290 1859 est:

60 1895 158 1971 Nam
165 1899 572 1999 quaepraecipuefuerat
581 1899 657 1998 pia,
671 1893 955 1998 “Prosequar,”
963 1898 1098 1997 inquit,

60 2021 83 2050 ‘⁴
99 2011 146 2085 In
160 2013 256 2088 freta
269 2017 437 2112 reginam
448 2017 483 2105 ;'’
495 2017 708 2114 saltumque
719 2016 864 2103 datura,
873 2016 1011 2090 moveri
1026 2020 1096 2090 551

61 2126 173 2201 Haud
191 2152 351 2226 usquam
369 2132 512 2230 potnit;
542 2135 774 2232 scopuloque
792 2134 904 2206 affixa
921 2131 1088 2206 cohaesit.

58 2242 200 2331 Altera,
219 2244 311 2318 dum
329 2246 438 2320 solito
456 2256 577 2322 tentat
593 2250 775 2346 plangore
791 2248 901 2322 ferire

59 2358 231 2448 Pectora,
247 2371 410 2436 tentatos
428 2364 543 2439 sentit
560 2364 717 2462 riguisse
733 2365 907 2439 lacertos

59 2474 143 2565 Illa,
159 2501 292 2552 manus
304 2488 346 2552 ut
359 2477 454 2553 forte
468 2479 680 2555 tetenderat
696 2480 735 2552 in
749 2471 862 2554 maris
873 2477 1006 2565 undas,
1026 2481 1099 2552 555

86 2693 145 2742 539.
156 2693 266 2756 Mojestos
282 2697 390 2752 vermdo,
399 2695 452 2760 ipse
466 2695 552 2745 divini-

57 2772 99 2822 tas,
109 2773 136 2814 st
151 2769 257 2828 imposuit
271 2766 419 2832 exquisitius,
431 2784 503 2833 quam
513 2773 552 2818 de-

56 2839 96 2886 dit.
105 2837 212 2889 imos:
234 2839 278 2888 Ubi
292 2843 398 2890 mortales
417 2842 553 2905 Tirynthius

58 2912 129 2960 Eroir
152 2915 476 2981 orem-copir-oogono
494 2918 553 2981 flers·

54 2991 297 3051 gravitotsuersndus.
321 2990 410 3038 Nomen
420 2989 458 3047 iis,
468 3007 552 3040 secun·

57 3060 112 3110 dum
129 3061 310 3128 Apollodorum,
325 3077 341 3110 a
359 3062 440 3112 nautis
457 3062 554 3129 imposi-

55 3143 113 3195 tum,
124 3137 212 3203 quibus
229 3152 284 3187 cum
304 3145 446 3203 tempestate
461 3137 554 3187 luctan-

56 3210 118 3259 tibus
139 3225 210 3276 opem
228 3209 316 3259 ferunt.
350 3210 463 3259 Meminit
483 3211 554 3276 hujus

56 3283 115 3332 Dese
130 3283 183 3349 jam
198 3284 295 3335 Homer.
307 3283 355 3332 Od.
367 3289 395 3333 Ε.
407 3285 464 3334 333.
481 3301 534 3350 sqq.
545 3304 551 3334 1

56 3356 158 3423 Κάδμου
176 3357 299 3424 θυγάτηρ,
312 3358 477 3425 καλλίσφυρος
486 3358 552 3419 Ἰνὼ,

53 3429 204 3492 borodim
215 3434 277 3498 πρὶν
287 3434 333 3498 μὲν
344 3433 389 3495 ἔην
399 3433 498 3500 βροτὸς,
506 3443 553 3484 etc.

53 3504 203 3555 leucotheon
219 3506 298 3556 Latini
311 3508 411 3557 Matrem
423 3509 548 3567 Matutam,

54 3578 192 3629 Palaemona
208 3581 340 3630 Portunum
354 3582 480 3633 dixerunt:
498 3584 549 3633 vid.

53 3652 164 3703 Munker.
179 3654 211 3702 ad
231 3654 320 3719 Hygiu.
343 3658 392 3708 lab.
408 3657 436 3708 ii.
471 3659 550 3709 Caete-

51 3743 102 3776 rum
116 3728 179 3777 hanc
190 3727 248 3777 Inbs
267 3731 494 3782 transformationem
511 3749 550 3782 ce-

52 3800 109 3851 cinit
119 3801 195 3850 etiam
205 3803 332 3854 Ramlerns
342 3807 447 3855 carmine
455 3808 550 3872 elegan-

53 3872 150 3924 dirimo.

81 3950 141 3998 542.
160 3951 258 4000 Sidonio
277 3955 376 4009 comites,
395 3953 456 4016 etc.]
480 3953 550 4002 Hanc

52 4022 235 4087 appendiculam
250 4027 330 4075 caeteri
348 4042 396 4075 non
412 4027 511 4083 habeut,
527 4035 551 4075 et

54 4089 346 4166 adjectsvideturubipso
354 4099 451 4150 Ouidio.
471 4101 551 4159 Quum

53 4176 76 4218 ct
96 4170 197 4222 comites
218 4175 340 4225 mutandae
364 4183 452 4234 esseut,
474 4173 552 4225 facilis

85 4244 165 4295 vot.
175 4245 225 4297 HI.

603 2704 655 2745 erat
669 2695 783 2747 inventio.
814 2697 846 2745 Iu
867 2694 974 2744 litoribus
992 2695 1056 2744 enim
1076 2702 1101 2745 et
1129 2742 1132 2749 .

601 2785 656 2818 soro
676 2784 728 2818 esse
749 2777 773 2820 et
792 2785 843 2818 ones
859 2767 998 2818 commorari
1016 2767 1101 2817 solent.

602 2842 708 2900 Sidonio,
720 2858 774 2892 mox
788 2841 917 2892 Ismenides.
950 2843 1101 2905 Deplonaera

602 2915 702 2973 scilicet,
714 2931 739 2964 se
753 2925 848 2982 propter
858 2919 958 2966 domum.
986 2917 1026 2964 Ite
1036 2915 1100 2982 apud

603 2990 708 3047 Graecos,
724 2989 861 3048 τίλλεσθαι,
877 2989 1019 3048 κόπτεσθαι,
1036 2989 1100 3040 rriu-

602 3063 686 3113 rsodoe
704 3062 769 3121 τινὰ,
780 3081 815 3121 sc,
829 3080 871 3114 sua
882 3071 987 3129 pectora,
1002 3063 1101 3113 tundere

602 3146 697 3203 propter
723 3138 836 3204 aliquem.
863 3137 943 3186 Tibul.
963 3136 1101 3188 1.vii.2t.

591 3213 710 3277 'plangere
728 3213 874 3275 Memphitem
893 3215 975 3268 bovem,
990 3211 1031 3260 ubi
1045 3210 1100 3261 vide

602 3286 735 3350 Heynium,
754 3285 780 3335 in
797 3287 856 3335 Obs.
882 3284 998 3334 inuidiam
1008 3284 1098 3350 fecere,

603 3360 716 3409 conviciis
731 3367 756 3409 et
774 3360 975 3425 objurgationibus
990 3359 1020 3407 de
1037 3360 1100 3408 ierne

602 3435 654 3498 ejus
674 3434 835 3492 detraxerunt,
856 3433 937 3482 odium
958 3432 980 3481 ei
1000 3432 1099 3481 concili·

601 3508 682 3557 irunt.

633 3583 689 3631 550.
701 3582 819 3645 Namque
827 3585 949 3644 precipue,
960 3581 1019 3644 ete]
1032 3582 1098 3639 Quo·

601 3657 665 3704 niam
691 3656 717 3705 iu
744 3654 808 3705 saxis
832 3664 912 3720 partes
936 3655 1099 3705 memorabiles

601 3732 682 3788 nullae,
701 3740 729 3780 ut
755 3729 799 3779 bas
825 3746 919 3794 quoque
946 3728 1097 3780 transforma-

600 3805 676 3855 tiones
690 3822 744 3855 curn
760 3803 874 3852 varietate
892 3803 973 3869 aliqua
990 3812 1014 3853 et
1031 3805 1099 3870 copia

600 3879 686 3929 referre
706 3887 795 3946 posset,
813 3887 890 3943 gestos
908 3877 1011 3926 diversos
1032 3887 1099 3927 nota-

599 3953 642 4011 vit,
670 3952 801 4018 inquibus
828 3950 926 4000 comites
946 3950 1098 4017 deprebensae

600 4027 664 4089 sint,
682 4029 708 4078 in
727 4044 775 4094 quo
791 4035 816 4077 et
844 4027 896 4094 ipso
915 4026 1036 4092 ingenium
1056 4042 1098 4076 au·

600 4101 707 4167 tiquioris
727 4109 843 4168 sequutus
861 4110 907 4153 est.
940 4100 1003 4152 Vide
1026 4101 1057 4151 ad
1074 4117 1099 4151 v.

602 4178 657 4226 182.

697 4251 748 4299 Klr
