<?xml version="1.0" encoding="UTF-8"?>
<!DOCTYPE html PUBLIC "-//W3C//DTD XHTML 1.0 Transitional//EN"
    "http://www.w3.org/TR/xhtml1/DTD/xhtml1-transitional.dtd">
<html xmlns="http://www.w3.org/1999/xhtml" xml:lang="en" lang="en">
 <head>
  <title>
</title>
<meta http-equiv="Content-Type" content="text/html;charset=utf-8" />
  <meta name='ocr-system' content='tesseract 3.04.00' />
  <meta name='ocr-capabilities' content='ocr_page ocr_carea ocr_par ocr_line ocrx_word'/>
</head>
<body>
  <div class='ocr_page' id='page_1' title='image "./povidiinasoniso04burmgoog_0251.png"; bbox 0 0 2812 5010; ppageno 0'>
   <div class='ocr_carea' id='block_1_1' title="bbox 156 315 910 389">
    <p class='ocr_par' dir='ltr' id='par_1_1' title="bbox 156 315 910 389">
     <span class='ocr_line' id='line_1_1' title="bbox 156 315 910 389; baseline -0.011 0"><span class='ocrx_word' id='word_1_1' title='bbox 156 323 221 389; x_wconf 71' lang='lat'>240</span> <span class='ocrx_word' id='word_1_2' title='bbox 432 317 673 386; x_wconf 79' lang='lat' dir='ltr'>.P.0t⁷1n11</span> <span class='ocrx_word' id='word_1_3' title='bbox 698 315 910 384; x_wconf 87' lang='lat' dir='ltr'>NASONIS</span> 
     </span>
    </p>
   </div>
   <div class='ocr_carea' id='block_1_2' title="bbox 158 491 1211 1872">
    <p class='ocr_par' dir='ltr' id='par_1_2' title="bbox 160 491 1005 593">
     <span class='ocr_line' id='line_1_2' title="bbox 160 491 1005 593; baseline -0.007 -23"><span class='ocrx_word' id='word_1_4' title='bbox 160 495 244 570; x_wconf 86' lang='lat' dir='ltr'>Nee</span> <span class='ocrx_word' id='word_1_5' title='bbox 262 497 329 593; x_wconf 88' lang='lat' dir='ltr'>pro</span> <span class='ocrx_word' id='word_1_6' title='bbox 347 493 504 568; x_wconf 90' lang='lat' dir='ltr'>materia</span> <span class='ocrx_word' id='word_1_7' title='bbox 519 491 636 568; x_wconf 88' lang='lat' dir='ltr'>fertur</span> <span class='ocrx_word' id='word_1_8' title='bbox 654 491 841 566; x_wconf 84' lang='lat' dir='ltr'>doluisse:</span> <span class='ocrx_word' id='word_1_9' title='bbox 870 493 1005 589; x_wconf 90' lang='lat' dir='ltr'>suique</span> 
     </span>
    </p>

    <p class='ocr_par' dir='ltr' id='par_1_3' title="bbox 158 607 1211 1056">
     <span class='ocr_line' id='line_1_3' title="bbox 158 607 1211 685; baseline -0.008 0"><span class='ocrx_word' id='word_1_10' title='bbox 158 610 305 685; x_wconf 89' lang='lat' dir='ltr'>Judicis</span> <span class='ocrx_word' id='word_1_11' title='bbox 323 620 464 684; x_wconf 85' lang='lat' dir='ltr'>aeterna</span> <span class='ocrx_word' id='word_1_12' title='bbox 480 608 672 682; x_wconf 90' lang='lat' dir='ltr'>damnavit</span> <span class='ocrx_word' id='word_1_13' title='bbox 688 607 831 681; x_wconf 91' lang='lat' dir='ltr'>lumina</span> <span class='ocrx_word' id='word_1_14' title='bbox 846 616 970 682; x_wconf 88' lang='lat' dir='ltr'>nocte.</span> <span class='ocrx_word' id='word_1_15' title='bbox 1134 609 1211 678; x_wconf 85' lang='lat'>335</span> 
     </span>
     <span class='ocr_line' id='line_1_4' title="bbox 158 720 1209 825; baseline -0.007 -25"><span class='ocrx_word' id='word_1_16' title='bbox 158 727 212 800; x_wconf 76' lang='lat' dir='ltr'>At</span> <span class='ocrx_word' id='word_1_17' title='bbox 228 735 336 825; x_wconf 92' lang='lat' dir='ltr'>pater</span> <span class='ocrx_word' id='word_1_18' title='bbox 360 725 611 822; x_wconf 73' lang='lat' dir='ltr'>omnipotens</span> <span class='ocrx_word' id='word_1_19' title='bbox 631 746 756 821; x_wconf 90' lang='lat' dir='ltr'>neque</span> <span class='ocrx_word' id='word_1_20' title='bbox 775 723 876 798; x_wconf 89' lang='lat' dir='ltr'>enirn</span> <span class='ocrx_word' id='word_1_21' title='bbox 899 723 991 797; x_wconf 89' lang='lat' dir='ltr'>licet</span> <span class='ocrx_word' id='word_1_22' title='bbox 1007 721 1110 795; x_wconf 90' lang='lat' dir='ltr'>irrita</span> <span class='ocrx_word' id='word_1_23' title='bbox 1128 720 1209 794; x_wconf 89' lang='lat' dir='ltr'>cui-</span> 
     </span>
     <span class='ocr_line' id='line_1_5' title="bbox 160 839 1211 940; baseline -0.009 -23"><span class='ocrx_word' id='word_1_24' title='bbox 160 843 277 917; x_wconf 83' lang='lat' dir='ltr'>Facta</span> <span class='ocrx_word' id='word_1_25' title='bbox 294 842 366 916; x_wconf 90' lang='lat' dir='ltr'>Dei</span> <span class='ocrx_word' id='word_1_26' title='bbox 379 842 515 915; x_wconf 83' lang='lat' dir='ltr'>fecisse</span> <span class='ocrx_word' id='word_1_27' title='bbox 531 842 627 928; x_wconf 91' lang='lat' dir='ltr'>De0,</span> <span class='ocrx_word' id='word_1_28' title='bbox 643 865 711 940; x_wconf 93' lang='lat' dir='ltr'>pro</span> <span class='ocrx_word' id='word_1_29' title='bbox 724 841 866 915; x_wconf 91' lang='lat' dir='ltr'>lumine</span> <span class='ocrx_word' id='word_1_30' title='bbox 882 842 1060 937; x_wconf 89' lang='lat' dir='ltr'>adempto</span> <span class='ocrx_word' id='word_1_31' title='bbox 1074 839 1211 935; x_wconf 88' lang='lat' dir='ltr'>[quam</span> 
     </span>
     <span class='ocr_line' id='line_1_6' title="bbox 161 956 1117 1056; baseline -0.006 -22"><span class='ocrx_word' id='word_1_32' title='bbox 161 960 266 1034; x_wconf 88' lang='lat' dir='ltr'>Scire</span> <span class='ocrx_word' id='word_1_33' title='bbox 284 959 409 1032; x_wconf 86' lang='lat' dir='ltr'>futura</span> <span class='ocrx_word' id='word_1_34' title='bbox 426 957 543 1045; x_wconf 85' lang='lat' dir='ltr'><strong>dedit,</strong></span> <span class='ocrx_word' id='word_1_35' title='bbox 563 981 788 1056; x_wconf 82' lang='lat' dir='ltr'>poenamque</span> <span class='ocrx_word' id='word_1_36' title='bbox 805 956 943 1030; x_wconf 91' lang='lat' dir='ltr'>levavit</span> <span class='ocrx_word' id='word_1_37' title='bbox 960 956 1117 1029; x_wconf 79' lang='lat' dir='ltr'>honore.-</span> 
     </span>
    </p>

    <p class='ocr_par' dir='ltr' id='par_1_4' title="bbox 159 1069 1211 1872">
     <span class='ocr_line' id='line_1_7' title="bbox 208 1069 1162 1173; baseline -0.006 -26"><span class='ocrx_word' id='word_1_38' title='bbox 208 1076 255 1148; x_wconf 88' lang='lat' dir='ltr'>V.</span> <span class='ocrx_word' id='word_1_39' title='bbox 285 1075 354 1148; x_wconf 89' lang='lat' dir='ltr'>Ille</span> <span class='ocrx_word' id='word_1_40' title='bbox 372 1098 440 1173; x_wconf 91' lang='lat' dir='ltr'>per</span> <span class='ocrx_word' id='word_1_41' title='bbox 459 1073 610 1162; x_wconf 90' lang='lat' dir='ltr'>Aonias,</span> <span class='ocrx_word' id='word_1_42' title='bbox 630 1072 731 1146; x_wconf 88' lang='lat' dir='ltr'>fama</span> <span class='ocrx_word' id='word_1_43' title='bbox 748 1072 1027 1158; x_wconf 90' lang='lat' dir='ltr'>celeberrimus,</span> <span class='ocrx_word' id='word_1_44' title='bbox 1046 1069 1162 1144; x_wconf 87' lang='lat' dir='ltr'>urbes</span> 
     </span>
     <span class='ocr_line' id='line_1_8' title="bbox 159 1186 1211 1289; baseline -0.008 -24"><span class='ocrx_word' id='word_1_45' title='bbox 159 1191 425 1289; x_wconf 88' lang='lat' dir='ltr'>Irreprehensa</span> <span class='ocrx_word' id='word_1_46' title='bbox 443 1191 560 1262; x_wconf 93' lang='lat' dir='ltr'>dabat</span> <span class='ocrx_word' id='word_1_47' title='bbox 576 1190 715 1288; x_wconf 90' lang='lat' dir='ltr'>populo</span> <span class='ocrx_word' id='word_1_48' title='bbox 733 1213 914 1288; x_wconf 90' lang='lat' dir='ltr'>responsa</span> <span class='ocrx_word' id='word_1_49' title='bbox 931 1186 1087 1287; x_wconf 89' lang='lat' dir='ltr'>petenti.</span> <span class='ocrx_word' id='word_1_50' title='bbox 1105 1245 1108 1249; x_wconf 86' lang='lat'>.</span> <span class='ocrx_word' id='word_1_51' title='bbox 1134 1189 1211 1258; x_wconf 92' lang='grc'>340</span> 
     </span>
     <span class='ocr_line' id='line_1_9' title="bbox 160 1302 1091 1404; baseline -0.008 -23"><span class='ocrx_word' id='word_1_52' title='bbox 160 1308 289 1382; x_wconf 88' lang='lat' dir='ltr'>Prima</span> <span class='ocrx_word' id='word_1_53' title='bbox 304 1308 379 1381; x_wconf 92' lang='lat' dir='ltr'>fide</span> <span class='ocrx_word' id='word_1_54' title='bbox 397 1307 575 1404; x_wconf 91' lang='lat' dir='ltr'>vocisque</span> <span class='ocrx_word' id='word_1_55' title='bbox 593 1315 684 1380; x_wconf 87' lang='lat' dir='ltr'>ratae</span> <span class='ocrx_word' id='word_1_56' title='bbox 702 1306 912 1380; x_wconf 83' lang='lat' dir='ltr'><strong>tentamina</strong></span> <span class='ocrx_word' id='word_1_57' title='bbox 929 1302 1091 1402; x_wconf 86' lang='lat' dir='ltr'>sumpsit</span> 
     </span>
     <span class='ocr_line' id='line_1_10' title="bbox 161 1419 1160 1523; baseline -0.008 -25"><span class='ocrx_word' id='word_1_58' title='bbox 161 1423 312 1498; x_wconf 86' lang='lat' dir='ltr'>Caerula</span> <span class='ocrx_word' id='word_1_59' title='bbox 329 1424 499 1523; x_wconf 87' lang='lat' dir='ltr'>Liriope:</span> <span class='ocrx_word' id='word_1_60' title='bbox 529 1447 644 1522; x_wconf 88' lang='lat' dir='ltr'>quam</span> <span class='ocrx_word' id='word_1_61' title='bbox 662 1421 854 1520; x_wconf 89' lang='lat' dir='ltr'>quondam</span> <span class='ocrx_word' id='word_1_62' title='bbox 871 1419 1025 1494; x_wconf 90' lang='lat' dir='ltr'>flumine</span> <span class='ocrx_word' id='word_1_63' title='bbox 1043 1442 1160 1492; x_wconf 88' lang='lat' dir='ltr'>curvo</span> 
     </span>
     <span class='ocr_line' id='line_1_11' title="bbox 160 1533 1090 1639; baseline -0.005 -27"><span class='ocrx_word' id='word_1_64' title='bbox 160 1539 363 1639; x_wconf 90' lang='lat' dir='ltr'>Implicuit,</span> <span class='ocrx_word' id='word_1_65' title='bbox 383 1540 599 1638; x_wconf 89' lang='lat' dir='ltr'>clausaeque</span> <span class='ocrx_word' id='word_1_66' title='bbox 615 1533 694 1613; x_wconf 87' lang='lat' dir='ltr'>suis</span> <span class='ocrx_word' id='word_1_67' title='bbox 713 1539 903 1638; x_wconf 86' lang='lat' dir='ltr'>Cephisos</span> <span class='ocrx_word' id='word_1_68' title='bbox 921 1538 960 1611; x_wconf 93' lang='lat' dir='ltr'>in</span> <span class='ocrx_word' id='word_1_69' title='bbox 978 1534 1090 1609; x_wconf 92' lang='lat' dir='ltr'>undis</span> 
     </span>
     <span class='ocr_line' id='line_1_12' title="bbox 159 1652 1210 1756; baseline -0.003 -30"><span class='ocrx_word' id='word_1_70' title='bbox 159 1655 247 1729; x_wconf 91' lang='lat' dir='ltr'>Vim</span> <span class='ocrx_word' id='word_1_71' title='bbox 264 1657 372 1732; x_wconf 93' lang='lat' dir='ltr'>tulit:</span> <span class='ocrx_word' id='word_1_72' title='bbox 403 1658 514 1731; x_wconf 89' lang='lat' dir='ltr'>enixa</span> <span class='ocrx_word' id='word_1_73' title='bbox 531 1667 591 1732; x_wconf 88' lang='lat' dir='ltr'>est</span> <span class='ocrx_word' id='word_1_74' title='bbox 606 1668 714 1732; x_wconf 87' lang='lat' dir='ltr'>utero</span> <span class='ocrx_word' id='word_1_75' title='bbox 731 1653 985 1756; x_wconf 89' lang='lat' dir='ltr'>pulcherrima</span> <span class='ocrx_word' id='word_1_76' title='bbox 1001 1652 1115 1752; x_wconf 89' lang='lat' dir='ltr'>pleno</span> <span class='ocrx_word' id='word_1_77' title='bbox 1133 1654 1210 1723; x_wconf 92' lang='grc'><strong>344</strong></span> 
     </span>
     <span class='ocr_line' id='line_1_13' title="bbox 160 1765 1176 1872; baseline -0.005 -29"><span class='ocrx_word' id='word_1_78' title='bbox 160 1770 359 1860; x_wconf 82' lang='lat' dir='ltr'><strong>Infantem,</strong></span> <span class='ocrx_word' id='word_1_79' title='bbox 381 1773 570 1872; x_wconf 89' lang='lat' dir='ltr'>Nymphis</span> <span class='ocrx_word' id='word_1_80' title='bbox 584 1774 664 1872; x_wconf 91' lang='lat' dir='ltr'>jam</span> <span class='ocrx_word' id='word_1_81' title='bbox 682 1796 781 1846; x_wconf 90' lang='lat' dir='ltr'>nunc</span> <span class='ocrx_word' id='word_1_82' title='bbox 800 1771 866 1868; x_wconf 92' lang='lat' dir='ltr'>qui</span> <span class='ocrx_word' id='word_1_83' title='bbox 883 1778 1013 1869; x_wconf 89' lang='lat' dir='ltr'>posset</span> <span class='ocrx_word' id='word_1_84' title='bbox 1030 1765 1148 1842; x_wconf 90' lang='lat' dir='ltr'>amari</span> <span class='ocrx_word' id='word_1_85' title='bbox 1167 1794 1176 1853; x_wconf 94' lang='grc'>;</span> 
     </span>
    </p>
   </div>
   <div class='ocr_carea' id='block_1_3' title="bbox 156 1951 1282 3867">
    <p class='ocr_par' dir='ltr' id='par_1_5' title="bbox 156 1951 1282 3867">
     <span class='ocr_line' id='line_1_14' title="bbox 160 1951 1213 2021; baseline -0.005 -17"><span class='ocrx_word' id='word_1_86' title='bbox 160 1955 263 2004; x_wconf 80' lang='lat' dir='ltr'>materia</span> <span class='ocrx_word' id='word_1_87' title='bbox 271 1955 368 2005; x_wconf 84' lang='lat' dir='ltr'>levitas:</span> <span class='ocrx_word' id='word_1_88' title='bbox 380 1958 467 2007; x_wconf 78' lang='lat' dir='ltr'>x.l³3.</span> <span class='ocrx_word' id='word_1_89' title='bbox 484 1957 524 2005; x_wconf 88' lang='lat' dir='ltr'>Ita</span> <span class='ocrx_word' id='word_1_90' title='bbox 532 1974 660 2021; x_wconf 64' lang='lat' dir='ltr'>prorem</span> <span class='ocrx_word' id='word_1_91' title='bbox 710 1957 787 2006; x_wconf 81' lang='lat' dir='ltr'>Ectus</span> <span class='ocrx_word' id='word_1_92' title='bbox 801 1955 891 2012; x_wconf 88' lang='lat' dir='ltr'>sabula,</span> <span class='ocrx_word' id='word_1_93' title='bbox 903 1954 923 2002; x_wconf 90' lang='lat' dir='ltr'>si</span> <span class='ocrx_word' id='word_1_94' title='bbox 937 1954 1038 2009; x_wconf 87' lang='lat' dir='ltr'>abesset,</span> <span class='ocrx_word' id='word_1_95' title='bbox 1053 1967 1101 2000; x_wconf 89' lang='lat' dir='ltr'>non</span> <span class='ocrx_word' id='word_1_96' title='bbox 1116 1951 1213 2000; x_wconf 88' lang='lat' dir='ltr'>deside-</span> 
     </span>
     <span class='ocr_line' id='line_1_15' title="bbox 161 2026 1214 2093; baseline -0.004 -15"><span class='ocrx_word' id='word_1_97' title='bbox 161 2033 286 2093; x_wconf 81' lang='lat' dir='ltr'>majestcte,</span> <span class='ocrx_word' id='word_1_98' title='bbox 298 2031 367 2080; x_wconf 87' lang='lat' dir='ltr'>Lucr.</span> <span class='ocrx_word' id='word_1_99' title='bbox 377 2047 401 2080; x_wconf 93' lang='lat' dir='ltr'>v.</span> <span class='ocrx_word' id='word_1_100' title='bbox 411 2034 436 2080; x_wconf 84' lang='lat'>2.</span> <span class='ocrx_word' id='word_1_101' title='bbox 708 2042 814 2090; x_wconf 70' lang='lat' dir='ltr'>teretur,</span> <span class='ocrx_word' id='word_1_102' title='bbox 841 2043 942 2092; x_wconf 86' lang='lat' dir='ltr'>eamque</span> <span class='ocrx_word' id='word_1_103' title='bbox 964 2034 1064 2093; x_wconf 89' lang='lat' dir='ltr'>apparet</span> <span class='ocrx_word' id='word_1_104' title='bbox 1085 2039 1101 2072; x_wconf 91' lang='lat' dir='ltr'>a</span> <span class='ocrx_word' id='word_1_105' title='bbox 1123 2026 1214 2074; x_wconf 91' lang='lat' dir='ltr'>Nostro</span> 
     </span>
     <span class='ocr_line' id='line_1_16' title="bbox 171 2100 1212 2169; baseline -0.007 -12"><span class='ocrx_word' id='word_1_106' title='bbox 171 2152 173 2157; x_wconf 93' lang='lat'>.</span> <span class='ocrx_word' id='word_1_107' title='bbox 193 2106 249 2153; x_wconf 83' lang='grc'><strong>336.</strong></span> <span class='ocrx_word' id='word_1_108' title='bbox 266 2105 364 2155; x_wconf 81' lang='lat' dir='ltr'>AEterno</span> <span class='ocrx_word' id='word_1_109' title='bbox 378 2108 569 2156; x_wconf 79' lang='lat' dir='ltr'>damaovitaoete</span> <span class='ocrx_word' id='word_1_110' title='bbox 582 2103 660 2169; x_wconf 79' lang='lat' dir='ltr'>gravi-</span> <span class='ocrx_word' id='word_1_111' title='bbox 708 2105 821 2153; x_wconf 86' lang='lat' dir='ltr'>insertam</span> <span class='ocrx_word' id='word_1_112' title='bbox 842 2119 901 2160; x_wconf 88' lang='lat' dir='ltr'>esse,</span> <span class='ocrx_word' id='word_1_113' title='bbox 924 2111 995 2167; x_wconf 87' lang='lat' dir='ltr'>atque</span> <span class='ocrx_word' id='word_1_114' title='bbox 1017 2100 1139 2150; x_wconf 88' lang='lat' dir='ltr'>commode</span> <span class='ocrx_word' id='word_1_115' title='bbox 1166 2101 1212 2150; x_wconf 91' lang='lat' dir='ltr'>sub</span> 
     </span>
     <span class='ocr_line' id='line_1_17' title="bbox 159 2172 1214 2245; baseline -0.003 -18"><span class='ocrx_word' id='word_1_116' title='bbox 159 2172 195 2228; x_wconf 83' lang='lat' dir='ltr'>ter</span> <span class='ocrx_word' id='word_1_117' title='bbox 215 2179 398 2229; x_wconf 78' lang='lat' dir='ltr'>excecationem</span> <span class='ocrx_word' id='word_1_118' title='bbox 420 2180 537 2245; x_wconf 85' lang='lat' dir='ltr'>exprimit.</span> <span class='ocrx_word' id='word_1_119' title='bbox 582 2180 660 2243; x_wconf 78' lang='lat' dir='ltr'>Neque</span> <span class='ocrx_word' id='word_1_120' title='bbox 707 2181 779 2228; x_wconf 86' lang='lat' dir='ltr'>finem</span> <span class='ocrx_word' id='word_1_121' title='bbox 791 2177 932 2227; x_wconf 86' lang='lat' dir='ltr'>adhibitam.</span> <span class='ocrx_word' id='word_1_122' title='bbox 950 2178 1039 2225; x_wconf 83' lang='lat' dir='ltr'><strong>Extant</strong></span> <span class='ocrx_word' id='word_1_123' title='bbox 1051 2174 1153 2224; x_wconf 89' lang='lat' dir='ltr'>Ausonii</span> <span class='ocrx_word' id='word_1_124' title='bbox 1164 2175 1214 2224; x_wconf 92' lang='lat' dir='ltr'>duo</span> 
     </span>
     <span class='ocr_line' id='line_1_18' title="bbox 161 2247 1213 2320; baseline -0.004 -18"><span class='ocrx_word' id='word_1_125' title='bbox 161 2257 221 2302; x_wconf 78' lang='lat' dir='ltr'>caim</span> <span class='ocrx_word' id='word_1_126' title='bbox 233 2255 293 2312; x_wconf 81' lang='lat' dir='ltr'>licet,</span> <span class='ocrx_word' id='word_1_127' title='bbox 304 2262 351 2303; x_wconf 87' lang='lat' dir='ltr'>etc.</span> <span class='ocrx_word' id='word_1_128' title='bbox 365 2253 414 2303; x_wconf 88' lang='lat' dir='ltr'>Vid</span> <span class='ocrx_word' id='word_1_129' title='bbox 426 2254 464 2303; x_wconf 84' lang='lat' dir='ltr'>ad.</span> <span class='ocrx_word' id='word_1_130' title='bbox 475 2254 502 2303; x_wconf 93' lang='lat' dir='ltr'>ii.</span> <span class='ocrx_word' id='word_1_131' title='bbox 516 2255 572 2304; x_wconf 87' lang='grc'><strong>677.</strong></span> <span class='ocrx_word' id='word_1_132' title='bbox 596 2255 660 2302; x_wconf 77' lang='lat' dir='ltr'>Scire</span> <span class='ocrx_word' id='word_1_133' title='bbox 708 2254 888 2320; x_wconf 87' lang='lat' dir='ltr'>epigrammata,</span> <span class='ocrx_word' id='word_1_134' title='bbox 903 2253 931 2299; x_wconf 93' lang='lat' dir='ltr'>ll</span> <span class='ocrx_word' id='word_1_135' title='bbox 942 2250 1018 2299; x_wconf 80' lang='lat' dir='ltr'>etse.</span> <span class='ocrx_word' id='word_1_136' title='bbox 1030 2248 1056 2298; x_wconf 91' lang='lat' dir='ltr'>in</span> <span class='ocrx_word' id='word_1_137' title='bbox 1066 2248 1142 2305; x_wconf 87' lang='lat' dir='ltr'>Echo,</span> <span class='ocrx_word' id='word_1_138' title='bbox 1155 2247 1213 2298; x_wconf 90' lang='lat' dir='ltr'>toti-</span> 
     </span>
     <span class='ocr_line' id='line_1_19' title="bbox 160 2323 1212 2393; baseline -0.002 -17"><span class='ocrx_word' id='word_1_139' title='bbox 160 2330 223 2376; x_wconf 77' lang='lat' dir='ltr'>derlit</span> <span class='ocrx_word' id='word_1_140' title='bbox 235 2327 329 2384; x_wconf 81' lang='lat' dir='ltr'>Graece,</span> <span class='ocrx_word' id='word_1_141' title='bbox 341 2327 408 2377; x_wconf 90' lang='lat' dir='ltr'>dedit</span> <span class='ocrx_word' id='word_1_142' title='bbox 420 2327 551 2376; x_wconf 88' lang='lat' dir='ltr'>scientiam.</span> <span class='ocrx_word' id='word_1_143' title='bbox 584 2328 657 2376; x_wconf 79' lang='lat' dir='ltr'>Leva-</span> <span class='ocrx_word' id='word_1_144' title='bbox 709 2328 819 2393; x_wconf 86' lang='lat' dir='ltr'>demque,</span> <span class='ocrx_word' id='word_1_145' title='bbox 841 2328 873 2376; x_wconf 88' lang='lat'>97</span> <span class='ocrx_word' id='word_1_146' title='bbox 899 2335 923 2375; x_wconf 89' lang='lat' dir='ltr'>et</span> <span class='ocrx_word' id='word_1_147' title='bbox 944 2327 986 2374; x_wconf 87' lang='grc'>98.</span> <span class='ocrx_word' id='word_1_148' title='bbox 1009 2324 1034 2374; x_wconf 91' lang='lat' dir='ltr'>in</span> <span class='ocrx_word' id='word_1_149' title='bbox 1059 2323 1212 2374; x_wconf 87' lang='lat' dir='ltr'>Narcissum.</span> 
     </span>
     <span class='ocr_line' id='line_1_20' title="bbox 159 2397 1214 2467; baseline -0.003 -17"><span class='ocrx_word' id='word_1_150' title='bbox 159 2404 201 2458; x_wconf 81' lang='lat' dir='ltr'>vit,</span> <span class='ocrx_word' id='word_1_151' title='bbox 209 2399 391 2449; x_wconf 89' lang='lat' dir='ltr'>tolerabiliorem</span> <span class='ocrx_word' id='word_1_152' title='bbox 399 2401 510 2450; x_wconf 90' lang='lat' dir='ltr'>reddidit.</span> <span class='ocrx_word' id='word_1_153' title='bbox 526 2400 600 2467; x_wconf 88' lang='lat' dir='ltr'>Apud</span> <span class='ocrx_word' id='word_1_154' title='bbox 608 2403 657 2450; x_wconf 89' lang='lat' dir='ltr'>Ho·</span> <span class='ocrx_word' id='word_1_155' title='bbox 708 2403 803 2457; x_wconf 83' lang='lat' dir='ltr'>Aonias,</span> <span class='ocrx_word' id='word_1_156' title='bbox 824 2399 945 2449; x_wconf 85' lang='lat' dir='ltr'>Boeotias:</span> <span class='ocrx_word' id='word_1_157' title='bbox 974 2398 1029 2447; x_wconf 90' lang='lat' dir='ltr'>vide</span> <span class='ocrx_word' id='word_1_158' title='bbox 1051 2397 1082 2447; x_wconf 91' lang='lat' dir='ltr'>ad</span> <span class='ocrx_word' id='word_1_159' title='bbox 1102 2413 1151 2446; x_wconf 88' lang='lat' dir='ltr'>ver.</span> <span class='ocrx_word' id='word_1_160' title='bbox 1172 2400 1214 2447; x_wconf 82' lang='lat'>13.</span> 
     </span>
     <span class='ocr_line' id='line_1_21' title="bbox 159 2472 1214 2537; baseline 0 -16"><span class='ocrx_word' id='word_1_161' title='bbox 159 2489 260 2529; x_wconf 86' lang='lat' dir='ltr'>merum,</span> <span class='ocrx_word' id='word_1_162' title='bbox 277 2473 325 2522; x_wconf 91' lang='lat' dir='ltr'>0d.</span> <span class='ocrx_word' id='word_1_163' title='bbox 340 2479 370 2523; x_wconf 86' lang='grc' dir='ltr'><strong>Θ.</strong></span> <span class='ocrx_word' id='word_1_164' title='bbox 386 2474 426 2522; x_wconf 89' lang='grc'><strong>64.</strong></span> <span class='ocrx_word' id='word_1_165' title='bbox 443 2474 574 2523; x_wconf 85' lang='lat' dir='ltr'>Demodoci</span> <span class='ocrx_word' id='word_1_166' title='bbox 589 2474 658 2523; x_wconf 79' lang='lat' dir='ltr'>creci-</span> <span class='ocrx_word' id='word_1_167' title='bbox 709 2476 879 2537; x_wconf 81' lang='lat' dir='ltr'>Irrepreheora,</span> <span class='ocrx_word' id='word_1_168' title='bbox 902 2480 977 2528; x_wconf 87' lang='lat' dir='ltr'>certa,</span> <span class='ocrx_word' id='word_1_169' title='bbox 1000 2472 1087 2536; x_wconf 89' lang='lat' dir='ltr'>quibus</span> <span class='ocrx_word' id='word_1_170' title='bbox 1111 2481 1214 2521; x_wconf 88' lang='lat' dir='ltr'>eventus</span> 
     </span>
     <span class='ocr_line' id='line_1_22' title="bbox 159 2545 1213 2611; baseline -0.002 -14"><span class='ocrx_word' id='word_1_171' title='bbox 159 2557 232 2597; x_wconf 85' lang='lat' dir='ltr'>tatem</span> <span class='ocrx_word' id='word_1_172' title='bbox 240 2549 312 2596; x_wconf 90' lang='lat' dir='ltr'>Musa</span> <span class='ocrx_word' id='word_1_173' title='bbox 319 2547 439 2596; x_wconf 81' lang='lat' dir='ltr'>levaverat</span> <span class='ocrx_word' id='word_1_174' title='bbox 446 2556 495 2597; x_wconf 87' lang='lat' dir='ltr'>arte</span> <span class='ocrx_word' id='word_1_175' title='bbox 504 2548 593 2597; x_wconf 89' lang='lat' dir='ltr'>musica</span> <span class='ocrx_word' id='word_1_176' title='bbox 602 2564 658 2597; x_wconf 86' lang='lat' dir='ltr'>can·</span> <span class='ocrx_word' id='word_1_177' title='bbox 708 2557 835 2599; x_wconf 85' lang='lat' dir='ltr'>constaret.</span> <span class='ocrx_word' id='word_1_178' title='bbox 869 2549 1010 2610; x_wconf 70' lang='lat' dir='ltr'>Respondete</span> <span class='ocrx_word' id='word_1_179' title='bbox 1020 2545 1114 2611; x_wconf 86' lang='lat' dir='ltr'>proprie</span> <span class='ocrx_word' id='word_1_180' title='bbox 1123 2545 1213 2595; x_wconf 90' lang='lat' dir='ltr'>dicun-</span> 
     </span>
     <span class='ocr_line' id='line_1_23' title="bbox 160 2619 1213 2686; baseline -0.001 -15"><span class='ocrx_word' id='word_1_181' title='bbox 160 2630 234 2686; x_wconf 89' lang='lat' dir='ltr'>tuque</span> <span class='ocrx_word' id='word_1_182' title='bbox 244 2621 318 2669; x_wconf 90' lang='lat' dir='ltr'>dulci.</span> <span class='ocrx_word' id='word_1_183' title='bbox 345 2622 504 2678; x_wconf 82' lang='lat' dir='ltr'>Honore,arte</span> <span class='ocrx_word' id='word_1_184' title='bbox 514 2621 650 2670; x_wconf 82' lang='lat' dir='ltr'>honorifica.</span> <span class='ocrx_word' id='word_1_185' title='bbox 707 2631 747 2672; x_wconf 87' lang='lat' dir='ltr'>tur</span> <span class='ocrx_word' id='word_1_186' title='bbox 762 2631 843 2671; x_wconf 84' lang='lat' dir='ltr'>vates:</span> <span class='ocrx_word' id='word_1_187' title='bbox 859 2620 915 2670; x_wconf 88' lang='lat' dir='ltr'>vide</span> <span class='ocrx_word' id='word_1_188' title='bbox 929 2621 1042 2669; x_wconf 81' lang='lat' dir='ltr'>Munlrer.</span> <span class='ocrx_word' id='word_1_189' title='bbox 1058 2619 1088 2668; x_wconf 87' lang='lat' dir='ltr'>ad</span> <span class='ocrx_word' id='word_1_190' title='bbox 1106 2620 1213 2670; x_wconf 87' lang='lat' dir='ltr'>Laetan-</span> 
     </span>
     <span class='ocr_line' id='line_1_24' title="bbox 191 2695 1032 2760; baseline -0.001 -16"><span class='ocrx_word' id='word_1_191' title='bbox 191 2697 329 2744; x_wconf 74' lang='lat' dir='ltr'>ate-510.</span> <span class='ocrx_word' id='word_1_192' title='bbox 354 2695 400 2747; x_wconf 73' lang='lat' dir='ltr'>Hie</span> <span class='ocrx_word' id='word_1_193' title='bbox 418 2713 460 2758; x_wconf 82' lang='lat' dir='ltr'>per</span> <span class='ocrx_word' id='word_1_194' title='bbox 481 2697 573 2751; x_wconf 76' lang='lat' dir='ltr'>Aonius,</span> <span class='ocrx_word' id='word_1_195' title='bbox 593 2696 656 2759; x_wconf 67' lang='lat' dir='ltr'>etc]</span> <span class='ocrx_word' id='word_1_196' title='bbox 708 2696 778 2753; x_wconf 87' lang='lat' dir='ltr'>tium,</span> <span class='ocrx_word' id='word_1_197' title='bbox 790 2696 890 2760; x_wconf 75' lang='lat' dir='ltr'>Argum.</span> <span class='ocrx_word' id='word_1_198' title='bbox 929 2729 933 2738; x_wconf 80' lang='grc'><strong>.</strong></span> <span class='ocrx_word' id='word_1_199' title='bbox 1031 2723 1032 2726; x_wconf 62' lang='lat'><em>=</em></span> 
     </span>
     <span class='ocr_line' id='line_1_25' title="bbox 159 2767 1214 2833; baseline -0.002 -15"><span class='ocrx_word' id='word_1_200' title='bbox 159 2770 226 2818; x_wconf 89' lang='lat' dir='ltr'>Dum</span> <span class='ocrx_word' id='word_1_201' title='bbox 243 2769 378 2833; x_wconf 86' lang='lat' dir='ltr'>exemplum</span> <span class='ocrx_word' id='word_1_202' title='bbox 395 2769 462 2833; x_wconf 92' lang='lat' dir='ltr'>ponit</span> <span class='ocrx_word' id='word_1_203' title='bbox 480 2769 538 2817; x_wconf 90' lang='lat' dir='ltr'>artis</span> <span class='ocrx_word' id='word_1_204' title='bbox 554 2767 660 2826; x_wconf 81' lang='lat' dir='ltr'>Tiresiae,</span> <span class='ocrx_word' id='word_1_205' title='bbox 743 2773 799 2819; x_wconf 82' lang='lat'>341.</span> <span class='ocrx_word' id='word_1_206' title='bbox 815 2768 1107 2833; x_wconf 70' lang='lat' dir='ltr'>Fidiantiqueprofidai.</span> <span class='ocrx_word' id='word_1_207' title='bbox 1141 2767 1214 2817; x_wconf 74' lang='lat' dir='ltr'>Fides</span> 
     </span>
     <span class='ocr_line' id='line_1_26' title="bbox 159 2840 1215 2908; baseline 0.001 -20"><span class='ocrx_word' id='word_1_208' title='bbox 159 2841 282 2889; x_wconf 87' lang='lat' dir='ltr'>commode</span> <span class='ocrx_word' id='word_1_209' title='bbox 304 2857 366 2890; x_wconf 87' lang='lat' dir='ltr'>nova</span> <span class='ocrx_word' id='word_1_210' title='bbox 384 2841 499 2890; x_wconf 87' lang='lat' dir='ltr'>intexitur</span> <span class='ocrx_word' id='word_1_211' title='bbox 519 2841 609 2897; x_wconf 83' lang='lat' dir='ltr'>fabula,</span> <span class='ocrx_word' id='word_1_212' title='bbox 630 2857 660 2890; x_wconf 87' lang='lat' dir='ltr'>ex</span> <span class='ocrx_word' id='word_1_213' title='bbox 710 2852 790 2893; x_wconf 86' lang='lat' dir='ltr'>autem</span> <span class='ocrx_word' id='word_1_214' title='bbox 800 2859 863 2892; x_wconf 93' lang='lat' dir='ltr'>nunc</span> <span class='ocrx_word' id='word_1_215' title='bbox 874 2842 1058 2908; x_wconf 87' lang='lat' dir='ltr'>capiendum,nt</span> <span class='ocrx_word' id='word_1_216' title='bbox 1068 2840 1093 2889; x_wconf 94' lang='lat' dir='ltr'>in</span> <span class='ocrx_word' id='word_1_217' title='bbox 1095 2841 1148 2904; x_wconf 80' lang='lat' dir='ltr'>fide</span> <span class='ocrx_word' id='word_1_218' title='bbox 1158 2845 1215 2907; x_wconf 78' lang='lat' dir='ltr'>dig-</span> 
     </span>
     <span class='ocr_line' id='line_1_27' title="bbox 160 2915 1215 2979; baseline 0.002 -17"><span class='ocrx_word' id='word_1_219' title='bbox 160 2930 209 2979; x_wconf 90' lang='lat' dir='ltr'>qna</span> <span class='ocrx_word' id='word_1_220' title='bbox 226 2931 304 2963; x_wconf 77' lang='lat' dir='ltr'>misus</span> <span class='ocrx_word' id='word_1_221' title='bbox 322 2915 370 2963; x_wconf 91' lang='lat' dir='ltr'>alia</span> <span class='ocrx_word' id='word_1_222' title='bbox 387 2923 438 2965; x_wconf 90' lang='lat' dir='ltr'>orta</span> <span class='ocrx_word' id='word_1_223' title='bbox 453 2923 497 2965; x_wconf 87' lang='lat' dir='ltr'>est.</span> <span class='ocrx_word' id='word_1_224' title='bbox 531 2916 661 2972; x_wconf 69' lang='lat' dir='ltr'>Narcissum,</span> <span class='ocrx_word' id='word_1_225' title='bbox 710 2934 762 2965; x_wconf 79' lang='lat' dir='ltr'>aus.</span> <span class='ocrx_word' id='word_1_226' title='bbox 796 2918 860 2965; x_wconf 82' lang='lat' dir='ltr'>Vocis</span> <span class='ocrx_word' id='word_1_227' title='bbox 873 2927 937 2972; x_wconf 73' lang='lat' dir='ltr'>rate,</span> <span class='ocrx_word' id='word_1_228' title='bbox 948 2915 1053 2964; x_wconf 89' lang='lat' dir='ltr'>vaticinii</span> <span class='ocrx_word' id='word_1_229' title='bbox 1068 2915 1136 2964; x_wconf 87' lang='lat' dir='ltr'>certi.</span> <span class='ocrx_word' id='word_1_230' title='bbox 1170 2916 1215 2964; x_wconf 83' lang='lat' dir='ltr'>Li·</span> 
     </span>
     <span class='ocr_line' id='line_1_28' title="bbox 156 2987 1215 3054; baseline 0.002 -17"><span class='ocrx_word' id='word_1_231' title='bbox 156 2989 252 3053; x_wconf 86' lang='lat' dir='ltr'>juvenis</span> <span class='ocrx_word' id='word_1_232' title='bbox 268 2987 449 3052; x_wconf 87' lang='lat' dir='ltr'>pulcherrimus,</span> <span class='ocrx_word' id='word_1_233' title='bbox 462 3005 537 3053; x_wconf 88' lang='lat' dir='ltr'>quum</span> <span class='ocrx_word' id='word_1_234' title='bbox 552 2998 577 3038; x_wconf 89' lang='lat' dir='ltr'>et</span> <span class='ocrx_word' id='word_1_235' title='bbox 590 2990 660 3054; x_wconf 90' lang='lat' dir='ltr'>juve·</span> <span class='ocrx_word' id='word_1_236' title='bbox 709 2994 782 3053; x_wconf 75' lang='lat' dir='ltr'>riopes</span> <span class='ocrx_word' id='word_1_237' title='bbox 799 3006 874 3054; x_wconf 86' lang='lat' dir='ltr'>genus</span> <span class='ocrx_word' id='word_1_238' title='bbox 895 2990 1029 3048; x_wconf 84' lang='lat' dir='ltr'>incertum3</span> <span class='ocrx_word' id='word_1_239' title='bbox 1053 2988 1108 3036; x_wconf 89' lang='lat' dir='ltr'>vide</span> <span class='ocrx_word' id='word_1_240' title='bbox 1129 2989 1215 3039; x_wconf 90' lang='lat' dir='ltr'>Burm.</span> 
     </span>
     <span class='ocr_line' id='line_1_29' title="bbox 158 3062 1215 3128; baseline 0.002 -18"><span class='ocrx_word' id='word_1_241' title='bbox 158 3077 201 3110; x_wconf 86' lang='lat' dir='ltr'>nes</span> <span class='ocrx_word' id='word_1_242' title='bbox 227 3070 251 3109; x_wconf 89' lang='lat' dir='ltr'>et</span> <span class='ocrx_word' id='word_1_243' title='bbox 278 3062 371 3125; x_wconf 86' lang='lat' dir='ltr'>puellas</span> <span class='ocrx_word' id='word_1_244' title='bbox 397 3063 497 3128; x_wconf 86' lang='lat' dir='ltr'>superbe</span> <span class='ocrx_word' id='word_1_245' title='bbox 528 3072 658 3127; x_wconf 86' lang='lat' dir='ltr'>sperneret,</span> <span class='ocrx_word' id='word_1_246' title='bbox 711 3065 804 3113; x_wconf 74' lang='lat' dir='ltr'>Carula</span> <span class='ocrx_word' id='word_1_247' title='bbox 813 3064 913 3120; x_wconf 89' lang='lat' dir='ltr'>indicat,</span> <span class='ocrx_word' id='word_1_248' title='bbox 925 3079 977 3111; x_wconf 86' lang='lat' dir='ltr'>eam</span> <span class='ocrx_word' id='word_1_249' title='bbox 988 3063 1059 3111; x_wconf 85' lang='lat' dir='ltr'>luisse</span> <span class='ocrx_word' id='word_1_250' title='bbox 1073 3062 1215 3127; x_wconf 86' lang='lat' dir='ltr'>Nympham</span> 
     </span>
     <span class='ocr_line' id='line_1_30' title="bbox 160 3133 1215 3200; baseline 0.006 -20"><span class='ocrx_word' id='word_1_251' title='bbox 160 3133 310 3181; x_wconf 82' lang='lat' dir='ltr'>Rhamnusia</span> <span class='ocrx_word' id='word_1_252' title='bbox 320 3133 407 3190; x_wconf 86' lang='lat' dir='ltr'>effecit,</span> <span class='ocrx_word' id='word_1_253' title='bbox 419 3144 445 3184; x_wconf 93' lang='lat' dir='ltr'>ut</span> <span class='ocrx_word' id='word_1_254' title='bbox 455 3152 503 3184; x_wconf 74' lang='lat' dir='ltr'>snae</span> <span class='ocrx_word' id='word_1_255' title='bbox 515 3135 589 3200; x_wconf 90' lang='lat' dir='ltr'>ipsius</span> <span class='ocrx_word' id='word_1_256' title='bbox 599 3135 659 3184; x_wconf 89' lang='lat' dir='ltr'>ima·</span> <span class='ocrx_word' id='word_1_257' title='bbox 710 3137 829 3187; x_wconf 79' lang='lat' dir='ltr'>fontanam</span> <span class='ocrx_word' id='word_1_258' title='bbox 835 3145 876 3186; x_wconf 88' lang='lat' dir='ltr'>aut</span> <span class='ocrx_word' id='word_1_259' title='bbox 882 3137 1010 3185; x_wconf 87' lang='lat' dir='ltr'>fiuvialem.</span> <span class='ocrx_word' id='word_1_260' title='bbox 1023 3137 1215 3186; x_wconf 80' lang='lat' dir='ltr'>Curvamdeflu-</span> 
     </span>
     <span class='ocr_line' id='line_1_31' title="bbox 160 3206 1215 3276; baseline 0.008 -23"><span class='ocrx_word' id='word_1_261' title='bbox 160 3206 229 3271; x_wconf 80' lang='lat' dir='ltr'>ginis,</span> <span class='ocrx_word' id='word_1_262' title='bbox 238 3222 309 3270; x_wconf 88' lang='lat' dir='ltr'>quarn</span> <span class='ocrx_word' id='word_1_263' title='bbox 316 3206 410 3256; x_wconf 80' lang='lat' dir='ltr'>insonte</span> <span class='ocrx_word' id='word_1_264' title='bbox 418 3209 521 3272; x_wconf 89' lang='lat' dir='ltr'>quodam</span> <span class='ocrx_word' id='word_1_265' title='bbox 530 3210 659 3274; x_wconf 83' lang='lat' dir='ltr'>conspexit,</span> <span class='ocrx_word' id='word_1_266' title='bbox 709 3211 812 3260; x_wconf 86' lang='lat' dir='ltr'>minibus</span> <span class='ocrx_word' id='word_1_267' title='bbox 829 3209 1008 3259; x_wconf 86' lang='lat' dir='ltr'>includentibus</span> <span class='ocrx_word' id='word_1_268' title='bbox 1025 3209 1125 3275; x_wconf 87' lang='lat' dir='ltr'>aliquid.</span> <span class='ocrx_word' id='word_1_269' title='bbox 1143 3211 1215 3276; x_wconf 85' lang='lat' dir='ltr'>Virg.</span> 
     </span>
     <span class='ocr_line' id='line_1_32' title="bbox 158 3278 1214 3349; baseline 0.007 -22"><span class='ocrx_word' id='word_1_270' title='bbox 158 3278 241 3329; x_wconf 85' lang='lat' dir='ltr'>insano</span> <span class='ocrx_word' id='word_1_271' title='bbox 252 3294 330 3328; x_wconf 87' lang='lat' dir='ltr'>amore</span> <span class='ocrx_word' id='word_1_272' title='bbox 340 3281 502 3347; x_wconf 86' lang='lat' dir='ltr'>corriperetur,</span> <span class='ocrx_word' id='word_1_273' title='bbox 512 3290 582 3346; x_wconf 84' lang='lat' dir='ltr'>atque</span> <span class='ocrx_word' id='word_1_274' title='bbox 593 3285 659 3332; x_wconf 88' lang='lat' dir='ltr'>tabe·</span> <span class='ocrx_word' id='word_1_275' title='bbox 710 3285 797 3349; x_wconf 83' lang='lat' dir='ltr'>Georg.</span> <span class='ocrx_word' id='word_1_276' title='bbox 805 3285 838 3334; x_wconf 93' lang='lat' dir='ltr'>iv.</span> <span class='ocrx_word' id='word_1_277' title='bbox 845 3286 892 3332; x_wconf 88' lang='lat'>361</span> <span class='ocrx_word' id='word_1_278' title='bbox 904 3303 909 3331; x_wconf 93' lang='lat'><strong>:</strong></span> <span class='ocrx_word' id='word_1_279' title='bbox 922 3286 990 3332; x_wconf 78' lang='lat' dir='ltr'>ilium</span> <span class='ocrx_word' id='word_1_280' title='bbox 1000 3284 1103 3344; x_wconf 75' lang='lat' dir='ltr'>Curootn</span> <span class='ocrx_word' id='word_1_281' title='bbox 1113 3288 1140 3332; x_wconf 81' lang='lat' dir='ltr'>in</span> <span class='ocrx_word' id='word_1_282' title='bbox 1149 3301 1214 3334; x_wconf 76' lang='lat' dir='ltr'>narm-</span> 
     </span>
     <span class='ocr_line' id='line_1_33' title="bbox 158 3354 1214 3421; baseline 0.004 -18"><span class='ocrx_word' id='word_1_283' title='bbox 158 3354 248 3403; x_wconf 85' lang='lat' dir='ltr'>seendo</span> <span class='ocrx_word' id='word_1_284' title='bbox 264 3362 394 3403; x_wconf 86' lang='lat' dir='ltr'>mutaretur</span> <span class='ocrx_word' id='word_1_285' title='bbox 407 3355 432 3403; x_wconf 91' lang='lat' dir='ltr'>in</span> <span class='ocrx_word' id='word_1_286' title='bbox 444 3356 524 3404; x_wconf 90' lang='lat' dir='ltr'>florem</span> <span class='ocrx_word' id='word_1_287' title='bbox 536 3356 572 3403; x_wconf 89' lang='lat' dir='ltr'>sui</span> <span class='ocrx_word' id='word_1_288' title='bbox 584 3356 659 3404; x_wconf 91' lang='lat' dir='ltr'>nomi·</span> <span class='ocrx_word' id='word_1_289' title='bbox 710 3361 739 3406; x_wconf 80' lang='lat' dir='ltr'>tis</span> <span class='ocrx_word' id='word_1_290' title='bbox 754 3363 846 3421; x_wconf 80' lang='lat' dir='ltr'>speciem</span> <span class='ocrx_word' id='word_1_291' title='bbox 862 3361 1010 3406; x_wconf 68' lang='lat' dir='ltr'>drounntetit</span> <span class='ocrx_word' id='word_1_292' title='bbox 1026 3361 1099 3407; x_wconf 79' lang='lat' dir='ltr'>unda.</span> <span class='ocrx_word' id='word_1_293' title='bbox 1132 3359 1214 3408; x_wconf 85' lang='lat' dir='ltr'>Etiam</span> 
     </span>
     <span class='ocr_line' id='line_1_34' title="bbox 158 3427 1214 3499; baseline 0.005 -22"><span class='ocrx_word' id='word_1_294' title='bbox 158 3427 204 3477; x_wconf 86' lang='lat' dir='ltr'>nis.</span> <span class='ocrx_word' id='word_1_295' title='bbox 236 3427 387 3493; x_wconf 84' lang='lat' dir='ltr'>Thespiensis</span> <span class='ocrx_word' id='word_1_296' title='bbox 401 3437 451 3477; x_wconf 87' lang='lat' dir='ltr'>erat</span> <span class='ocrx_word' id='word_1_297' title='bbox 464 3429 659 3494; x_wconf 79' lang='lat' dir='ltr'>haecfab.quam</span> <span class='ocrx_word' id='word_1_298' title='bbox 709 3431 773 3496; x_wconf 90' lang='lat' dir='ltr'>apud</span> <span class='ocrx_word' id='word_1_299' title='bbox 789 3430 912 3497; x_wconf 84' lang='lat' dir='ltr'>Hyginum</span> <span class='ocrx_word' id='word_1_300' title='bbox 924 3432 1148 3493; x_wconf 67' lang='lat' dir='ltr'>Noscisne-Cephisi</span> <span class='ocrx_word' id='word_1_301' title='bbox 1156 3435 1214 3499; x_wconf 79' lang='lat' dir='ltr'>fln-</span> 
     </span>
     <span class='ocr_line' id='line_1_35' title="bbox 159 3501 1215 3571; baseline 0.007 -20"><span class='ocrx_word' id='word_1_302' title='bbox 159 3501 250 3567; x_wconf 87' lang='lat' dir='ltr'>duplici</span> <span class='ocrx_word' id='word_1_303' title='bbox 270 3502 340 3550; x_wconf 86' lang='lat' dir='ltr'>modo</span> <span class='ocrx_word' id='word_1_304' title='bbox 359 3504 463 3552; x_wconf 85' lang='lat' dir='ltr'>Pansan.</span> <span class='ocrx_word' id='word_1_305' title='bbox 482 3504 528 3553; x_wconf 90' lang='lat' dir='ltr'>IX.</span> <span class='ocrx_word' id='word_1_306' title='bbox 547 3503 611 3552; x_wconf 83' lang='lat' dir='ltr'>xxxi.</span> <span class='ocrx_word' id='word_1_307' title='bbox 632 3520 658 3568; x_wconf 89' lang='lat' dir='ltr'>p.</span> <span class='ocrx_word' id='word_1_308' title='bbox 709 3509 776 3555; x_wconf 81' lang='lat' dir='ltr'>minis</span> <span class='ocrx_word' id='word_1_309' title='bbox 786 3508 863 3570; x_wconf 76' lang='lat' dir='ltr'>silius.</span> <span class='ocrx_word' id='word_1_310' title='bbox 896 3506 943 3554; x_wconf 89' lang='lat' dir='ltr'>Sed</span> <span class='ocrx_word' id='word_1_311' title='bbox 960 3507 1071 3571; x_wconf 90' lang='lat' dir='ltr'>quoniam</span> <span class='ocrx_word' id='word_1_312' title='bbox 1088 3507 1114 3554; x_wconf 90' lang='lat' dir='ltr'>in</span> <span class='ocrx_word' id='word_1_313' title='bbox 1124 3507 1215 3558; x_wconf 82' lang='lat' dir='ltr'>vicinia</span> 
     </span>
     <span class='ocr_line' id='line_1_36' title="bbox 160 3577 1282 3646; baseline 0.004 -22"><span class='ocrx_word' id='word_1_314' title='bbox 160 3577 217 3624; x_wconf 82' lang='lat'>772.</span> <span class='ocrx_word' id='word_1_315' title='bbox 235 3585 324 3633; x_wconf 77' lang='lat' dir='ltr'>namot,</span> <span class='ocrx_word' id='word_1_316' title='bbox 342 3593 441 3642; x_wconf 85' lang='lat' dir='ltr'>quorum</span> <span class='ocrx_word' id='word_1_317' title='bbox 461 3579 571 3635; x_wconf 89' lang='lat' dir='ltr'>alterum,</span> <span class='ocrx_word' id='word_1_318' title='bbox 588 3595 659 3642; x_wconf 87' lang='lat' dir='ltr'>quem</span> <span class='ocrx_word' id='word_1_319' title='bbox 709 3580 832 3629; x_wconf 89' lang='lat' dir='ltr'>Heliconis</span> <span class='ocrx_word' id='word_1_320' title='bbox 849 3589 927 3637; x_wconf 88' lang='lat' dir='ltr'>natus,</span> <span class='ocrx_word' id='word_1_321' title='bbox 941 3589 1066 3646; x_wconf 86' lang='lat' dir='ltr'>propterea</span> <span class='ocrx_word' id='word_1_322' title='bbox 1080 3580 1215 3630; x_wconf 87' lang='lat' dir='ltr'>secundum</span> <span class='ocrx_word' id='word_1_323' title='bbox 1281 3609 1282 3612; x_wconf 63' lang='lat'><em>=</em></span> 
     </span>
     <span class='ocr_line' id='line_1_37' title="bbox 158 3650 1213 3719; baseline 0.006 -22"><span class='ocrx_word' id='word_1_324' title='bbox 158 3650 245 3699; x_wconf 86' lang='lat' dir='ltr'>Noster</span> <span class='ocrx_word' id='word_1_325' title='bbox 262 3658 376 3715; x_wconf 87' lang='lat' dir='ltr'>sequutus</span> <span class='ocrx_word' id='word_1_326' title='bbox 389 3660 433 3709; x_wconf 89' lang='lat' dir='ltr'>est,</span> <span class='ocrx_word' id='word_1_327' title='bbox 444 3653 569 3716; x_wconf 84' lang='lat' dir='ltr'>vulgatum</span> <span class='ocrx_word' id='word_1_328' title='bbox 581 3660 659 3701; x_wconf 83' lang='lat' dir='ltr'>vocat.</span> <span class='ocrx_word' id='word_1_329' title='bbox 709 3654 837 3704; x_wconf 82' lang='lat' dir='ltr'>Claudiam</span> <span class='ocrx_word' id='word_1_330' title='bbox 849 3671 920 3703; x_wconf 79' lang='lat' dir='ltr'>xxxv.</span> <span class='ocrx_word' id='word_1_331' title='bbox 933 3656 988 3704; x_wconf 87' lang='grc'><strong>134.</strong></span> <span class='ocrx_word' id='word_1_332' title='bbox 1001 3656 1097 3703; x_wconf 80' lang='lat' dir='ltr'>Helicon</span> <span class='ocrx_word' id='word_1_333' title='bbox 1107 3670 1163 3703; x_wconf 86' lang='lat' dir='ltr'>eum</span> <span class='ocrx_word' id='word_1_334' title='bbox 1171 3673 1213 3719; x_wconf 82' lang='lat' dir='ltr'>ga·</span> 
     </span>
     <span class='ocr_line' id='line_1_38' title="bbox 158 3723 1214 3784; baseline 0.005 -11"><span class='ocrx_word' id='word_1_335' title='bbox 158 3723 195 3773; x_wconf 83' lang='lat' dir='ltr'>Ex</span> <span class='ocrx_word' id='word_1_336' title='bbox 207 3724 280 3773; x_wconf 85' lang='lat' dir='ltr'>altero</span> <span class='ocrx_word' id='word_1_337' title='bbox 296 3725 422 3775; x_wconf 86' lang='lat' dir='ltr'>Narcissus</span> <span class='ocrx_word' id='word_1_338' title='bbox 437 3742 539 3775; x_wconf 88' lang='lat' dir='ltr'>sororem</span> <span class='ocrx_word' id='word_1_339' title='bbox 556 3727 660 3775; x_wconf 89' lang='lat' dir='ltr'>habebat</span> <span class='ocrx_word' id='word_1_340' title='bbox 709 3732 784 3777; x_wconf 77' lang='lat' dir='ltr'>unisse</span> <span class='ocrx_word' id='word_1_341' title='bbox 794 3728 888 3777; x_wconf 91' lang='lat' dir='ltr'>dicitur.</span> <span class='ocrx_word' id='word_1_342' title='bbox 905 3729 983 3784; x_wconf 90' lang='lat' dir='ltr'>Idem,</span> <span class='ocrx_word' id='word_1_343' title='bbox 995 3745 1044 3777; x_wconf 88' lang='lat' dir='ltr'>ver.</span> <span class='ocrx_word' id='word_1_344' title='bbox 1055 3730 1112 3776; x_wconf 80' lang='lat'>332.</span> <span class='ocrx_word' id='word_1_345' title='bbox 1124 3728 1214 3778; x_wconf 89' lang='lat' dir='ltr'>dehoc</span> 
     </span>
     <span class='ocr_line' id='line_1_39' title="bbox 157 3796 1215 3867; baseline 0.008 -23"><span class='ocrx_word' id='word_1_346' title='bbox 157 3796 203 3845; x_wconf 85' lang='lat' dir='ltr'>sibi</span> <span class='ocrx_word' id='word_1_347' title='bbox 214 3799 367 3856; x_wconf 90' lang='lat' dir='ltr'>simillimam,</span> <span class='ocrx_word' id='word_1_348' title='bbox 378 3800 446 3866; x_wconf 87' lang='lat' dir='ltr'>cujus</span> <span class='ocrx_word' id='word_1_349' title='bbox 462 3801 553 3849; x_wconf 84' lang='lat' dir='ltr'>amissae</span> <span class='ocrx_word' id='word_1_350' title='bbox 565 3801 658 3850; x_wconf 90' lang='lat' dir='ltr'>deside·</span> <span class='ocrx_word' id='word_1_351' title='bbox 709 3812 733 3850; x_wconf 92' lang='lat' dir='ltr'>et</span> <span class='ocrx_word' id='word_1_352' title='bbox 743 3803 774 3851; x_wconf 89' lang='lat' dir='ltr'>de</span> <span class='ocrx_word' id='word_1_353' title='bbox 783 3802 928 3866; x_wconf 81' lang='lat' dir='ltr'>Hyacinthe,</span> <span class='ocrx_word' id='word_1_354' title='bbox 939 3821 1002 3852; x_wconf 72' lang='lat' dir='ltr'>arina</span> <span class='ocrx_word' id='word_1_355' title='bbox 1010 3805 1100 3866; x_wconf 74' lang='lat' dir='ltr'>inclyta</span> <span class='ocrx_word' id='word_1_356' title='bbox 1106 3807 1215 3867; x_wconf 80' lang='lat' dir='ltr'>germina</span> 
     </span>
    </p>
   </div>
   <div class='ocr_carea' id='block_1_4' title="bbox 56 3869 1214 3940">
    <p class='ocr_par' dir='ltr' id='par_1_6' title="bbox 56 3869 1214 3940">
     <span class='ocr_line' id='line_1_40' title="bbox 56 3869 1214 3940; baseline 0.004 -19"><span class='ocrx_word' id='word_1_357' title='bbox 56 3923 59 3928; x_wconf 77' lang='grc'><strong>,</strong></span> <span class='ocrx_word' id='word_1_358' title='bbox 158 3869 219 3921; x_wconf 81' lang='lat' dir='ltr'>tium</span> <span class='ocrx_word' id='word_1_359' title='bbox 234 3873 418 3938; x_wconf 87' lang='lat' dir='ltr'>contemplanda</span> <span class='ocrx_word' id='word_1_360' title='bbox 434 3875 538 3940; x_wconf 86' lang='lat' dir='ltr'>imagine</span> <span class='ocrx_word' id='word_1_361' title='bbox 555 3874 580 3923; x_wconf 92' lang='lat' dir='ltr'>in</span> <span class='ocrx_word' id='word_1_362' title='bbox 595 3875 659 3924; x_wconf 84' lang='lat' dir='ltr'>sonte</span> <span class='ocrx_word' id='word_1_363' title='bbox 709 3880 775 3933; x_wconf 77' lang='lat' dir='ltr'>veris,</span> <span class='ocrx_word' id='word_1_364' title='bbox 789 3878 925 3925; x_wconf 79' lang='lat' dir='ltr'>Prcstantas</span> <span class='ocrx_word' id='word_1_365' title='bbox 941 3881 994 3926; x_wconf 84' lang='lat' dir='ltr'>otim</span> <span class='ocrx_word' id='word_1_366' title='bbox 1007 3894 1096 3939; x_wconf 83' lang='lat' dir='ltr'>pueros.</span> <span class='ocrx_word' id='word_1_367' title='bbox 1130 3878 1214 3926; x_wconf 87' lang='lat' dir='ltr'>Solent</span> 
     </span>
    </p>
   </div>
   <div class='ocr_carea' id='block_1_5' title="bbox 104 3944 1214 4239">
    <p class='ocr_par' dir='ltr' id='par_1_7' title="bbox 104 3944 1214 4239">
     <span class='ocr_line' id='line_1_41' title="bbox 104 3944 1214 4016; baseline 0.005 -24"><span class='ocrx_word' id='word_1_368' title='bbox 104 3996 105 4000; x_wconf 44' lang='lat'>,</span> <span class='ocrx_word' id='word_1_369' title='bbox 158 3944 231 3992; x_wconf 86' lang='lat' dir='ltr'>lenire</span> <span class='ocrx_word' id='word_1_370' title='bbox 253 3946 355 3996; x_wconf 89' lang='lat' dir='ltr'>volebat.</span> <span class='ocrx_word' id='word_1_371' title='bbox 397 3949 565 4013; x_wconf 86' lang='lat' dir='ltr'>Thespiensem</span> <span class='ocrx_word' id='word_1_372' title='bbox 587 3949 658 3999; x_wconf 80' lang='lat' dir='ltr'>tuisse</span> <span class='ocrx_word' id='word_1_373' title='bbox 709 3960 789 3999; x_wconf 88' lang='lat' dir='ltr'>autem</span> <span class='ocrx_word' id='word_1_374' title='bbox 806 3950 830 3997; x_wconf 93' lang='lat' dir='ltr'>hi</span> <span class='ocrx_word' id='word_1_375' title='bbox 850 3951 898 3999; x_wconf 89' lang='lat' dir='ltr'>duo</span> <span class='ocrx_word' id='word_1_376' title='bbox 913 3959 936 3999; x_wconf 87' lang='lat' dir='ltr'>et</span> <span class='ocrx_word' id='word_1_377' title='bbox 954 3952 1030 4016; x_wconf 85' lang='lat' dir='ltr'>Hylas</span> <span class='ocrx_word' id='word_1_378' title='bbox 1048 3959 1142 4016; x_wconf 89' lang='lat' dir='ltr'>propter</span> <span class='ocrx_word' id='word_1_379' title='bbox 1157 3953 1214 4012; x_wconf 81' lang='lat' dir='ltr'>pul-</span> 
     </span>
     <span class='ocr_line' id='line_1_42' title="bbox 158 4017 1202 4090; baseline 0.005 -22"><span class='ocrx_word' id='word_1_380' title='bbox 158 4017 297 4068; x_wconf 83' lang='lat' dir='ltr'>Narcissum</span> <span class='ocrx_word' id='word_1_381' title='bbox 319 4021 390 4069; x_wconf 90' lang='lat' dir='ltr'>etiam</span> <span class='ocrx_word' id='word_1_382' title='bbox 411 4038 440 4070; x_wconf 86' lang='lat' dir='ltr'>ex</span> <span class='ocrx_word' id='word_1_383' title='bbox 466 4023 566 4072; x_wconf 89' lang='lat' dir='ltr'>Lucian.</span> <span class='ocrx_word' id='word_1_384' title='bbox 599 4026 657 4074; x_wconf 87' lang='lat' dir='ltr'>Ver.</span> <span class='ocrx_word' id='word_1_385' title='bbox 709 4025 995 4090; x_wconf 79' lang='lat' dir='ltr'>chritudinemconjnngi.</span> <span class='ocrx_word' id='word_1_386' title='bbox 1025 4026 1100 4082; x_wconf 83' lang='lat' dir='ltr'>Tulit,</span> <span class='ocrx_word' id='word_1_387' title='bbox 1110 4025 1202 4073; x_wconf 91' lang='lat' dir='ltr'>intulit.</span> 
     </span>
     <span class='ocr_line' id='line_1_43' title="bbox 158 4092 1214 4163; baseline 0.006 -23"><span class='ocrx_word' id='word_1_388' title='bbox 158 4092 221 4142; x_wconf 84' lang='lat' dir='ltr'>Hist.</span> <span class='ocrx_word' id='word_1_389' title='bbox 233 4093 275 4143; x_wconf 92' lang='lat' dir='ltr'>lib.</span> <span class='ocrx_word' id='word_1_390' title='bbox 286 4095 321 4144; x_wconf 92' lang='lat' dir='ltr'>II.</span> <span class='ocrx_word' id='word_1_391' title='bbox 333 4104 389 4144; x_wconf 89' lang='lat' dir='ltr'>tom.</span> <span class='ocrx_word' id='word_1_392' title='bbox 400 4097 432 4146; x_wconf 91' lang='lat' dir='ltr'>iv.</span> <span class='ocrx_word' id='word_1_393' title='bbox 443 4115 466 4162; x_wconf 91' lang='lat' dir='ltr'>p.</span> <span class='ocrx_word' id='word_1_394' title='bbox 478 4100 537 4147; x_wconf 78' lang='lat'>276.</span> <span class='ocrx_word' id='word_1_395' title='bbox 548 4109 657 4163; x_wconf 85' lang='lat' dir='ltr'>apparet.</span> <span class='ocrx_word' id='word_1_396' title='bbox 742 4099 798 4146; x_wconf 81' lang='lat'>345.</span> <span class='ocrx_word' id='word_1_397' title='bbox 828 4098 958 4162; x_wconf 74' lang='lat' dir='ltr'>Nymphis]</span> <span class='ocrx_word' id='word_1_398' title='bbox 999 4099 1102 4149; x_wconf 85' lang='lat' dir='ltr'>Codices</span> <span class='ocrx_word' id='word_1_399' title='bbox 1129 4099 1214 4156; x_wconf 89' lang='lat' dir='ltr'>nostri,</span> 
     </span>
     <span class='ocr_line' id='line_1_44' title="bbox 158 4167 1214 4239; baseline 0.006 -24"><span class='ocrx_word' id='word_1_400' title='bbox 158 4167 247 4216; x_wconf 78' lang='lat' dir='ltr'>Paucis</span> <span class='ocrx_word' id='word_1_401' title='bbox 268 4169 314 4217; x_wconf 84' lang='lat' dir='ltr'>tab.</span> <span class='ocrx_word' id='word_1_402' title='bbox 336 4169 430 4233; x_wconf 83' lang='lat' dir='ltr'>attingit</span> <span class='ocrx_word' id='word_1_403' title='bbox 454 4171 543 4237; x_wconf 75' lang='lat' dir='ltr'>Hygia.</span> <span class='ocrx_word' id='word_1_404' title='bbox 565 4172 580 4219; x_wconf 85' lang='lat' dir='ltr'>s.</span> <span class='ocrx_word' id='word_1_405' title='bbox 601 4173 676 4218; x_wconf 77' lang='lat'>271..</span> <span class='ocrx_word' id='word_1_406' title='bbox 710 4172 822 4235; x_wconf 71' lang='lat' dir='ltr'>Nympha.</span> <span class='ocrx_word' id='word_1_407' title='bbox 856 4173 910 4221; x_wconf 82' lang='lat' dir='ltr'>Vox</span> <span class='ocrx_word' id='word_1_408' title='bbox 922 4175 1009 4222; x_wconf 80' lang='lat' dir='ltr'>Graeca</span> <span class='ocrx_word' id='word_1_409' title='bbox 1027 4173 1166 4239; x_wconf 67' lang='grc' dir='ltr'><strong>Νύμφη.υῑ</strong></span> <span class='ocrx_word' id='word_1_410' title='bbox 1181 4174 1214 4222; x_wconf 85' lang='lat' dir='ltr'>sit</span> 
     </span>
    </p>
   </div>
   <div class='ocr_carea' id='block_1_6' title="bbox 0 0 1412 5010">
    <p class='ocr_par' dir='ltr' id='par_1_8' title="bbox 0 0 1412 5010">
     <span class='ocr_line' id='line_1_45' title="bbox 0 0 1412 5010; baseline 0 0"><span class='ocrx_word' id='word_1_411' title='bbox 0 0 1412 5010; x_wconf 95' lang='lat' dir='ltr'> </span> 
     </span>
    </p>
   </div>
  </div>
 </body>
</html>
