2812 5010
182 377 184 380 -
274 331 746 398 METAMORPHOSEON
769 333 861 431 LJB.
883 333 927 398 V.
1060 335 1133 402 {R

157 531 259 606 nque
276 531 430 580 manum
449 506 615 582 Fortuna
633 509 753 605 juvat,
775 507 1026 608 Clytiumque
1045 510 1133 587 Clu·

157 647 204 698 :re
222 634 326 697 satos
342 647 431 711 una,
450 623 598 698 diverso
615 624 769 699 vulnere
786 623 906 700 fuditr
976 627 1135 725 [sinque

157 765 183 813 n
200 739 319 839 Clytii
336 764 404 838 per
422 752 625 838 utrumque
642 740 746 838 gravi
763 741 900 817 librata
917 732 1061 818 lacerto'

157 856 265 930 rinus
276 855 512 946 aetafemur3
523 857 692 954 jaculum
700 857 832 931 Clanis
843 882 908 932 ore
918 859 1135 935 momordit.

157 972 234 1046 idit
252 985 292 1046 et
311 972 482 1047 Celadon
501 972 744 1062 Mendesius;
773 973 915 1047 occidit
924 974 1099 1064 Astreus,

157 1115 204 1164 :re
223 1089 442 1175 Palaestina,
461 1090 578 1163 dubio
596 1090 764 1187 genitore
782 1102 933 1165 creatus
948 1120 958 1181 ;
1064 1096 1135 1166 145

157 1205 310 1302 nonque
329 1230 447 1302 sagax
466 1207 658 1303 quondam
675 1217 834 1281 venturu
849 1207 989 1294 videre,

157 1347 186 1394 rc
205 1346 272 1396 ave
290 1324 474 1420 deceptus
491 1323 609 1412 salsa3
639 1322 815 1421 regisque
833 1323 1023 1398 Thoactes

157 1438 273 1534 riger3
295 1451 334 1511 et
348 1463 448 1511 eaeso
462 1439 631 1534 genitore
641 1439 792 1518 infamis
803 1439 982 1538 Agyrtes,
1001 1441 1134 1522 [unum

157 1554 223 1628 'lus
235 1565 363 1629 tamen
377 1556 564 1628 exhausto
573 1566 763 1653 superest;
780 1579 945 1653 namque
959 1556 1135 1630 omnibns

157 1672 306 1746 trimme
318 1683 377 1747 est
390 1673 560 1748 animus:
577 1675 775 1771 conjurata
785 1673 951 1769 undique
964 1682 1139 1771 pugnant

157 1789 243 1863 nina
261 1816 328 1889 pro
342 1816 460 1865 eausa
472 1791 648 1866 meritum
661 1791 909 1890 impugnante
926 1789 1132 1887 fidemque.

157 1929 246 2004 :pro
264 1917 371 2004 parte
385 1932 493 1980 socer
509 1906 647 1981 frustra
663 1907 761 2005 pius,
775 1916 814 1980 et
826 1929 922 1979 nova
938 1909 1094 2004 conjure,

157 2046 180 2094 n
199 2022 402 2117 genetrice,
421 2022 560 2108 favent,
575 2023 798 2119 ululatuque
815 2023 912 2096 atria
927 2023 1130 2121 complent.

157 2201 159 2207 .
185 2161 300 2210 sonus
327 2162 515 2212 armorum
541 2148 706 2237 superat,
727 2138 966 2236 gemitusque
992 2140 1131 2214 onden-

157 2253 329 2349 lutosque
348 2256 465 2328 semel
483 2257 602 2329 multo
621 2255 781 2330 Bellona
798 2255 966 2328 Penates
1010 2256 1130 2345 [tumr

157 2369 274 2464 guine
287 2370 499 2469 perfundit;
528 2383 781 2469 renovataque
798 2370 929 2471 praelia
944 2371 1092 2446 miscet.

159 2555 223 2602 hosta
234 2554 253 2602 it
262 2555 327 2619 Tago
338 2573 378 2617 per
389 2567 475 2618 tempos
488 2567 580 2605 utrum·
664 2559 722 2606 149.
740 2558 800 2605 Plus
811 2567 897 2613 tumen,
909 2556 968 2620 ete]
988 2557 1078 2620 Pugnae
1090 2556 1131 2606 de·

159 2627 282 2677 Momordit
286 2631 404 2692 jaculum,
412 2631 521 2695 jaculum
531 2631 581 2680 lue·
631 2630 717 2698 oriptio
727 2630 905 2695 interrumpitur
916 2629 1063 2695 aliquandiu.
1085 2631 1133 2680 Er-

172 2718 221 2751 ere.
249 2704 376 2760 Homerus,
398 2705 470 2754 Iliad.
488 2711 518 2754 E.
533 2707 580 2754 75:
632 2708 722 2755 inusto.
751 2705 812 2755 dod.
825 2705 889 2769 Reg.
901 2706 932 2754 B.
944 2706 1065 2761 erhnustis,
1076 2707 1131 2754 sub·

157 2784 180 2827 lv
191 2774 210 2825 δ’
220 2775 259 2825 ’ἑλε
272 2778 369 2840 χαλκὸν
380 2777 485 2828 ὀδοῦσιν.
632 2779 688 2829 aud.
703 2783 775 2839 υἱῆες
793 2779 818 2828 in
830 2779 904 2843 Vulg.
920 2779 1022 2827 subaud.
1038 2797 1134 2829 nomm

157 2852 170 2899 l.
189 2852 291 2908 Mendes,
310 2853 423 2917 oppidum
438 2853 540 2918 AEgypti
558 2862 584 2903 et
632 2856 742 2903 virorum.
777 2853 826 2902 Pro
839 2869 909 2901 ortuo
922 2855 1029 2901 meritum
1042 2856 1132 2919 impug-

157 2925 582 2990 radostiumNili,quodindeMen-
633 2938 722 2987 παητις
739 2927 785 2975 hoe
804 2935 849 2984 est,
869 2943 912 2992 pro
929 2926 1029 2984 Phineo,
1049 2927 1090 2992 qni
1109 2935 1134 2976 et

157 2999 583 3061 n.Plin.v.9etll;Strabo,xvii.
632 3005 738 3051 meritum
765 3000 853 3058 Persei,
881 3016 928 3065 quo
955 2999 1135 3050 Andromedam

157 3074 305 3121 ePalaesttna.
330 3074 459 3123 Palaestim
470 3075 536 3140 regio
546 3084 583 3124 est
633 3084 776 3131 servaverat,
787 3085 812 3123 et
815 3077 890 3138 fidem
900 3074 946 3140 ipsi
958 3089 1039 3140 arege
1051 3074 1134 3125 datam

164 3148 311 3195 contermina
320 3149 593 3206 Judaeoe‚aPalaestina'
632 3153 789 3216 impugnabat.
823 3151 913 3198 Faverit
928 3158 971 3199 aut
984 3153 1077 3199 strident
1090 3151 1133 3215 qni

157 3220 229 3270 dieta.
268 3224 345 3270 Dubio
366 3227 479 3287 genitore.
501 3227 582 3282 Quum
633 3234 769 3292 spectantes
789 3223 860 3274 dictis
877 3232 903 3274 et
918 3224 987 3287 factis
1002 3225 1133 3285 declarant,

158 3295 287 3360 ignoratur,
303 3297 366 3344 filius
376 3297 463 3346 dicitur
472 3302 582 3361 spurium
633 3300 672 3348 eui
682 3299 744 3364 parti
755 3297 829 3349 dediti
839 3299 896 3348 sint.
917 3299 1036 3357 Ultimos,
1045 3301 1134 3350 clamor

157 3385 162 3416 r
177 3378 265 3426 autem,
277 3371 318 3434 qui
333 3387 362 3418 ex
381 3372 522 3429 concubina,
534 3390 581 3422 non
632 3373 790 3421 feminarum:
809 3372 1008 3422 conterritis&

157 3442 226 3492 itima
237 3460 310 3493 uxore
321 3454 394 3493 natus
402 3453 446 3502 est,
456 3446 498 3495 sed
510 3447 582 3498 habet
666 3449 721 3496 154.
738 3448 844 3510 Superat,
855 3446 980 3513 obstrepit,
991 3447 1133 3513 ἀντιφωνεῖ.

157 3525 289 3567 neertum.
328 3520 432 3568 Ventura
450 3523 536 3577 videre,
557 3520 582 3569 in
632 3523 666 3570 Ut
677 3521 759 3569 Pallan
775 3530 799 3569 et
811 3522 926 3579 Fortuna,
943 3519 977 3570 sio
994 3529 1020 3570 et
1035 3521 1134 3573 Bellona

157 3590 191 3639 dis
201 3593 316 3641 venturis.
339 3596 523 3656 Avedecqrtum,
534 3611 582 3659 quo
612 3592 687 3643 2huie
706 3611 794 3660 pugne
813 3595 936 3644 intererat.
970 3595 1068 3644 Penates
1085 3603 1134 3647 ste-

168 3663 289 3714 interitum
300 3683 369 3715 suurn
378 3668 527 3732 previderet.
545 3668 581 3716 Si·
631 3670 690 3717 bant
705 3667 729 3716 in
746 3669 798 3733 ipso
812 3668 871 3716 atrio
884 3668 916 3716 ad
931 3668 1019 3716 focum.
1051 3668 1134 3730 lipol-

157 3755 179 3790 ν.
194 3740 251 3788 405.
268 3744 334 3787 vanis
355 3743 459 3802 dereptus
479 3744 505 3790 in
526 3745 582 3790 alito
634 3745 757 3792 luebantur
767 3741 882 3806 sanguine
899 3741 988 3808 injuste
1000 3742 1061 3792 fuss.
1093 3744 1134 3793 Ite

193 3814 247 3862 Hoc
266 3831 363 3879 quoque
381 3831 409 3864 ex
432 3817 536 3865 Homero
557 3825 582 3866 et
632 3817 734 3882 graviter
749 3817 843 3865 ornavit
856 3816 935 3865 illud:
954 3823 1025 3865 aucta
1039 3825 1075 3866 est
1085 3833 1134 3869 ore·

157 3890 194 3936 io:
220 3888 310 3937 etenim
332 3889 362 3937 Il.
380 3895 411 3938 B.
431 3892 488 3940 859.
504 3891 583 3956 Mysis
633 3892 675 3940 des
692 3890 765 3940 semel
783 3898 872 3956 coeptu.
906 3892 969 3939 Satis
987 3887 1078 3949 fnisset,
1096 3909 1134 3941 re·

157 3971 179 4012 ot
190 3965 312 4012 Ennomus
323 3980 407 4027 augur,
420 3964 462 4029 qni
473 3964 581 4015 oriretu—
631 3977 700 4015 novat
716 3969 798 4028 prelio
805 3983 814 4024 ,·
838 3965 881 4014 sed
901 3963 1005 4031 plenius,
1024 3977 1134 4017 rormoote

157 4036 290 4102 ’loiooaro
299 4042 366 4104 κῆρα
372 4038 496 4104 μέλαιναν
504 4057 512 4101 3
523 4041 581 4090 AEn.
631 4043 718 4090 miscet.
740 4041 772 4089 Et
788 4039 876 4088 milites
888 4048 1023 4106 pugnantes
1037 4045 1135 4093 miscent

157 4111 180 4161 7.
193 4113 271 4161 Turno
280 4117 424 4179 gratisnms
435 4132 526 4180 augur:
538 4115 582 4164 Sed
631 4116 722 4180 prelia,
729 4109 797 4181 Virg.
808 4116 897 4180 Georg.
904 4113 930 4166 ii.
941 4116 1031 4167 282.st
1039 4116 1081 4183 qui
1091 4133 1133 4169 sus

157 4191 236 4253 ogerio
243 4191 319 4251 potuit
330 4191 441 4253 depellere
449 4200 539 4252 parum.
633 4189 739 4239 excitant
749 4189 780 4240 ed
791 4189 955 4257 pugnandum.
