2812 5010
277 325 754 393 METAMORPHOSEON
771 326 862 394 LIB.
886 329 956 394 111.
1067 329 1136 397 239.

79 491 260 598 Tutaque
278 499 343 574 bis
355 500 472 597 geniti
490 510 578 576 sunt
595 501 822 576 incunabula
840 501 1003 592 Bacchi;

81 613 197 689 Forte
213 615 238 688 J
240 641 347 692 ovem
364 627 585 704 memorant,
605 618 783 692 diffusum
801 630 965 706 nectare,
984 644 1094 696 curas

83 730 313 829 Seposuisse
326 757 470 830 gravet,
482 756 678 832 vacuaque
690 734 853 830 agitasse
864 735 1039 810 remissos
1057 741 1130 811 319

83 845 186 920 Cum
202 847 352 924 Junone
366 852 495 948 jocos3
517 862 568 937 et,
588 850 713 948 Major
729 862 855 925 vestra
872 851 1040 951 profecto
1059 863 1130 941 est,

83 961 211 1046 Quam
229 988 313 1062 quoe
329 965 522 1062 contingat
539 965 718 1055 maribus,
736 966 892 1056 dixisse,
910 969 1094 1068 voluptas.

83 1077 159 1154 Illa
175 1091 309 1177 negat:
337 1082 493 1180 placuit,
514 1108 600 1181 quae
619 1083 668 1156 sit
684 1083 875 1157 sententia
887 1084 988 1159 docti

82 1194 262 1279 Quaerere
279 1196 453 1272 Tiresiae:
482 1197 612 1272 Venus
628 1198 714 1272 huic
733 1210 814 1275 erat
831 1208 989 1297 utraque
1006 1210 1106 1274 nota.

83 1311 123 1384 N
126 1337 188 1386 am
204 1313 279 1389 dno
296 1338 517 1410 magnorum
534 1314 641 1387 viridi
659 1315 834 1389 coeuntia
851 1316 943 1390 silva

83 1429 257 1529 Corpora
273 1442 492 1530 serpentum
508 1431 635 1505 baculi
651 1431 853 1506 violaverat
869 1432 969 1506 ictu:
1056 1436 1130 1507 325

85 1546 224 1645 Deque
240 1548 319 1622 viro
336 1551 471 1636 sactuS,
490 1543 680 1623 mirabile!
707 1547 859 1637 semina,
879 1559 1024 1646 septem

86 1661 230 1759 Egerat
247 1674 468 1739 autumnos:
498 1674 632 1738 octavo
649 1688 777 1737 rursus
795 1663 948 1738 eosdem

83 1778 212 1871 Vidit;
241 1792 291 1868 et,
312 1790 336 1821 “
353 1782 424 1857 Est
440 1792 574 1857 vestrae
593 1781 624 1854 si
642 1791 749 1855 tanta
762 1781 930 1880 potentia
946 1779 1104 1879 plagae,’'

85 1895 209 1983 Dixit,
225 1905 249 1935 “
261 1907 304 1970 ut
316 1897 479 1972 auctoris
494 1907 633 1971 sortem
646 1898 685 1971 in
695 1897 880 1973 contraria
893 1906 1035 1986 mutet3
1056 1900 1129 1970 329

85 2011 200 2086 Nune
218 2037 370 2112 quoque
387 2039 453 2087 vos
471 2010 639 2088 feriam.”
666 2012 863 2088 Percussis
878 2013 1062 2108 anguibus
1080 2011 1129 2086 is-

85 2127 224 2202 Forma
232 2130 333 2228 prior
342 2129 465 2218 rediit,
478 2130 717 2229 genitivaque
728 2125 855 2204 rursus
870 2130 1005 2227 image.
1026 2129 1130 2226 [dem

83 2243 240 2319 Arbiter
256 2244 317 2319 hic
335 2246 449 2342 igitur
467 2257 640 2346 sumptus
658 2248 705 2322 de
723 2247 790 2321 lite
804 2249 946 2345 jocosa,

87 2361 204 2436 Dicta
219 2360 244 2433 J
246 2364 323 2437 ovis
341 2363 486 2439 firmat:
516 2364 664 2462 gravius
685 2363 862 2438 Saturnia
875 2365 990 2460 justo,

83 2555 585 2623 videomninoSpanbem.adCallim.d.l.
634 2563 683 2610 lam
704 2575 746 2610 seu
767 2559 908 2615 dracenam,
926 2555 968 2606 sed
989 2562 1078 2622 postea,
1099 2555 1130 2604 ab

86 2632 135 2679 Per
152 2640 233 2689 terrae,
252 2633 277 2681 in
296 2639 366 2682 terra.
391 2633 479 2699 Virgil.
496 2635 553 2683 AEn.
568 2634 585 2682 i.
634 2633 746 2700 Apolline
767 2631 878 2688 monitus,
899 2629 1031 2679 masculum
1049 2628 1131 2677 draeo-

85 2707 151 2754 708:
169 2710 288 2755 conventre
303 2724 345 2768 per
363 2709 451 2765 limiae,
466 2707 491 2757 in
508 2709 586 2758 domo.
635 2724 700 2757 nem.
726 2708 832 2756 thetzes
842 2705 866 2754 in
877 2703 1131 2770 Lycophronem,Cas·

86 2781 168 2829 Fatoii
191 2783 247 2845 lege,
266 2797 297 2830 ex
317 2782 377 2831 fato.
420 2783 457 2830 Ex
477 2782 586 2847 opinione
635 2781 713 2831 sandr.
723 2797 772 2830 ver.
784 2782 839 2829 683.
872 2781 1009 2834 Autamaor,
1020 2792 1102 2825 annos.

83 2854 150 2903 eninr
165 2857 281 2904 Veterum
297 2856 375 2905 omnia
393 2857 481 2905 fiebunt
499 2857 538 2906 vel
556 2873 587 2907 ex
668 2857 725 2905 329.
741 2855 836 2910 Sortem,
847 2869 938 2909 sexum,
949 2858 976 2899 ut
986 2851 1018 2899 vi.
1029 2851 1087 2898 680.
1098 2849 1132 2898 ix.

84 2928 128 2976 lati
140 2930 288 2986 necessitate,
298 2929 337 2978 vel
347 2944 375 2978 ex
387 2929 463 2979 libera
477 2930 585 2980 Deorum
635 2931 675 2979 67.
702 2929 789 2995 Imago,
800 2929 883 2983 forma,
893 2934 985 2975 natura.
1014 2924 1133 2982 Genitiva,

84 3002 217 3060 voluntate,
228 3003 304 3051 velex
316 3002 437 3051 hominum
447 3003 535 3052 studio.
634 3014 744 3061 connata,
756 3019 828 3068 quam
839 3000 923 3050 habuit
936 3015 1010 3066 quum
1024 3013 1131 3048 nascere·

117 3077 176 3125 318.
193 3076 333 3141 Diffusum]
363 3076 474 3141 Differadi
488 3077 584 3141 elegan-
633 3087 679 3128 tur.
695 3076 1051 3143 Augustushabebatgeuitivaa
1061 3083 1134 3131 notor,

85 3158 121 3198 ter
138 3149 226 3198 dicitur
238 3149 339 3206 animus»
353 3165 426 3214 quum
441 3149 585 3201 exhilaratur
633 3154 731 3202 Sueton.
750 3152 805 3200 Oct.
823 3152 863 3200 80.
895 3150 1014 3198 Ceterum
1032 3146 1152 3197 Lucina..

85 3231 158 3288 atque
174 3222 269 3272 laetitiae
289 3240 314 3272 se
335 3223 393 3271 dat:
417 3224 513 3272 tristitia
530 3241 585 3274 vero
634 3227 664 3276 de
675 3227 763 3276 Astrol.
773 3233 862 3282 monet‚'
872 3224 978 3273 tabulam
994 3223 1023 3271 de
1037 3221 1132 3270 Tiresia

85 3300 239 3348 contrahitur.
262 3298 314 3347 Cic.
327 3297 386 3346 Lael.
400 3299 438 3346 1³.
456 3299 542 3347 Noster
552 3299 584 3349 iv.
634 3299 836 3349 transformatione
863 3298 957 3346 fluxisse
983 3295 1047 3353 inde,
1068 3294 1133 3360 qnod

86 3372 146 3420 764:
170 3375 274 3436 generosi
290 3386 383 3419 munere
400 3369 486 3419 Bocchi
504 3372 584 3438 Diffa-
634 3375 736 3424 Tiresias
746 3373 853 3422 docuerit
865 3372 948 3421 stellas
959 3369 1070 3420 erraticas
1080 3385 1132 3418 esse

86 3447 139 3494 deve
154 3448 249 3494 animoa.
273 3444 360 3509 Virg'd.
379 3444 477 3493 AEneid.
494 3444 512 3493 i.
529 3447 585 3495 562.
634 3449 756 3513 utriusque
777 3463 861 3506 sexus;
891 3461 944 3510 quie
971 3442 1133 3508 interpretatio

86 3520 195 3570 ”cltdllt
208 3537 285 3569 tutat·
323 3519 409 3574 Vim,
424 3533 439 3566 ὃ
456 3519 584 3580 labolt'buS,
635 3539 682 3572 non
693 3521 821 3570 admodum
836 3518 957 3568 dissimilis
967 3526 1003 3566 est
1018 3516 1049 3573 ei,
1060 3531 1132 3579 qnam

85 3594 168 3644 otiosa.
203 3595 320 3651 Remiseos,
333 3592 406 3657 paulo
422 3592 544 3642 liberiores
560 3603 585 3642 et
633 3597 663 3645 de
672 3593 786 3650 Atlantis,
795 3590 928 3641 Promethei
940 3590 1086 3652 aliorumque
1097 3588 1132 3637 la·

87 3668 263 3734 petulantiores.
633 3670 697 3720 bulis
707 3668 804 3718 exhibet
815 3667 907 3722 Cicero,
917 3666 990 3714 Tuae.
1001 3679 1024 3712 v.
1038 3665 1093 3712 lll.
1202 3713 1207 3723 .

118 3748 174 3794 322.
200 3745 291 3808 Docti]
328 3747 415 3796 Doctus
434 3744 533 3810 (σοφὸς)
554 3746 584 3793 ob
666 3745 722 3791 333.
746 3743 844 3795 Firmat,
863 3739 992 3787 confirmat.
1024 3736 1133 3785 Laetant.

86 3819 208 3867 divinandi
235 3818 352 3883 peritiam.
402 3820 484 3867 Libros
512 3817 584 3866 etiarn
635 3818 659 3864 in
677 3814 778 3879 Argum.
798 3821 890 3862 tutatur
908 3812 1042 3859 sententiam
1059 3809 1132 3859 doris.

90 3892 207 3958 scripsisse
228 3892 331 3941 traditur
357 3893 466 3941 Tiresias.
502 3893 584 3947 Venus,
636 3882 1138 3951 Versus,quibusdictadovisconfirmavit,

90 3967 194 4032 voluptas
210 3981 320 4015 venerea.
344 3967 464 4023 AElianus,
479 3965 559 4013 Anim.
568 3966 586 4014 i.
636 3963 725 4010 habent
735 3959 846 4025 Apollod.
858 3968 883 4006 et
897 3956 977 4006 Schol.
988 3958 1060 4006 Hom.
1069 3955 1133 4017 Οἷην

90 4041 127 4088 25.
137 4042 265 4090 κοινωνεῖν
276 4038 408 4105 ἀφροδίτης
419 4038 543 4104 ἑκατέρας.
636 4034 773 4101 μὲνμοίρην
778 4031 835 4081 δέκα
841 4029 1053 4098 μοιρῶντέρπεται
1060 4030 1135 4096 ἀνὴρ,

120 4116 176 4162 324.
195 4114 282 4177 cotra]
301 4115 340 4163 De
351 4123 407 4163 actu
418 4128 518 4163 venereo
529 4112 588 4161 dici·
637 4110 686 4168 Τὰς
697 4107 721 4156 δὲ
733 4106 776 4157 δεκ’
788 4107 944 4173 ἐμπίμπλησι
954 4106 1019 4171 γυνὴ
1034 4103 1135 4169 τέρπου-

92 4194 135 4235 tnr.
166 4187 269 4236 Tiresias
279 4189 380 4254 primum
391 4188 496 4237 violabat
506 4185 588 4265 semel·
622 4202 671 4233 aa
682 4182 772 4247 νόημα,
792 4182 839 4229 Pro
849 4185 953 4236 materia,
966 4187 992 4227 ut
1001 4179 1137 4244 postulabat
1196 4207 1198 4211 <
