2812 5010
313 342 382 410 nn
405 339 570 409 orans
592 291 1102 438 nauanosrnosson
1144 342 1224 408 nn

179 525 259 594 rent,
278 519 314 580 in
336 515 455 601 quibus
475 512 599 593 Boeus,
617 512 710 598 cujus
726 509 965 596 Ornithogonia
984 512 1019 577 id
1037 514 1168 598 agebat,
1183 524 1222 580 ut

179 655 252 700 sves
267 656 379 701 omnes
393 634 496 720 factas
508 651 580 697 esse
595 650 638 695 ex
651 627 836 694 hominibus
850 627 1064 696 ostenderetl.
1214 624 1217 630 ’

217 751 289 819 Sed
318 752 419 818 multo
446 751 550 835 majus
578 746 880 834 memorabiliusque
908 770 991 833 opus
1018 748 1147 817 molitus
1174 761 1247 827 est=

179 868 330 936 Ovidius.
377 868 409 934 Is
429 868 514 935 enim
530 877 619 933 recte
632 866 724 943 vidit,
739 865 857 932 fabulis
877 865 939 933 illis
955 869 990 932 in
1006 890 1041 934 se
1059 870 1224 948 tenuibus,

177 1007 327 1084 maguam
348 988 445 1054 etiam
466 995 592 1071 partem
613 984 732 1070 ineptis
753 994 851 1069 atque
873 985 1034 1069 absurdis,
1056 986 1225 1053 illecebras

178 1127 248 1173 esse
269 1105 487 1174 conciliandas
506 1128 527 1169 a
547 1126 683 1190 poeseos
703 1105 908 1181 ornamentis,
925 1128 946 1169 a
964 1104 1153 1172 collectione
1172 1129 1226 1172 ea-

175 1246 259 1302 rum,
274 1224 335 1289 nisi
348 1224 500 1302 omnium,
515 1232 604 1288 certe
618 1220 838 1306 plurimarum,
853 1222 886 1286 in
900 1244 1000 1288 unum
1014 1245 1143 1309 corpus,
1158 1233 1192 1289 et
1205 1247 1226 1288 a

175 1340 327 1408 laudibus
342 1341 490 1429 Deorum
503 1341 703 1424 heroumque
717 1340 925 1424 interpositis.
961 1339 1000 1405 ld
1014 1351 1123 1407 autern
1133 1351 1224 1408 tanto
1248 1398 1252 1403 .

175 1459 306 1546 ingenio
323 1470 567 1550 tantaquearte
584 1457 704 1536 effecit,
718 1434 756 1524 nt
775 1458 960 1524 suavissime
973 1459 1135 1525 ,bonarum
1153 1458 1225 1526 lits·

175 1555 471 1645 rarumstudiosos
489 1577 532 1643 ad
551 1576 827 1661 metamorphoses
849 1578 1091 1662 cognoscendas
1112 1578 1225 1660 invitet
1249 1636 1252 1640 .

176 1706 370 1791 teneatque3
393 1698 471 1788 quin
490 1697 585 1776 adeo,
600 1706 649 1774 ut,
664 1717 704 1761 co
723 1694 850 1760 nomine
870 1696 993 1773 audito,
1009 1695 1147 1762 Ovidius
1161 1706 1227 1762 sta·

176 1816 244 1894 tim,
259 1825 413 1902 tanquam
426 1838 511 1882 unus
524 1836 636 1881 earum
648 1823 773 1891 auctor,
789 1823 947 1879 occurrat.
978 1812 1121 1892 Etenim,
1135 1813 1224 1899 quod
1252 1876 1253 1880 ,

176 1934 316 2020 primum
335 1946 396 2014 est,
414 1936 597 2002 innumeros
617 1934 715 2019 hujus
735 1932 863 2019 generis
877 1931 1017 2016 mythos,
1033 1942 1113 2017 quot
1129 1953 1229 1998 nemo·

176 2051 260 2118 forte
271 2061 348 2119 ante
360 2074 446 2131 eum,
460 2054 604 2138 undique
619 2052 791 2136 decerptos
806 2048 946 2136 collegit.
984 2049 1110 2135 ,Neque
1124 2072 1225 2137 opera

177 2171 247 2255 ejus
267 2170 352 2242 intra
370 2172 683 2257 metamorphoseon,
699 2193 777 2256 ‚quae
794 2171 927 2256 proprie
947 2171 992 2236 sic
1011 2170 1173 2248 dicuntur,
1188 2168 1226 2234 li·

177 2287 270 2372 mites
288 2289 442 2368 substitit,
458 2290 516 2355 sed
535 2291 601 2356 sive
621 2290 827 2376 plenitudinis
846 2311 956 2368 causa,
972 2290 1038 2355 sive
1058 2311 1225 2375 cosmogo·

178 2405 246 2471 nias
267 2404 460 2472 Graecorum
479 2407 664 2491 respiciens,
688 2409 721 2472 in
739 2408 916 2492 primordio
940 2409 1047 2494 operis
1069 2409 1224 2492 originem
1251 2447 1254 2453 -

179 2524 301 2603 mundi,
322 2526 516 2612 creationem
534 2527 684 2605 hominis,
707 2527 941 2592 successionem
962 2535 1103 2602 oetatum,
1119 2535 1228 2590 ortum
1256 2573 1259 2577 »

180 2643 387 2710 animantium
405 2665 447 2710 ex
463 2643 549 2723 limo,
565 2656 598 2712 et
614 2645 698 2711 libro
714 2655 860 2711 extremo
874 2642 975 2709 multa
991 2665 1010 2709 e
1027 2642 1226 2729 Pythagorae

180 2757 307 2843 placitis
327 2761 492 2827 adsumsit.
538 2761 637 2828 Unde
651 2782 728 2828 vero
747 2761 872 2848 singula
890 2762 1047 2840 hauserit,
1062 2784 1162 2847 quum
1176 2772 1226 2827 tot

178 2874 251 2954 libri
274 2878 419 2963 mythici,
442 2889 491 2946 tot
514 2881 611 2946 etiam
634 2881 750 2946 artium
771 2890 989 2959 monumenta,
1009 2902 1084 2964 quae
1105 2881 1228 2965 passim

181 2997 220 3061 ab
240 3019 281 3062 eo
299 3019 455 3083 expresse
468 2999 630 3080 videntur,
645 3001 810 3086 perierint,
828 3011 916 3066 certo
937 2974 1045 3066 dicere
1064 3021 1130 3065 non
1151 3020 1232 3084 pos·¹

181 3137 299 3181 sumus.
346 3116 462 3203 Itaque
478 3141 539 3185 neo
557 3129 694 3198 constat,
709 3130 818 3185 utrum
838 3120 909 3204 ipse
926 3117 1047 3204 aliqrdd
1061 3118 1095 3183 in
1109 3117 1231 3184 fabulis-

179 3233 344 3299 novaverit
378 3235 617 3322 addideritque,
647 3259 689 3302 an
718 3237 908 3304 Graecorum
944 3247 1068 3303 tantum
1092 3238 1226 3324 vestigia

182 3354 345 3436 presserit.
391 3353 576 3444 Conjieiunt
604 3356 760 3435 nonnulli,
784 3356 925 3422 fabulam
955 3356 996 3422 de
1026 3355 1165 3442 Pyramo
1194 3364 1227 3421 et

181 3468 319 3549 Thisbe,
335 3482 404 3536 tum
424 3471 558 3562 alteram
576 3475 617 3539 de
633 3473 823 3539 Philemone
837 3484 870 3539 et
885 3473 1042 3553 Baucide,
1057 3485 1227 3558 utramque

180 3583 273 3673 longe
298 3589 529 3668 suavissimam,
556 3603 653 3678 atque
676 3593 785 3658 etiam.
799 3593 840 3658 de
864 3591 1005 3658 Sidoniis
1030 3592 1109 3656 lnus
1130 3591 1231 3656 comi·v

181 3703 263 3768 tibus
283 3708 533 3790 appendiculam
558 3711 601 3775 ab
627 3710 699 3796 ipso
723 3733 792 3776 esse
816 3709 942 3789 fictam3
967 3712 1025 3776 sed
1046 3709 1134 3775 nulla
1156 3710 1234 3794 ejus

182 3823 373 3919 conjecturae
399 3848 498 3892 causa
520 3829 616 3894 reddi
644 3839 753 3914 potest
778 3829 965 3914 probabilis.
1019 3828 1094 3895 Hoc
1120 3839 1234 3895 autem<

181 3938 431 4018 videmus,nihil
450 3946 483 4011 in
498 3946 562 4012 hoc
579 3969 698 4033 genere
717 3947 921 4013 memorabile
938 3948 980 4012 ab
995 3970 1035 4013 eo
1054 3969 1125 4013 esse
1144 3968 1230 4032 prae·

187 4203 196 4248 f
212 4121 222 4152 ¹³
238 4124 301 4215 l'ide
312 4125 453 4180 Mellma'nni
461 4126 594 4184 Commeat.
607 4133 636 4184 de
648 4134 726 4185 causis
738 4144 763 4184 et
773 4132 909 4185 auctoribus
921 4134 1079 4186 narrationum
1091 4132 1229 4184 demutatis

195 4216 268 4255 omn.
