2812 5010
372 300 865 372 METAMORPHOSEON.
1100 307 1141 372 -lv

91 479 202 544 liberis
227 479 297 562 ejus
322 479 479 554 omnibus,
504 478 539 541 in
563 499 677 541 saxum
702 468 866 541 obduruit.
908 475 988 548 Quo
1009 478 1139 562 quidem

93 599 233 684 cognito,
254 619 337 661 unus
357 619 376 662 e
394 595 492 682 vulgo
510 597 631 682 Lycios
653 597 788 660 rusticos
804 597 837 659 in
859 618 957 660 ranas
975 619 995 660 a
1013 595 1141 662 Latona

93 738 215 793 versos,
230 714 312 780 alter
331 716 503 801 Marsyam
522 716 564 779 ab
581 712 733 799 Apolline
750 713 949 778 excoriatum
969 713 1003 776 in
1021 737 1141 780 memo·

93 834 173 898 riam
195 835 366 898 revocavit.
404 833 537 897 Nioben
553 831 645 916 luget
660 831 789 917 Pelops,
805 831 858 895 cui
877 830 1029 895 humerus
1045 834 1141 897 ebur-

93 974 173 1016 neus
193 952 290 1016 datus
310 962 389 1017 erat.
435 951 502 1015 Sed
520 949 562 1014 ad
582 947 793 1014 consolandos
813 947 991 1012 Thebanos
1011 950 1139 1015 urbium

92 1068 302 1134 finitimarum
312 1067 413 1153 legati
423 1077 651 1132 convenerunt.
687 1059 755 1129 Soli
765 1066 900 1130 deerant
910 1066 1139 1146 Athenienses,

92 1187 245 1272 quoniam
267 1209 287 1250 a
303 1186 449 1273 barbaris
464 1184 644 1270 agminibus
658 1181 904 1259 infestabantur,
920 1206 1001 1266 quos
1023 1185 1140 1251 Tereus

93 1304 191 1382 fudit,
208 1305 261 1369 cui
275 1304 424 1368 Pandion
438 1303 584 1367 Procnen
595 1301 628 1364 in
641 1300 876 1364 matrimonium
890 1301 990 1365 dedit.
1029 1286 1061 1366 Is
1076 1303 1140 1367 alio

92 1434 241 1508 tempore
261 1422 410 1487 Athenas
433 1442 592 1497 reversus,
610 1442 709 1505 quum
722 1420 941 1496 Philomelam,
958 1422 1067 1485 uxoris
1090 1445 1140 1486 so·

91 1563 210 1617 rorem,
226 1563 334 1607 secum
348 1541 547 1614 abduxisset,
563 1561 602 1603 ea
622 1548 779 1622 stuprata,
794 1536 929 1623 aliisque
944 1538 1139 1606 facinoribus

92 1660 298 1744 perpetratis,
319 1661 352 1723 in
371 1681 511 1745 upupam
532 1668 582 1721 est
600 1652 854 1733 transformatus,
871 1656 1140 1740 quemadmodum

93 1778 271 1842 Philomela
292 1779 327 1842 in
346 1777 521 1853 lasciniam,
540 1775 665 1839 Procae
683 1774 716 1836 in
736 1774 940 1837 hirundinem.
979 1773 1064 1846 Quae
1086 1798 1139 1840 res

94 1893 256 1959 Pandioni
277 1894 441 1959 intellecta
462 1904 596 1958 mortem
619 1882 735 1955 attulit.
781 1891 868 1955 Huic
891 1892 925 1954 in
944 1915 1044 1976 regno
1068 1916 1139 1960 suc·

93 2012 189 2077 cessit
203 2012 412 2088 Erechtheus,
434 2013 526 2097 cujus
545 2009 643 2074 filiam
672 2006 852 2094 Orithyiam
874 2008 997 2074 Boreas
1019 2013 1137 2096 rapuit,

93 2140 190 2214 atque
210 2152 253 2193 ex
271 2141 365 2215 rapta
383 2130 498 2195 Calain
515 2127 696 2214 procreavit
715 2139 748 2194 et
763 2128 896 2203 lemen,
912 2129 1016 2210 quiin
1030 2129 1138 2216 Argo·

92 2258 264 2311 nautarum
277 2268 413 2310 numero
426 2246 569 2323 fuerunt,
585 2262 683 2334 quum

135 2364 210 2429 Lib.
227 2363 305 2430 VII.
322 2365 443 2441 Juaora,
453 2366 544 2430 victis
562 2366 688 2429 Medeae
708 2363 829 2429 auxilio
843 2367 943 2429 tauris
962 2368 1069 2452 ignem
1082 2392 1137 2432 vo·
1215 2409 1220 2420 ·

92 2483 265 2558 mentibus,
282 2483 442 2546 seminatis
465 2482 623 2566 serpentis
646 2476 799 2556 deatlbm,
822 2504 841 2545 e
864 2483 981 2566 quibus
1000 2485 1138 2552 homines

92 2599 209 2664 mmmll
223 2598 425 2683 prodierunt,
437 2609 470 2663 et
481 2599 621 2662 dracone
636 2599 753 2680 sopito,
765 2599 863 2662 cellas
877 2622 1005 2665 acreum
1016 2604 1134 2669 retulit.

93 2716 225 2793 Medea,
251 2716 405 2782 lasonem
428 2719 461 2780 in
485 2717 648 2782 Graeciam
671 2720 832 2795 comitata,
858 2720 977 2784 AEaonl
999 2724 1137 2793 medica·

92 2844 271 2901 memorum
281 2858 344 2920 ope
354 2837 557 2919 juventutem
571 2839 724 2915 reddidit,
737 2838 946 2922 eamdemque
956 2840 1057 2906 Pelice
1067 2843 1137 2928 pol·

91 2949 188 3030 licita,
204 2956 370 3038 praemisso
383 2956 495 3020 urielis
509 2956 542 3019 in
556 2979 673 3044 agnum
687 2956 851 3020 reformati
862 2959 1045 3041 specimine,
1061 2961 1137 3027 dolo

92 3091 165 3135 eum
179 3072 307 3136 occidit.
354 3071 435 3137 Inde
449 3095 509 3158 per
523 3075 611 3138 varia
625 3074 696 3138 loca
713 3075 817 3137 multia
831 3076 967 3160 insignia
981 3081 1137 3164 transfor-

92 3188 279 3253 matioaibm
300 3188 418 3266 delata,
439 3203 514 3276 post
535 3193 657 3258 occisos
677 3193 794 3258 liberos
810 3193 921 3280 AEgeo
944 3198 1054 3280 nupsit
1075 3200 1136 3263 sub

92 3305 264 3370 adventum
284 3307 408 3386 Thesei,
423 3331 519 3392 quem
533 3333 626 3394 paene
641 3332 765 3376 veneno
780 3311 1001 3377 interfecisset.
1036 3315 1139 3400 AEgei

92 3423 209 3507 gaudia
231 3423 273 3488 de
289 3422 357 3488 filio
378 3436 511 3510 recepto
528 3430 639 3493 turbat
656 3428 777 3504 Minos,
793 3427 912 3493 bellum
934 3442 1044 3496 contra
1063 3455 1136 3498 eum

92 3564 220 3626 parans,
240 3543 381 3610 collectis
405 3547 548 3632 undique
569 3548 681 3633 copiis,
700 3549 796 3612 etiam
819 3570 837 3611 e
861 3548 958 3626 Paro,
978 3551 1035 3614 ubi
1048 3551 1137 3616 Arne

91 3659 122 3722 in
141 3656 336 3725 mercedulam
358 3663 463 3728 inerat
480 3686 644 3744 conversa,
660 3663 865 3750 AEocamque
886 3668 918 3730 in
937 3679 1046 3750 partes
1062 3693 1137 3734 suas

92 3777 219 3843 trahere
236 3780 380 3864 cupiens.
418 3781 466 3847 At
480 3782 533 3848 illa
548 3784 590 3847 ab
604 3783 714 3868 AEgeo
733 3785 832 3860 stetit,
847 3794 880 3847 et
896 3784 938 3846 ad
952 3807 1026 3849 eum
1041 3786 1138 3873 Myr·

91 3895 228 3960 miriones
242 3919 328 3975 suos,
339 3910 414 3985 post
428 3920 558 3985 gravem
572 3912 696 3985 pestem
711 3923 729 3964 e
735 3901 888 3984 formicis
902 3912 1001 3978 ortos,
1016 3903 1136 3970 auxilio

92 4013 183 4088 misit,
206 4014 290 4079 duce
319 4016 460 4102 Ceplmlo
484 4017 688 4096 Atheniensi,
713 4021 768 4103 qui
791 4018 915 4095 Phoco,
936 4021 1034 4086 AEaci
1056 4022 1136 4101 filio,

92 4142 209 4208 narrat,
224 4135 387 4218 quomodo
404 4138 446 4200 ab
462 4132 592 4202 Aurora
609 4148 642 4202 et
659 4148 771 4221 raptus
789 4149 821 4201 et
841 4137 908 4202 alla
914 4139 1029 4223 forma
1043 4142 1138 4207 indu-
