2812 5010
180 325 246 390 196
472 323 512 386 Ρ.
536 322 696 388 OVIDll
722 322 936 389 NASONIS

178 501 203 575 J
206 526 266 575 am
284 500 391 574 cibus
409 498 527 572 herba
544 499 689 596 placet;
711 499 791 595 jam
809 498 895 571 latis
913 520 1064 570 currere
1082 496 1223 595 campis

180 618 352 716 Impetus
364 625 442 704 est;
460 616 497 687 in
509 640 658 712 equam,
672 625 908 713 cognataque
923 637 1081 713 corpora
1091 625 1222 686 vertor.

179 737 279 810 Tota
288 744 416 807 tamen
424 735 565 830 quare?
581 745 687 834 pater
698 743 756 807 est
771 733 862 805 mihi
873 755 1011 829 nempe
1021 727 1224 803 biformis.‘’

179 851 287 926 Talia
304 849 445 924 dicenti
460 875 546 948 pars
565 862 623 925 est
641 862 812 925 extrema
830 849 994 947 querelae
1154 849 1225 920 665

177 968 380 1043 Intellecta
397 991 549 1065 parum;
580 967 812 1065 confusaque
828 966 945 1040 verba
961 963 1087 1038 fuere:
1136 964 1223 1058 [tur,

179 1084 274 1158 Mox
293 1109 362 1158 nec
380 1083 493 1156 verba
510 1084 676 1182 quidem,
696 1107 766 1156 nec.
784 1106 892 1179 equae
911 1105 1026 1154 sonus
1045 1079 1108 1152 ille
1123 1077 1223 1151 vide·

180 1201 258 1275 Sed
272 1200 482 1274 simulantis
494 1224 649 1298 equam3
666 1223 857 1298 parvoque
868 1198 906 1270 in
919 1208 1090 1295 tempore
1101 1204 1224 1268 certos

179 1317 310 1391 Edidit
327 1315 506 1403 hinnitus,
525 1328 564 1389 et
580 1316 736 1390 brachia
753 1315 867 1388 movit
884 1314 923 1386 iu
941 1313 1091 1385 herbas.

178 1432 275 1507 Tum
293 1432 401 1530 digiti
420 1443 569 1521 coeunt,
590 1445 629 1508 et
646 1435 780 1531 quinos
800 1432 929 1526 alligat
946 1452 1092 1525 ungues
1152 1431 1223 1500 670

178 1550 370 1648 Perpetuo
388 1574 503 1622 cornu
521 1551 613 1624 levis
629 1551 792 1646 ungula:
821 1548 958 1621 crescit
976 1555 1015 1620 et
1033 1545 1121 1630 oris,

178 1664 230 1739 Et
248 1665 334 1737 colli
353 1667 537 1763 spatium:
566 1668 687 1763 longae
705 1690 791 1764 pars
809 1663 975 1737 maxima
993 1661 1103 1760 pallae

180 1782 314 1855 Gauda
329 1781 393 1856 fit:
423 1792 541 1879 utque
559 1783 644 1880 vagi
663 1784 785 1856 crines
804 1805 871 1879 per
889 1781 987 1853 colla
999 1778 1193 1876 jacebant,

179 1897 224 1970 In
235 1899 389 1972 dextras
403 1898 529 1972 abiere
540 1901 674 1997 jubas:
696 1898 911 1997 pariterque
927 1904 1062 1968 novata
1072 1903 1133 1967 est
1151 1894 1220 1965 674

179 2012 231 2087 Et
243 2039 328 2102 vor,
345 2025 382 2088 et
399 2015 533 2090 facies:
563 2041 700 2089 nomen
719 2041 871 2113 quoque
884 2021 1052 2086 monstra
1069 2010 1219 2083 dedere.

228 2130 297 2205 VI.
327 2131 473 2220 Flebat,
501 2157 689 2231 opemque
715 2143 818 2206 tuam
845 2131 982 2203 frustra
1005 2127 1220 2225 Philyreius

327 2248 450 2335 heros,

211 2473 267 2522 66³.
288 2474 392 2538 Cognata
411 2492 512 2537 corpora,
532 2476 589 2540 quia
609 2485 677 2542 pater
725 2476 815 2525 solidae.
842 2474 920 2523 Etiam
936 2480 1013 2522 vestes
1028 2477 1152 2519 mutantur
1169 2483 1222 2517 cum

152 2598 154 2602 ,
178 2563 208 2596 ex
227 2556 293 2613 parte
312 2565 395 2613 equus.
430 2550 477 2598 Sed
499 2550 539 2599 ille
561 2560 676 2615 exparte
725 2567 829 2615 corpore,
841 2549 931 2609 qemi.
940 2549 1004 2597 236:
1021 2545 1063 2594 sed
1074 2561 1150 2610 quum
1161 2559 1224 2592 nunc

177 2631 271 2671 tantum
283 2631 307 2670 et
316 2623 424 2686 biformis,
435 2640 477 2672 cur
486 2625 557 2688 igitur
572 2641 616 2688 ego
630 2635 676 2672 tota
724 2627 825 2689 pallufit
835 2628 918 2681 cauda,
928 2621 1024 2671 lascivit
1034 2619 1157 2684 ingenium
1168 2634 1222 2684 poe-

177 2704 255 2745 vertor
265 2696 290 2745 in
301 2701 406 2762 equaml
424 2699 517 2760 Nempe.
526 2700 622 2763 quippe.
724 2711 763 2748 tae.
795 2700 943 2761 Utjncubaat
952 2715 961 2755 ,·
978 2695 1033 2743 vide
1042 2694 1073 2742 ad
1083 2695 1142 2742 272.

211 2774 267 2821 665.
287 2773 353 2820 ratu
370 2773 476 2835 tumre]
495 2772 587 2822 Passim
604 2773 676 2823 ovio.
758 2775 814 2823 era.
828 2757 1062 2839 reparamentum
1073 2768 1098 2816 in
1109 2783 1156 2816 uno
1168 2765 1224 2814 coru

177 2847 254 2910 fingit,
271 2848 343 2895 verbe
363 2846 483 2912 loquentis
504 2848 605 2913 abrupta
625 2863 675 2897 esse
724 2852 799 2899 latere
810 2848 943 2914 dependere
954 2846 1037 2895 solent.
1066 2844 1147 2892 Verba
1160 2844 1225 2903 pari·

177 2920 229 2985 ipsa
248 2921 458 2977 transformatione,
473 2928 500 2971 ut
518 2924 574 2971 363.
607 2921 675 2971 Idem
725 2935 810 2988 terque,
829 2933 875 2973 etc.
896 2921 971 2970 otiosa
991 2926 1015 2968 et
1031 2917 1148 2982 languida
1169 2927 1225 2964 sunt

178 3010 242 3043 nunc
263 2995 335 3043 latins
356 3002 451 3051 tractat,
470 3004 495 3044 et
515 2995 638 3043 transitum
661 3012 675 3044 a
725 3008 779 3066 post
802 2997 992 3062 descriptionem,
1021 3009 1074 3057 quae
1102 2990 1226 3055 praeeedit.

176 3084 235 3117 voce
256 3069 360 3117 humana
382 3070 413 3117 ad
435 3070 539 3118 hinnitus
558 3069 675 3132 gradatim
726 3076 814 3123 Nomen
823 3075 912 3128 dedere,
922 3085 1008 3134 nempe
1019 3068 1099 3132 Hippo
1110 3073 1152 3114 aut
1163 3065 1224 3129 Hip-

177 3141 298 3198 describit.
314 3153 341 3191 ut
359 3145 408 3192 586
426 3159 475 3209 seq.
489 3145 519 3192 ab
534 3143 626 3192 incessu
643 3144 674 3192 ad
724 3165 755 3213 pe
772 3148 838 3195 dicta
853 3151 904 3193 est:
922 3153 1030 3198 nwnstra,
1041 3139 1225 3195 transformatio,

176 3216 291 3264 walum·
320 3218 351 3265 In
361 3217 459 3274 talibu&
470 3217 558 3282 quippe
569 3217 674 3281 argutiis,
724 3231 751 3271 ut
762 3223 818 3270 367.
830 3228 871 3268 aut
882 3227 969 3267 novata
976 3216 1056 3265 facies.

176 3291 267 3354 placuit
281 3291 327 3340 sibi
343 3291 464 3355 ingenium
480 3301 565 3356 poene.
598 3293 673 3341 Simu·
757 3293 895 3344 oro-707.
923 3293 1012 3346 Flebat,
1038 3289 1097 3352 etc]
1127 3287 1226 3336 Funda-

177 3368 255 3424 tauris,
266 3366 389 3416 imitantis.
414 3369 473 3416 Mox
485 3371 530 3416 edit
542 3377 612 3417 certos
623 3371 674 3418 hin·
724 3378 830 3419 mentum
841 3368 928 3416 fabulae
939 3363 1059 3430 sequentis
1071 3363 1097 3411 in
1110 3363 1225 3420 Homero,

175 3444 247 3498 nitur,
265 3442 348 3505 quales
368 3458 437 3491 verus
456 3458 531 3506 equus
552 3442 610 3500 edit,
627 3459 674 3492 non
724 3444 806 3508 hymn.
829 3443 855 3490 in
881 3439 1037 3495 Mercurium,
1064 3436 1226 3503 copiosissime

176 3533 235 3580 quos
251 3515 337 3581 aliquis
351 3517 673 3582 imitanrequisonumellin·
724 3525 846 3566 tractatur.
884 3515 922 3563 Ibi
945 3512 1088 3568 Mercurius,
1108 3527 1137 3560 eo
1163 3509 1226 3574 ipso,

175 3601 250 3653 geret,
260 3590 409 3656 perspicuos:
429 3591 482 3639 vide
494 3591 524 3640 ad
535 3609 558 3639 v.
569 3592 627 3640 296.
725 3608 771 3656 quo
792 3599 860 3639 natus
876 3598 935 3645 erat,
951 3587 998 3644 die,
1013 3602 1042 3634 ex
1059 3586 1138 3634 bubus
1155 3585 1224 3632 Deo·

208 3668 264 3714 669.
282 3666 464 3729 Brachia,etc.]
483 3668 560 3715 Prono
578 3682 674 3731 corpore
724 3681 784 3722 rum,
804 3680 863 3729 quas
884 3662 972 3727 Apollo
992 3661 1016 3709 in
1036 3659 1121 3708 Pieriae
1143 3667 1227 3706 monte

174 3742 249 3806 coepit
262 3739 366 3789 brachiis
381 3740 478 3789 mutatis
492 3740 608 3789 incedere.
632 3741 674 3788 Co·
724 3741 846 3804 pascebat,
857 3735 1030 3802 quinquaginta
1047 3750 1140 3782 summa
1156 3732 1227 3781 calli·

176 3825 240 3869 eunt,
260 3815 396 3862 coalescunt
417 3814 548 3863 interstitiis
567 3815 674 3862 sublatis.
724 3813 798 3862 ditate
819 3829 862 3877 per
883 3811 1002 3859 Boeotiam
1023 3807 1103 3871 abegit
1126 3807 1158 3854 ad
1180 3807 1226 3854 Al-

176 3887 215 3933 Sic
232 3887 331 3934 vulnera
347 3887 460 3940 dicuntua
476 3890 543 3943 coire,
558 3897 582 3935 et
599 3904 671 3952 aqua,
723 3888 810 3952 pheum
829 3887 853 3934 in
872 3886 1045 3949 Peloponneso,
1062 3895 1134 3946 atque
1150 3897 1227 3946 prope

176 3974 230 4021 quae
241 3962 387 4023 congelatur.
415 3961 528 4009 Contrai.
542 3963 604 4009 742:
624 3962 672 4009 Un-
724 3962 811 4025 Pylum
824 3961 849 4008 in
865 3967 932 4008 antro
947 3959 1050 4023 quodam
1065 3954 1228 4005 abscondidit.

173 4034 233 4096 gula
246 4036 272 4080 in
289 4037 367 4096 quinos
380 4037 469 4097 dilapsa
486 4038 614 4084 absumitur
629 4053 673 4083 rra·
724 4037 753 4082 In
773 4035 856 4083 itinere
881 4049 953 4098 prope
975 4032 1123 4081 Onchestum
1143 4046 1228 4078 senem

174 4122 247 4170 guen,
264 4107 370 4155 ubivide
381 4117 469 4156 notam.
496 4111 616 4170 Perpetuo,
627 4124 674 4156 non
725 4108 848 4157 vinitorem
870 4117 945 4172 rogat,
966 4123 996 4154 ne
1017 4107 1104 4154 lurtum
1124 4105 1231 4170 prodat3

175 4181 264 4241 sciss05
290 4183 385 4246 ungula·
403 4182 464 4230 enim
487 4199 600 4247 equorum
619 4190 675 4229 sunt
725 4198 806 4231 verum
825 4181 866 4230 ille
886 4180 993 4246 Apollini
1012 4182 1085 4228 boves
1103 4179 1232 4244 qurerenti,
