2812 5010
262 386 264 392 ·
293 345 359 412 884
556 398 559 403 .
583 339 625 406 Ρ.
648 337 808 405 ovibu
832 335 1045 404 NASONIS

300 519 409 591 Stare
425 510 549 589 Deum
565 513 703 612 pelagi,
720 513 909 608 longoque
926 509 1035 585 ferire
1052 507 1216 583 tridente
1292 509 1337 580 75

297 633 445 731 Aspera
462 654 555 705 saxa
571 630 672 717 facit,
692 628 894 726 medioque
912 651 935 702 e
951 627 1105 702 vulnere
1122 622 1206 698 saxi

299 749 491 823 Exiluisse
507 747 655 834 fretum,
675 769 753 844 qno.
768 744 926 844 pignore
943 742 1109 816 vindicet
1126 741 1272 814 urbem.

298 865 352 939 At
369 865 439 938 sibi
456 865 522 938 dat
538 865 727 961 clypeum,
746 864 812 936 dat
829 872 948 936 acutae
967 858 1133 957 cuspidis
1151 857 1319 942 hastam3

301 980 379 1054 Dat
395 981 542 1077 galeam
560 978 700 1077 capiti3
729 979 943 1054 defenditur
961 977 1081 1074 aegide
1098 982 1255 1073 pectus:

300 1096 602 1192 Percussamque
620 1118 688 1169 sua
705 1095 857 1170 simulat
873 1094 921 1168 de
939 1092 1097 1191 cuspide
1114 1102 1252 1164 terram
1294 1092 1353 1175 80,

277 1299 278 1302 Ἴ
300 1212 466 1286 Prodere
483 1236 570 1286 cum
587 1210 713 1285 baccis
730 1210 860 1285 foetum
878 1208 1046 1284 canentis
1063 1207 1190 1296 olivae;
1216 1246 1218 1250 >

299 1326 507 1425 Mirarique
526 1326 629 1401 Deos
645 1352 653 1401 :
682 1327 786 1425 operi
802 1327 956 1400 victoria
972 1325 1083 1398 finis.

300 1443 355 1516 Ut
372 1454 499 1517 tamen
516 1442 700 1541 exemplis
718 1442 904 1538 intelligat
921 1442 1057 1516 aemula
1073 1439 1209 1524 laudis,

330 1606 370 1655 75.
387 1607 453 1656 Stare
464 1607 560 1670 Deum]
589 1605 727 1655 lectionem
738 1623 795 1654 nare
843 1621 891 1654 non
902 1613 982 1653 tamen
993 1601 1104 1666 ambiguo
1112 1597 1278 1648 illorocabulo
1285 1596 1340 1646 Ori·

297 1688 361 1728 recta
371 1680 598 1745 Gierr'g.improbat;
609 1695 711 1745 namque
721 1680 796 1729 Hein·
844 1679 898 1729 dius
910 1679 936 1727 in
951 1679 996 1727 hac
1012 1674 1144 1727 narratione
1162 1672 1270 1741 Neptuni
1284 1687 1341 1738 opus

296 1752 345 1801 sius
353 1770 474 1818 nunquam
482 1754 542 1802 vidit
550 1755 691 1819 Neptunum
701 1763 797 1804 nantem
845 1751 1003 1819 expressisset.
1035 1751 1130 1798 Frustra
1139 1747 1340 1796 Schirachiusob·

299 1843 372 1890 quum
384 1831 483 1876 tridente
493 1845 546 1876 rura
556 1827 627 1892 ferit.
660 1828 740 1876 Ferire
755 1831 797 1876 tri-
843 1829 905 1894 jicit,
913 1842 977 1875 mare
984 1824 1086 1874 texendo
1094 1823 1226 1887 effinginon
1232 1821 1341 1888 potuisse.

298 1902 373 1958 dente,
384 1909 430 1950 etc.
457 1901 519 1950 Cum
529 1901 574 1949 hoc
585 1902 636 1949 loco
646 1901 796 1950 conserantur
843 1902 938 1952 Etenim
948 1917 1016 1952 versu
1026 1901 1081 1948 104.
1089 1897 1202 1948 Arachne
1211 1915 1275 1946 more
1284 1897 1342 1946 adeo

298 1989 379 2022 versus
396 1976 444 2024 283
461 1983 485 2024 et
503 1977 552 2024 284
567 1974 621 2023 libri
634 1974 653 2024 i.
690 1974 795 2032 Vulnere,
845 1977 1046 2026 Mediterraneum
1054 1973 1159 2038 effingit;
1170 1981 1194 2021 et
1201 1972 1341 2038 apudClan·

298 2046 374 2097 hiatu.
407 2050 520 2098 Enitur'sss
521 2049 623 2114 fretum.
632 2048 703 2097 MSS.
714 2048 796 2098 etedi-
846 2052 952 2100 diarum.
967 2047 1049 2097 xxxiii.
1061 2049 1119 2096 253.
1135 2045 1277 2110 Proserpina
1286 2056 1342 2094 ostro

297 2128 360 2170 tores
369 2123 472 2188 plurimi,
482 2125 573 2190 ferum,
584 2140 680 2188 equum,
691 2132 718 2172 ut
728 2124 797 2172 Phas-
839 2125 927 2190 fundit
937 2139 1016 2186 oqrms.
1049 2123 1081 2169 Et
1095 2120 1167 2185 quale
1176 2119 1222 2168 hoc
1237 2118 1341 2184 Neptuni

299 2193 364 2253 drus,
376 2197 397 2246 Ι.
408 2196 456 2246 lab.
467 2197 510 2247 xii.
522 2201 547 2248 9.
557 2198 598 2247 uhi
610 2197 664 2246 vide
679 2198 796 2263 Interpre-
839 2200 932 2265 fretum
942 2197 1020 2253 luerit,
1031 2192 1102 2244 modo
1111 2193 1224 2243 vidimus.

299 2267 408 2320 tationes.
431 2270 554 2335 Virgilius,
566 2273 654 2335 Georg.
667 2269 683 2319 i.
696 2273 740 2319 12:
758 2273 798 2320 cui
879 2275 919 2322 80.
946 2272 1053 2328 Simulat,
1080 2269 1200 2336 pingendo
1228 2267 1342 2334 exprimit.

294 2344 371 2403 primo
379 2345 517 2408 frementes
531 2345 605 2393 Fodit
620 2361 701 2407 speum
715 2361 798 2409 magno
848 2348 884 2397 De
894 2348 1002 2408 mtsptde3
1013 2338 1059 2392 'hic
1069 2341 1204 2409 prepositis
1214 2341 1289 2391 otiosa
1298 2349 1341 2391 est.

299 2418 369 2466 telles
378 2433 484 2480 pererrem
495 2421 599 2468 tridenti.
617 2419 706 2466 Verum
722 2418 797 2466 Hero·
848 2423 956 2477 Prodere,
964 2419 1027 2467 idem
1036 2432 1117 2482 quarn,
1124 2416 1206 2465 edere.
1226 2417 1284 2464 &rm
1293 2419 1341 2464 bne·

298 2491 350 2539 dot.
358 2491 409 2540 viii.
420 2495 452 2541 55
461 2510 468 2552 ;
477 2490 644 2558 Apollodorus,
655 2492 704 2539 111.
710 2490 758 2540 riv.
768 2494 797 2552 l;
846 2499 886 2543 eir.
918 2494 1005 2542 Baccre
1020 2491 1110 2540 fructus
1125 2489 1221 2556 proprie
1236 2490 1343 2538 dicuntur

298 2564 393 2615 llirner.
411 2566 473 2631 apud
489 2566 559 2614 Phot.
574 2582 599 2630 p.
612 2565 689 2626 11:343
705 2565 797 2614 Pansa·
846 2568 925 2624 olive,
947 2574 973 2616 et
992 2564 1104 2614 similium
1122 2566 1243 2621 arborum,
1260 2563 1301 2628 qui
1320 2571 1343 2612 et

298 2638 358 2697 nias,
375 2639 453 2690 Attio.
467 2656 492 2705 p.
507 2642 538 2689 57
546 2658 561 2700 ;·
571 2640 647 2688 Varro
665 2638 729 2704 apud
747 2638 798 2688 Au·
846 2641 927 2706 exigui
942 2648 1036 2689 suntet
1052 2640 1107 2696 rari,
1120 2653 1149 2687 ac
1166 2654 1182 2687 a
1199 2654 1226 2687 se
1243 2637 1341 2687 invicem

298 2720 361 2776 gnst.
378 2714 403 2761 d.
419 2714 452 2774 l.;
469 2714 568 2770 Statius,
586 2714 662 2762 Theb.
679 2712 721 2761 xii.
738 2713 796 2763 632.
846 2714 949 2780 separati
959 2720 1096 2762 nascuntur.
1128 2712 1230 2761 Fctum.
1262 2711 1342 2760 Inhoc

298 2795 436 2845 memorant,
445 2804 507 2837 mure
514 2787 653 2854 produxisse
660 2786 734 2836 inilia
741 2801 796 2835 con-
845 2788 960 2837 vocabalo
976 2787 1050 2835 haret
1062 2786 1176 2836 Glarean.
1189 2802 1264 2850 quum
1279 2787 1345 2836 arbor

298 2861 404 2910 tentione
415 2863 562 2927 Neptunum.
584 2861 674 2910 Confer
690 2860 797 2911 Bentlei·
846 2860 961 2910 nominari
983 2859 1115 2908 debuisset.
1154 2859 1227 2908 Oliva
1246 2862 1344 2909 mnentir

299 2949 348 2990 um,
360 2934 391 2983 ad
402 2936 535 2993 Horatium,
547 2937 568 2984 1.
580 2935 629 2984 Od.
641 2935 684 2985 vii.
696 2937 719 2985 7.
752 2935 798 2985 Per
847 2935 960 2990 acolore,
971 2950 1042 2999 quem
1057 2932 1154 2981 inferius
1164 2932 1275 2982 loliorum
1284 2934 1344 2983 latus

298 3022 369 3064 mere,
379 3006 519 3066 Θάλασσαν,
531 3018 611 3058 autem
626 3009 662 3057 illi
676 3009 799 3059 intellere·
848 3010 927 3057 refert.
944 3007 1066 3072 Virgilius,
1082 3006 1165 3071 Eclog.
1180 3023 1232 3056 rer.
1246 3010 1283 3056 16.
1294 3010 1344 3070 pnt-

298 3089 354 3129 runt
370 3098 485 3147 aquarum
501 3084 676 3148 scaturiginem,
692 3092 800 3148 puteum,
850 3084 999 3131 kntbotivoe.
1031 3083 1169 3130 Burmanno
1179 3097 1228 3130 non
1237 3081 1344 3148 displicet

299 3167 387 3217 aquam
401 3156 516 3204 marinam
526 3157 625 3205 occultis
635 3163 702 3205 terre
716 3157 800 3205 meati-
849 3157 921 3205 lectio
937 3155 1100 3213 Bononiensis,
1113 3171 1204 3203 romum
1213 3157 1345 3220 frondentis

299 3227 345 3275 bus
364 3229 499 3278 affluentem
518 3229 544 3277 in
562 3229 687 3278 Erechthei
706 3230 758 3280 rede
772 3230 798 3279 in
848 3233 958 3288 atinent
971 3230 1073 3278 nllusum
1086 3228 1117 3277 sit
1129 3228 1343 3287 8116131083,θῆ-

299 3302 410 3367 acropoli,
421 3319 475 3368 qne
486 3303 625 3369 Apollodori
638 3303 716 3353 adhuc
727 3313 797 3353 aetate
847 3305 902 3354 λειν
920 3314 945 3354 et
960 3303 1073 3363 idithun,
1099 3317 1153 3367 qure
1172 3317 1243 3352 rocas
1263 3321 1299 3369 pr.
1316 3304 1344 3354 da

299 3376 476 3425 ostendebatur.
522 3377 614 3440 Equum
634 3387 713 3427 autem
734 3378 798 3445 apud
848 3379 893 3428 hac
910 3394 978 3428 sacra
994 3376 1101 3427 Palladis
1119 3376 1183 3426 oliva
1203 3376 1276 3426 dictur
1293 3377 1344 3427 sint.

299 3449 434 3515 Virgilium,
446 3450 493 3499 alio
508 3459 614 3516 ternpore
627 3467 656 3501 ex
671 3452 798 3502 Thessalia
847 3452 953 3502 Frustra.
978 3452 1056 3500 Arbor
1073 3449 1196 3499 commode
1207 3451 1284 3515 setus
1299 3450 1344 3500 dici

298 3523 402 3588 scopulis
409 3539 535 3573 excussum
543 3526 651 3574 nonnulli
657 3525 798 3577 existimant.
847 3525 932 3592 potuit,
945 3539 1029 3588 nempe
1044 3533 1120 3571 terrae.
1153 3522 1202 3570 llla
1217 3523 1270 3588 ipsa
1283 3524 1342 3581 olea,

287 3598 356 3663 Non
366 3597 438 3662 igitur
448 3598 556 3648 dubitavi
564 3601 663 3649 alteram
674 3601 799 3650 lectionem
849 3615 921 3664 qnam
941 3599 1051 3647 Minerva
1072 3595 1224 3661 produxerat,
1246 3597 1272 3645 in
1292 3612 1344 3646 arca

291 3671 384 3736 fretum
400 3687 519 3722 revocare.
551 3674 689 3723 Lactamius
703 3675 799 3739 quidem
847 3672 1030 3722 Atheniensium
1056 3671 1202 3728 servabatur,
1224 3666 1285 3720 teste
1304 3673 1342 3720 So·

300 3744 424 3793 manifeste
435 3745 493 3808 legit
495 3747 590 3812 fretum
597 3764 606 3805 ,·
618 3763 674 3795 nam
685 3745 709 3794 in
720 3746 798 3811 Argu-
848 3748 941 3813 phocle‚
957 3747 1013 3796 OEd.
1028 3746 1080 3794 Col.
1095 3745 1144 3794 686
1158 3761 1213 3810 sqq.
1229 3753 1254 3794 et
1269 3753 1344 3794 osten·

299 3826 379 3867 mento
398 3822 473 3868 locam
491 3823 574 3870 schum
592 3831 714 3870 memorat.
746 3824 799 3871 Nac
848 3823 948 3872 debatur
964 3822 1042 3870 adhuc
1059 3819 1343 3886 temporeApollodoriin

299 3901 406 3956 apparet,
428 3892 486 3957 qnid
505 3911 548 3960 per
567 3912 649 3959 aprum
667 3895 799 3960 significare
848 3896 962 3945 Pandrosi
972 3895 1068 3945 sacello.

298 3965 415 4014 voluerint
434 3967 460 4015 in
482 3968 527 4017 hac
547 3969 637 4026 fabula,
657 3984 731 4033 quum
752 3983 798 4017 nec
881 3973 921 4020 112.
934 3967 1190 4032 Operioictoriofinir.]
1212 3966 1344 4028 Opissclau·

299 4040 434 4104 Neptunus,
448 4057 492 4090 nec
509 4042 579 4106 prisci
592 4042 668 4091 Attici
685 4058 798 4108 equorum
848 4044 879 4093 sit
888 4044 959 4100 oliva,
967 4043 1099 4108 symbolum
1109 4041 1184 4106 pacis,
1194 4041 1220 4089 in
1230 4039 1345 4105 suffragiis

298 4113 415 4183 inprimis
425 4129 506 4163 curum
520 4117 645 4180 gesserint.
678 4117 710 4165 Et
722 4133 797 4182 qnan-
848 4117 958 4177 rictorla3
976 4116 1029 4165 vide
1040 4115 1102 4164 inira
1114 4129 1207 4164 versum
1221 4115 1275 4163 101.

299 4189 445 4253 quamserur
455 4188 572 4237 interdurn
583 4191 613 4238 de
625 4206 687 4255 equo
697 4190 796 4246 dicatur,
