2812 5010
364 326 833 393 METAMORPHOSIION
857 325 948 390 LIB.
973 325 1022 390 II.

1152 327 1217 393 147

175 503 374 601 Enitantur
391 503 500 599 equi:
530 501 654 575 medio
672 510 731 574 est
749 501 932 575 altissima
948 501 1065 588 coel0;

175 619 286 692 Unde
304 642 408 691 mare
427 627 465 691 et
481 628 599 691 terras
618 617 690 714 ipsi
708 616 800 693 mihi
819 641 921 714 saepe
940 616 1068 689 videre
1170 620 1218 689 65

174 735 233 808 Fit
250 735 376 820 timor,
390 745 428 808 ct
446 734 582 833 pavida
599 733 763 831 trepidat
779 733 975 806 formidine
993 742 1148 831 pectus:

176 851 320 923 Ultima
333 874 451 949 prona
464 850 524 923 via
541 859 612 935 est,
632 860 671 922 et
686 859 772 945 eget
790 849 1044 922 moderamine
1058 858 1174 922 cert0.

175 965 280 1037 Tunc
300 965 425 1050 etiarn,
447 989 532 1060 quae
551 988 610 1037 me
630 965 812 1061 subjectis
830 965 974 1063 excipit
991 963 1115 1049 undis

176 1080 233 1154 Ne
251 1080 349 1153 ferar
367 1081 405 1152 in
423 1104 605 1178 praecepS,
624 1079 769 1178 Tethys
785 1081 881 1153 solet
899 1080 981 1179 ipsa
998 1080 1129 1153 vereri.

176 1198 298 1283 Adde,
317 1197 421 1294 quod
440 1196 591 1269 assidua
608 1197 751 1294 rapitur
766 1196 948 1293 vertigine
965 1197 1125 1283 coelum3
1171 1201 1218 1268 70

179 1313 386 1409 Sideraque
401 1314 477 1385 alta
489 1313 615 1399 trahit,
632 1315 821 1411 celerique
831 1313 1021 1386 volumine
1038 1321 1201 1406 torquet.

178 1427 288 1500 Nitor
305 1428 343 1499 in
361 1427 581 1502 adversum:
611 1453 681 1502 nec
699 1454 772 1515 me,
793 1429 859 1526 qui
877 1439 1015 1515 cetera,
1031 1428 1147 1501 vincit

179 1543 374 1642 Impetus:
403 1553 442 1617 et
459 1545 589 1643 rapido
607 1545 812 1619 contrarius
831 1546 966 1643 evehor
984 1543 1077 1618 orbi.

179 1736 259 1786 creati.
277 1736 371 1786 Passim
381 1740 468 1802 integri
479 1748 503 1787 et
512 1749 611 1788 recenter
619 1755 676 1788 con-

177 1812 315 1876 junguntur,
331 1820 404 1877 atque
424 1813 558 1878 defatigatis
574 1822 598 1862 et
608 1815 679 1878 fessis

179 1902 233 1952 opp.
246 1906 251 1934 :
269 1886 319 1937 vid.
331 1888 426 1936 Ciolan.

210 1961 250 2009 66.
269 1961 381 2025 Pacida]
402 1961 492 2010 Pavido
508 1961 607 2010 otiosum
624 1961 679 2026 qui-

179 2034 232 2082 dem
243 2034 267 2082 h.
278 2035 297 2082 l.
309 2043 360 2095 est;
377 2033 419 2082 sed
430 2035 507 2082 solent
518 2043 594 2099 poetae
605 2035 678 2084 inter-

181 2107 235 2157 dum
253 2108 290 2156 uti
308 2108 419 2174 epithetis
436 2108 552 2166 affinibus,
571 2117 595 2158 et
614 2109 678 2159 idem

179 2183 226 2231 iere
238 2183 375 2230 notantibus
386 2182 450 2246 quod
460 2182 618 2240 substantiva,
625 2183 677 2247 qui-

179 2255 223 2304 bus
238 2255 370 2304 adduntur.
404 2255 468 2304 Hinc
485 2259 584 2318 pauidus
599 2268 679 2314 metus,

181 2332 356 2387 mercenaria,
367 2338 416 2378 etc.
433 2329 496 2380 Vide
508 2331 680 2379 Burmannum.

212 2404 254 2452 67.
283 2403 371 2451 Ultimo
387 2420 462 2464 prona
482 2403 540 2465 010]
558 2404 680 2452 Ascensus

182 2484 275 2542 propter
293 2475 453 2524 acclivitatem
472 2476 559 2536 durus3
575 2475 680 2524 medium

179 2548 230 2608 iter,
256 2558 352 2615 propter
378 2547 537 2606 altitudinem,
559 2549 680 2610 terribile;

179 2624 317 2683 descensus,
336 2634 432 2691 propter
451 2642 542 2683 casnm,
561 2625 680 2687 difficilis;

181 2699 231 2748 hac
243 2699 289 2748 tria
298 2700 370 2764 plena
380 2707 457 2748 metus
467 2708 531 2748 0001.

211 2775 253 2823 69.
274 2773 357 2836 Tethys
373 2773 450 2836 solet]
468 2773 543 2831 Infra,
561 2773 594 2822 iv.
615 2775 679 2823 632:

182 2849 271 2896 Pontus
293 2848 351 2896 Sciit
376 2849 464 2895 anhelis
485 2848 586 2910 AEquora
605 2851 681 2896 snhdit

182 2925 252 2986 equis.
273 2922 321 2970 Sed
334 2937 377 2986 pro
387 2921 446 2970 mari
459 2922 541 2985 Tethys
554 2922 579 2970 in
593 2921 681 2987 mythis

180 2995 236 3062 poni
248 2997 316 3044 solet.
350 2995 409 3044 Haec
424 2995 495 3059 igitur
508 2995 570 3044 bene
581 2997 679 3045 010001-

180 3085 236 3134 pere
250 3069 338 3125 Solem,
353 3077 377 3117 et
388 3085 438 3118 ver.
452 3070 508 3118 156.
526 3085 596 3118 mane
612 3070 680 3117 emit-

181 3151 229 3192 tere
250 3142 348 3191 dicitur.
382 3144 414 3191 Et
432 3159 494 3191 nuuc
517 3159 572 3192 cum
593 3144 681 3193 dilectu

181 3225 387 3274 commemoratur,
398 3216 454 3281 quia
465 3220 532 3264 timor
540 3216 582 3265 ille
593 3217 619 3264 in
634 3217 681 3282 pri·

181 3291 226 3340 mis
244 3291 356 3339 convenit
375 3291 470 3356 Tethyi,
490 3291 569 3339 amitae
593 3290 680 3340 Phoebi

181 3381 285 3430 quacum
297 3365 346 3414 alia
355 3365 505 3414 confunditur
512 3365 603 3415 Thetis.

213 3440 255 3486 70.
277 3439 416 3504 Vertigtnc.]
439 3440 539 3504 Vertigo‚
553 3441 682 3488 circumvo-

180 3512 249 3560 lutio.
278 3513 366 3561 Coelnm
383 3522 463 3561 autem
483 3517 577 3575 0001100
592 3517 683 3562 assidue

181 3589 295 3651 vertigine
321 3604 351 3636 er
372 3587 462 3637 ratione
489 3588 639 3653 aspectabili,
658 3597 682 3638 et

181 3659 293 3725 opinione
304 3661 428 3718 Veterum,
439 3678 492 3725 quae
508 3663 527 3710 si
540 3678 595 3711 vera
612 3671 682 3720 esset,

181 3742 250 3783 tanta
266 3735 326 3784 soret
342 3734 410 3787 istius
426 3735 582 3785 conversionis
600 3736 682 3784 celeri-

183 3815 228 3866 tas,
244 3817 359 3872 quantam
373 3808 475 3872 cogitare
493 3826 543 3858 uon.
555 3826 682 3874 possemus.

182 3882 236 3932 Cic.
248 3883 321 3932 Tusc.
338 3883 356 3930 i.
370 3885 412 3932 28.
445 3885 513 3932 Bene
531 3883 603 3948 igitur
618 3887 681 3945 rupi-

182 3965 229 4013 100,
247 3972 295 4020 quo
307 3958 379 4005 verbo
398 3957 506 4006 celeritas
523 3966 547 4005 et
557 3958 683 4006 vehemen-

181 4028 215 4078 h'a
233 4029 380 4079 declaratur.
412 4031 509 4080 Coelum
526 4033 610 4089 sideru,
630 4047 683 4096 quae

182 4101 204 4150 ei
215 4104 281 4152 velut
299 4105 372 4153 affixa
382 4104 500 4162 videntur,
511 4107 591 4161 trahit,
603 4121 683 4154 secum

183 4178 334 4242 circumagit.
374 4179 459 4227 Senec.
478 4180 512 4227 N.
527 4181 560 4238 Q.
583 4179 625 4229 vii.
646 4180 684 4226 10.

726 1740 810 1788 laudat
819 1739 882 1788 hunc
893 1739 970 1804 ipsum
980 1755 1080 1795 versum,
1092 1746 1119 1786 ut
1129 1741 1223 1802 vertigi-

726 1818 763 1862 nis
781 1814 829 1864 vim
843 1814 899 1862 inde
918 1814 1061 1877 comprobet,
1082 1813 1224 1878 doceatque,

727 1898 810 1936 motum
819 1897 881 1936 motu
889 1890 1004 1936 contrario
1015 1890 1084 1937 vinci.

761 1963 802 2010 72.
821 1962 891 2010 Nitor
905 1965 932 2009 in
950 1962 1089 2023 adversum]
1112 1963 1144 2009 Et
1160 1978 1224 2021 mox,

728 2039 808 2099 rapido
829 2039 957 2084 contrarius
977 2037 1055 2083 evehor
1075 2039 1123 2083 orbi
1142 2036 1224 2084 eodem

727 2110 841 2159 redeunt:
864 2113 993 2158 contrarius
1012 2112 1067 2166 ochi,
1087 2120 1168 2158 contra
1188 2127 1224 2158 or-

728 2187 783 2241 bem,
802 2185 818 2233 i.
835 2201 857 2234 e.
879 2185 977 2232 coelum.
1012 2184 1116 2232 Plauetae
1133 2185 1226 2250 proprio

728 2259 830 2324 quodam
847 2267 913 2307 motu
927 2259 1042 2316 feruntur,
1053 2266 1124 2322 atque
1140 2259 1223 2323 paula·

728 2334 770 2382 tim
788 2334 817 2381 ab
836 2347 922 2381 occasu
937 2348 1019 2380 versus
1035 2339 1111 2380 ortum
1130 2347 1225 2380 moven-

728 2415 774 2464 tur,
786 2415 812 2456 ut
824 2406 910 2454 docent
919 2404 1064 2453 Astronomi.
1097 2404 1166 2452 Idem
1177 2407 1226 2455 Ve-

729 2489 789 2530 teres
799 2480 917 2545 putabant
925 2479 955 2528 de
966 2479 1019 2527 Sole
1029 2497 1035 2526 :
1053 2476 1106 2526 vide
1116 2480 1226 2531 Macrob.

728 2556 808 2603 Somn.
834 2554 898 2619 Scip.
917 2553 936 2602 i.
961 2555 1008 2612 183
1036 2552 1126 2616 Hygia.
1155 2554 1224 2601 Poet.

728 2627 825 2676 Astron.
843 2628 876 2675 iv.
896 2629 943 2686 133
962 2625 1026 2673 Plin.
1044 2626 1107 2674 Hist.
1125 2626 1183 2674 Nat.
1199 2626 1226 2674 ii.

730 2705 754 2750 8.
788 2703 857 2767 cujus
880 2703 953 2750 verba
984 2700 1101 2749 ascribere
1128 2700 1225 2764 placet:

729 2776 871 2826 “Omnium
888 2784 967 2824 autem
983 2774 1111 2824 errantium
1123 2774 1226 2824 siderum

730 2858 830 2907 meatus,
849 2850 957 2914 interque
975 2864 1004 2896 ea
1024 2849 1084 2896 Solis
1100 2855 1125 2896 et
1143 2848 1226 2905 Lunae,

731 2925 872 2973 contrarium
889 2922 977 2971 mundo
994 2938 1063 2986 agere
1080 2938 1184 2978 cursum,
1202 2921 1228 2970 id
1302 2941 1305 2949 ·

730 3007 774 3053 001,
782 2997 869 3046 levum
875 2996 1025 3060 (Auguribus
1032 2994 1147 3044 Romanis
1157 2995 1229 3061 plaga

730 3071 849 3120 orientalis
869 3073 923 3119 leva
942 3069 1014 3133 erat.)
1032 3069 1074 3119 illo
1091 3085 1184 3135 semper
1202 3070 1227 3117 in

731 3147 838 3194 dextram
853 3144 977 3210 praecipiti.
1010 3145 1041 3192 Et
1050 3139 1158 3209 quamvis
1170 3145 1228 3193 assi·

731 3220 779 3268 dua
796 3218 948 3268 conversione
964 3217 1084 3266 immense
1102 3218 1230 3267 celeritatis

731 3295 869 3342 attollantur
883 3295 960 3349 abeo,
972 3293 1139 3357 rapianturque
1153 3292 1177 3339 in
1188 3309 1227 3340 oc-

731 3384 820 3424 casum,
838 3369 936 3415 adverso
954 3376 1033 3415 tamen
1050 3366 1084 3413 ire
1105 3374 1169 3414 motu
1187 3381 1229 3430 per

730 3458 786 3490 suos
794 3458 895 3506 quaeque
905 3457 995 3506 passus.
1017 3441 1055 3488 Ita
1066 3438 1123 3495 fieri,
1131 3456 1160 3487 ne
1172 3456 1227 3487 con-

731 3516 826 3565 volutus
836 3532 875 3564 aer
886 3516 985 3564 eandem
996 3514 1020 3562 iu
1033 3522 1124 3578 partem
1141 3521 1229 3562 aeterna

731 3591 814 3638 mundi
825 3590 939 3654 vertigine
952 3590 1038 3652 ignavo
1048 3588 1117 3651 globo
1128 3595 1228 3651 torpeat,

733 3664 774 3712 sed
786 3664 897 3720 findatur,
909 3663 1006 3711 adverso
1019 3661 1122 3709 siderum
1132 3661 1228 3709 verbere

732 3737 847 3785 discretus
863 3746 888 3784 et
906 3735 1035 3799 digestus.''
1069 3735 1169 3795 Impetus
1184 3734 1229 3797 igi-

733 3820 779 3866 tur,
792 3810 916 3858 celerrima
925 3808 980 3857 coeli
994 3807 1179 3863 circumvolutio,
1190 3809 1231 3870 qui

733 3893 812 3931 cetera
828 3883 904 3931 sidera
918 3885 998 3938 vincit,
1011 3897 1091 3930 secum
1106 3880 1229 3945 0001160-

733 3956 780 4004 lem
805 3972 899 4021 quoquc
926 3971 1007 4020 rapere
1030 3955 1152 4015 νο11;1110
1174 3971 1230 4004 vero

733 4029 836 4078 maximo
858 4044 913 4077 cum
937 4029 1017 4078 labore
1039 4035 1120 4077 eontra
1140 4027 1230 4084 nititur,

732 4105 834 4165 Impetus
851 4119 913 4167 saepe
928 4103 957 4152 de
973 4104 1050 4153 coelo:
1069 4100 1123 4151 vide
1136 4101 1231 4151 Ernesti

734 4180 804 4229 Clav.
817 4178 870 4227 Cic.
880 4179 905 4226 h.
916 4196 940 4228 v.
