<?xml version="1.0" encoding="UTF-8"?>
<!DOCTYPE html PUBLIC "-//W3C//DTD XHTML 1.0 Transitional//EN"
    "http://www.w3.org/TR/xhtml1/DTD/xhtml1-transitional.dtd">
<html xmlns="http://www.w3.org/1999/xhtml" xml:lang="en" lang="en">
 <head>
  <title>
</title>
<meta http-equiv="Content-Type" content="text/html;charset=utf-8" />
  <meta name='ocr-system' content='tesseract 3.04.00' />
  <meta name='ocr-capabilities' content='ocr_page ocr_carea ocr_par ocr_line ocrx_word'/>
</head>
<body>
  <div class='ocr_page' id='page_1' title='image "./povidiinasoniso04burmgoog_0313.png"; bbox 0 0 2812 5010; ppageno 0'>
   <div class='ocr_carea' id='block_1_1' title="bbox 176 234 183 271">
    <p class='ocr_par' dir='ltr' id='par_1_1' title="bbox 176 234 183 271">
     <span class='ocr_line' id='line_1_1' title="bbox 176 234 183 271; baseline 0 0"><span class='ocrx_word' id='word_1_1' title='bbox 176 234 183 271; x_wconf 83' lang='lat' dir='ltr'><strong>l</strong></span> 
     </span>
    </p>
   </div>
   <div class='ocr_carea' id='block_1_2' title="bbox 186 334 940 405">
    <p class='ocr_par' dir='ltr' id='par_1_2' title="bbox 186 334 940 405">
     <span class='ocr_line' id='line_1_2' title="bbox 186 334 940 405; baseline -0.008 0"><span class='ocrx_word' id='word_1_2' title='bbox 186 341 252 405; x_wconf 80' lang='lat'><strong>302</strong></span> <span class='ocrx_word' id='word_1_3' title='bbox 481 337 520 401; x_wconf 89' lang='lat' dir='ltr'><strong>P.</strong></span> <span class='ocrx_word' id='word_1_4' title='bbox 541 334 704 401; x_wconf 90' lang='lat' dir='ltr'>OVIDII</span> <span class='ocrx_word' id='word_1_5' title='bbox 728 334 940 400; x_wconf 86' lang='lat' dir='ltr'><strong>NASONIS</strong></span> 
     </span>
    </p>
   </div>
   <div class='ocr_carea' id='block_1_3' title="bbox 134 508 1235 1888">
    <p class='ocr_par' dir='ltr' id='par_1_3' title="bbox 190 508 1234 712">
     <span class='ocr_line' id='line_1_3' title="bbox 191 508 1234 606; baseline -0.008 -20"><span class='ocrx_word' id='word_1_6' title='bbox 191 514 286 586; x_wconf 85' lang='lat' dir='ltr'><strong>Pars</strong></span> <span class='ocrx_word' id='word_1_7' title='bbox 306 512 399 586; x_wconf 86' lang='lat' dir='ltr'><strong>alias</strong></span> <span class='ocrx_word' id='word_1_8' title='bbox 418 521 531 597; x_wconf 82' lang='lat' dir='ltr'><strong>artes,</strong></span> <span class='ocrx_word' id='word_1_9' title='bbox 550 509 716 606; x_wconf 83' lang='lat' dir='ltr'><strong>antiquae</strong></span> <span class='ocrx_word' id='word_1_10' title='bbox 734 508 944 582; x_wconf 77' lang='lat' dir='ltr'><strong>imitamina</strong></span> <span class='ocrx_word' id='word_1_11' title='bbox 960 508 1058 582; x_wconf 83' lang='lat' dir='ltr'><strong>vitae.</strong></span> <span class='ocrx_word' id='word_1_12' title='bbox 1163 510 1234 579; x_wconf 86' lang='grc'><strong>445</strong></span> 
     </span>
     <span class='ocr_line' id='line_1_4' title="bbox 190 624 985 712; baseline -0.004 -10"><span class='ocrx_word' id='word_1_13' title='bbox 190 629 361 703; x_wconf 88' lang='lat' dir='ltr'><strong>Sustinet</strong></span> <span class='ocrx_word' id='word_1_14' title='bbox 378 629 434 701; x_wconf 92' lang='lat' dir='ltr'><strong>ire·</strong></span> <span class='ocrx_word' id='word_1_15' title='bbox 449 627 551 712; x_wconf 87' lang='lat' dir='ltr'><strong>illuc,</strong></span> <span class='ocrx_word' id='word_1_16' title='bbox 570 624 714 699; x_wconf 89' lang='lat' dir='ltr'><strong>coelesti</strong></span> <span class='ocrx_word' id='word_1_17' title='bbox 734 625 824 698; x_wconf 88' lang='lat' dir='ltr'><strong>sede</strong></span> <span class='ocrx_word' id='word_1_18' title='bbox 842 625 985 712; x_wconf 87' lang='lat' dir='ltr'><strong>relicta,</strong></span> 
     </span>
    </p>

    <p class='ocr_par' dir='ltr' id='par_1_4' title="bbox 188 740 1113 841">
     <span class='ocr_line' id='line_1_5' title="bbox 188 740 1113 841; baseline -0.004 -23"><span class='ocrx_word' id='word_1_19' title='bbox 188 745 350 819; x_wconf 90' lang='lat' dir='ltr'><strong>Tantum</strong></span> <span class='ocrx_word' id='word_1_20' title='bbox 369 744 466 817; x_wconf 89' lang='lat' dir='ltr'><strong>odiis</strong></span> <span class='ocrx_word' id='word_1_21' title='bbox 483 744 622 841; x_wconf 79' lang='lat' dir='ltr'><strong>iraeque</strong></span> <span class='ocrx_word' id='word_1_22' title='bbox 640 743 775 817; x_wconf 92' lang='lat' dir='ltr'><strong>dabat!</strong></span> <span class='ocrx_word' id='word_1_23' title='bbox 806 741 983 817; x_wconf 86' lang='lat' dir='ltr'><strong>Saturnia</strong></span> <span class='ocrx_word' id='word_1_24' title='bbox 998 740 1022 814; x_wconf 94' lang='lat' dir='ltr'>J</span> <span class='ocrx_word' id='word_1_25' title='bbox 1025 765 1113 814; x_wconf 78' lang='lat' dir='ltr'><strong>uno,</strong></span> 
     </span>
    </p>

    <p class='ocr_par' dir='ltr' id='par_1_5' title="bbox 187 839 1192 1072">
     <span class='ocr_line' id='line_1_6' title="bbox 187 839 1192 956; baseline -0.005 -23"><span class='ocrx_word' id='word_1_26' title='bbox 187 859 272 944; x_wconf 84' lang='lat' dir='ltr'><strong>Quo</strong></span> <span class='ocrx_word' id='word_1_27' title='bbox 291 860 401 932; x_wconf 92' lang='lat' dir='ltr'><strong>simul</strong></span> <span class='ocrx_word' id='word_1_28' title='bbox 419 858 582 944; x_wconf 90' lang='lat' dir='ltr'><strong>intravit,</strong></span> <span class='ocrx_word' id='word_1_29' title='bbox 603 839 787 956; x_wconf 78' lang='lat' dir='ltr'><strong>sacroque</strong></span> <span class='ocrx_word' id='word_1_30' title='bbox 803 883 825 932; x_wconf 92' lang='lat' dir='ltr'><strong>a</strong></span> <span class='ocrx_word' id='word_1_31' title='bbox 842 882 1003 956; x_wconf 86' lang='lat' dir='ltr'><strong>corpore</strong></span> <span class='ocrx_word' id='word_1_32' title='bbox 1018 881 1192 955; x_wconf 87' lang='lat' dir='ltr'><strong>pressum</strong></span> 
     </span>
     <span class='ocr_line' id='line_1_7' title="bbox 187 973 1083 1072; baseline -0.001 -25"><span class='ocrx_word' id='word_1_33' title='bbox 187 976 377 1072; x_wconf 85' lang='lat' dir='ltr'><strong>Ingemuit</strong></span> <span class='ocrx_word' id='word_1_34' title='bbox 394 976 530 1063; x_wconf 87' lang='lat' dir='ltr'><strong>limen;</strong></span> <span class='ocrx_word' id='word_1_35' title='bbox 560 976 632 1048; x_wconf 89' lang='lat' dir='ltr'><strong>tria</strong></span> <span class='ocrx_word' id='word_1_36' title='bbox 645 974 834 1048; x_wconf 84' lang='lat' dir='ltr'>Cerberus</span> <span class='ocrx_word' id='word_1_37' title='bbox 853 973 989 1048; x_wconf 89' lang='lat' dir='ltr'><strong>extulit</strong></span> <span class='ocrx_word' id='word_1_38' title='bbox 1006 998 1083 1060; x_wconf 87' lang='lat' dir='ltr'><strong>ora,</strong></span> 
     </span>
    </p>

    <p class='ocr_par' dir='ltr' id='par_1_6' title="bbox 187 1089 1235 1407">
     <span class='ocr_line' id='line_1_8' title="bbox 188 1089 1235 1166; baseline -0.005 0"><span class='ocrx_word' id='word_1_39' title='bbox 188 1091 238 1166; x_wconf 89' lang='lat' dir='ltr'><strong>Et</strong></span> <span class='ocrx_word' id='word_1_40' title='bbox 255 1103 331 1165; x_wconf 91' lang='lat' dir='ltr'><strong>tres</strong></span> <span class='ocrx_word' id='word_1_41' title='bbox 349 1093 507 1165; x_wconf 86' lang='lat' dir='ltr'><strong>latratus</strong></span> <span class='ocrx_word' id='word_1_42' title='bbox 524 1092 636 1164; x_wconf 92' lang='lat' dir='ltr'><strong>simul</strong></span> <span class='ocrx_word' id='word_1_43' title='bbox 655 1089 795 1164; x_wconf 83' lang='lat' dir='ltr'><strong>edidit:</strong></span> <span class='ocrx_word' id='word_1_44' title='bbox 826 1090 890 1163; x_wconf 93' lang='lat' dir='ltr'><strong>illa</strong></span> <span class='ocrx_word' id='word_1_45' title='bbox 906 1112 1050 1164; x_wconf 90' lang='lat' dir='ltr'><strong>sorores</strong></span> <span class='ocrx_word' id='word_1_46' title='bbox 1162 1091 1235 1162; x_wconf 84' lang='grc'><strong>450</strong></span> 
     </span>
     <span class='ocr_line' id='line_1_9' title="bbox 187 1206 1219 1305; baseline -0.002 -25"><span class='ocrx_word' id='word_1_47' title='bbox 187 1208 310 1283; x_wconf 90' lang='lat' dir='ltr'><strong>Nocte</strong></span> <span class='ocrx_word' id='word_1_48' title='bbox 328 1219 437 1281; x_wconf 89' lang='lat' dir='ltr'><strong>vocat</strong></span> <span class='ocrx_word' id='word_1_49' title='bbox 454 1207 612 1304; x_wconf 69' lang='lat' dir='ltr'><strong>genitas</strong></span> <span class='ocrx_word' id='word_1_50' title='bbox 628 1230 739 1303; x_wconf 85' lang='lat' dir='ltr'><strong>grave</strong></span> <span class='ocrx_word' id='word_1_51' title='bbox 757 1217 796 1280; x_wconf 90' lang='lat' dir='ltr'><strong>et</strong></span> <span class='ocrx_word' id='word_1_52' title='bbox 813 1206 1049 1305; x_wconf 83' lang='lat' dir='ltr'><strong>implacabile</strong></span> <span class='ocrx_word' id='word_1_53' title='bbox 1068 1229 1219 1278; x_wconf 90' lang='lat' dir='ltr'><strong>numen.</strong></span> 
     </span>
     <span class='ocr_line' id='line_1_10' title="bbox 187 1321 1203 1407; baseline -0.008 -11"><span class='ocrx_word' id='word_1_54' title='bbox 187 1324 359 1397; x_wconf 89' lang='lat' dir='ltr'><strong>Carceris</strong></span> <span class='ocrx_word' id='word_1_55' title='bbox 378 1337 464 1398; x_wconf 90' lang='lat' dir='ltr'><strong>aute</strong></span> <span class='ocrx_word' id='word_1_56' title='bbox 482 1323 580 1397; x_wconf 88' lang='lat' dir='ltr'><strong>fores</strong></span> <span class='ocrx_word' id='word_1_57' title='bbox 598 1323 745 1396; x_wconf 86' lang='lat' dir='ltr'><strong>clausas</strong></span> <span class='ocrx_word' id='word_1_58' title='bbox 765 1321 964 1396; x_wconf 86' lang='lat' dir='ltr'><strong>adamante</strong></span> <span class='ocrx_word' id='word_1_59' title='bbox 983 1322 1170 1396; x_wconf 88' lang='lat' dir='ltr'><strong>sedebant</strong></span> <span class='ocrx_word' id='word_1_60' title='bbox 1182 1349 1203 1407; x_wconf 82' lang='lat'><strong>;.</strong></span> 
     </span>
    </p>

    <p class='ocr_par' dir='ltr' id='par_1_7' title="bbox 134 1437 1233 1888">
     <span class='ocr_line' id='line_1_11' title="bbox 134 1437 1128 1538; baseline 0 -26"><span class='ocrx_word' id='word_1_61' title='bbox 134 1515 137 1521; x_wconf 66' lang='grc'>,</span> <span class='ocrx_word' id='word_1_62' title='bbox 187 1439 324 1538; x_wconf 89' lang='lat' dir='ltr'><strong>Deque</strong></span> <span class='ocrx_word' id='word_1_63' title='bbox 342 1441 420 1514; x_wconf 91' lang='lat' dir='ltr'><strong>suis</strong></span> <span class='ocrx_word' id='word_1_64' title='bbox 439 1452 539 1514; x_wconf 89' lang='lat' dir='ltr'><strong>atros</strong></span> <span class='ocrx_word' id='word_1_65' title='bbox 558 1439 763 1537; x_wconf 84' lang='lat' dir='ltr'><strong>pectebant</strong></span> <span class='ocrx_word' id='word_1_66' title='bbox 780 1437 944 1512; x_wconf 86' lang='lat' dir='ltr'><strong>crinibus</strong></span> <span class='ocrx_word' id='word_1_67' title='bbox 964 1462 1128 1535; x_wconf 85' lang='lat' dir='ltr'><strong>angues:</strong></span> 
     </span>
     <span class='ocr_line' id='line_1_12' title="bbox 187 1555 1128 1653; baseline -0.002 -23"><span class='ocrx_word' id='word_1_68' title='bbox 187 1555 311 1639; x_wconf 82' lang='lat' dir='ltr'><strong>Quam</strong></span> <span class='ocrx_word' id='word_1_69' title='bbox 330 1557 441 1631; x_wconf 90' lang='lat' dir='ltr'><strong>simul</strong></span> <span class='ocrx_word' id='word_1_70' title='bbox 460 1558 643 1653; x_wconf 83' lang='lat' dir='ltr'><strong>agndrunt</strong></span> <span class='ocrx_word' id='word_1_71' title='bbox 660 1556 758 1628; x_wconf 88' lang='lat' dir='ltr'><strong>inter</strong></span> <span class='ocrx_word' id='word_1_72' title='bbox 774 1555 945 1652; x_wconf 85' lang='lat' dir='ltr'><strong>caliginis</strong></span> <span class='ocrx_word' id='word_1_73' title='bbox 963 1555 1128 1642; x_wconf 74' lang='lat' dir='ltr'><strong>umbram,</strong></span> 
     </span>
     <span class='ocr_line' id='line_1_13' title="bbox 186 1671 1233 1748; baseline -0.002 -4"><span class='ocrx_word' id='word_1_74' title='bbox 186 1672 392 1748; x_wconf 87' lang='lat' dir='ltr'><strong>Surrexere</strong></span> <span class='ocrx_word' id='word_1_75' title='bbox 412 1673 525 1746; x_wconf 90' lang='lat' dir='ltr'><strong>Deae:</strong></span> <span class='ocrx_word' id='word_1_76' title='bbox 556 1671 666 1745; x_wconf 91' lang='lat' dir='ltr'><strong>sedes</strong></span> <span class='ocrx_word' id='word_1_77' title='bbox 687 1672 875 1745; x_wconf 87' lang='lat' dir='ltr'><strong>scelerata</strong></span> <span class='ocrx_word' id='word_1_78' title='bbox 891 1682 1056 1744; x_wconf 88' lang='lat' dir='ltr'><strong>vocatur.</strong></span> <span class='ocrx_word' id='word_1_79' title='bbox 1161 1672 1233 1744; x_wconf 83' lang='grc'><strong>455</strong></span> 
     </span>
     <span class='ocr_line' id='line_1_14' title="bbox 184 1787 1160 1888; baseline 0.002 -30"><span class='ocrx_word' id='word_1_80' title='bbox 184 1787 341 1863; x_wconf 84' lang='lat' dir='ltr'><strong>Viscera</strong></span> <span class='ocrx_word' id='word_1_81' title='bbox 357 1790 551 1888; x_wconf 80' lang='lat' dir='ltr'><strong>praebebat</strong></span> <span class='ocrx_word' id='word_1_82' title='bbox 569 1788 701 1886; x_wconf 87' lang='lat' dir='ltr'><strong>Tityos</strong></span> <span class='ocrx_word' id='word_1_83' title='bbox 719 1787 916 1877; x_wconf 84' lang='lat' dir='ltr'><strong>lanianda3</strong></span> <span class='ocrx_word' id='word_1_84' title='bbox 946 1810 1160 1884; x_wconf 89' lang='lat' dir='ltr'><strong>novemque</strong></span> 
     </span>
    </p>
   </div>
   <div class='ocr_carea' id='block_1_4' title="bbox 85 2040 1248 4264">
    <p class='ocr_par' dir='ltr' id='par_1_8' title="bbox 181 2040 1235 2858">
     <span class='ocr_line' id='line_1_15' title="bbox 216 2040 1232 2113; baseline -0.003 -18"><span class='ocrx_word' id='word_1_85' title='bbox 216 2040 273 2096; x_wconf 84' lang='grc'><strong>445.</strong></span> <span class='ocrx_word' id='word_1_86' title='bbox 292 2047 351 2104; x_wconf 85' lang='lat' dir='ltr'><strong>Alii,</strong></span> <span class='ocrx_word' id='word_1_87' title='bbox 369 2048 427 2097; x_wconf 79' lang='lat' dir='ltr'><strong>alim</strong></span> <span class='ocrx_word' id='word_1_88' title='bbox 444 2058 513 2104; x_wconf 74' lang='lat' dir='ltr'><strong>artes,</strong></span> <span class='ocrx_word' id='word_1_89' title='bbox 529 2055 610 2113; x_wconf 89' lang='lat' dir='ltr'><strong>repete</strong></span> <span class='ocrx_word' id='word_1_90' title='bbox 625 2050 682 2096; x_wconf 81' lang='lat' dir='ltr'><strong>cele·</strong></span> <span class='ocrx_word' id='word_1_91' title='bbox 732 2051 784 2103; x_wconf 78' lang='lat' dir='ltr'><strong>bite,</strong></span> <span class='ocrx_word' id='word_1_92' title='bbox 795 2047 859 2112; x_wconf 89' lang='lat' dir='ltr'><strong>quod</strong></span> <span class='ocrx_word' id='word_1_93' title='bbox 872 2063 919 2095; x_wconf 90' lang='lat' dir='ltr'><strong>non</strong></span> <span class='ocrx_word' id='word_1_94' title='bbox 931 2045 987 2095; x_wconf 87' lang='lat' dir='ltr'><strong>sinit</strong></span> <span class='ocrx_word' id='word_1_95' title='bbox 997 2062 1023 2094; x_wconf 87' lang='lat' dir='ltr'><strong>se</strong></span> <span class='ocrx_word' id='word_1_96' title='bbox 1039 2043 1148 2094; x_wconf 83' lang='lat' dir='ltr'><strong>exorari:</strong></span> <span class='ocrx_word' id='word_1_97' title='bbox 1166 2043 1232 2108; x_wconf 77' lang='grc' dir='ltr'>ἀμεί-</span> 
     </span>
     <span class='ocr_line' id='line_1_16' title="bbox 185 2118 1234 2187; baseline -0.003 -18"><span class='ocrx_word' id='word_1_98' title='bbox 185 2125 260 2178; x_wconf 84' lang='lat' dir='ltr'><strong>bront,</strong></span> <span class='ocrx_word' id='word_1_99' title='bbox 271 2121 297 2170; x_wconf 92' lang='lat' dir='ltr'><strong>id</strong></span> <span class='ocrx_word' id='word_1_100' title='bbox 314 2130 360 2178; x_wconf 87' lang='lat' dir='ltr'><strong>est,</strong></span> <span class='ocrx_word' id='word_1_101' title='bbox 373 2133 492 2179; x_wconf 84' lang='lat' dir='ltr'><strong>exercent,</strong></span> <span class='ocrx_word' id='word_1_102' title='bbox 503 2122 576 2187; x_wconf 87' lang='lat' dir='ltr'><strong>idque</strong></span> <span class='ocrx_word' id='word_1_103' title='bbox 593 2121 684 2171; x_wconf 87' lang='lat' dir='ltr'><strong>faciunt</strong></span> <span class='ocrx_word' id='word_1_104' title='bbox 732 2124 808 2186; x_wconf 83' lang='grc' dir='ltr'>λιχον</span> <span class='ocrx_word' id='word_1_105' title='bbox 816 2119 876 2187; x_wconf 79' lang='grc' dir='ltr'>ἦτορ</span> <span class='ocrx_word' id='word_1_106' title='bbox 889 2122 988 2186; x_wconf 81' lang='grc' dir='ltr'><strong>ἔχουσα.</strong></span> <span class='ocrx_word' id='word_1_107' title='bbox 1009 2121 1108 2167; x_wconf 88' lang='lat' dir='ltr'><strong>Homer.</strong></span> <span class='ocrx_word' id='word_1_108' title='bbox 1116 2118 1171 2166; x_wconf 89' lang='lat' dir='ltr'><strong>Il.i.</strong></span> <span class='ocrx_word' id='word_1_109' title='bbox 1180 2119 1234 2167; x_wconf 77' lang='lat'><strong>568.</strong></span> 
     </span>
     <span class='ocr_line' id='line_1_17' title="bbox 184 2191 1235 2263; baseline -0.004 -17"><span class='ocrx_word' id='word_1_110' title='bbox 184 2197 215 2246; x_wconf 84' lang='lat' dir='ltr'><strong>ad</strong></span> <span class='ocrx_word' id='word_1_111' title='bbox 236 2196 400 2246; x_wconf 86' lang='lat' dir='ltr'><strong>imitationem.</strong></span> <span class='ocrx_word' id='word_1_112' title='bbox 434 2200 548 2262; x_wconf 65' lang='lat' dir='ltr'><strong>Antinum,</strong></span> <span class='ocrx_word' id='word_1_113' title='bbox 568 2191 696 2263; x_wconf 78' lang='lat' dir='ltr'><strong>pristinae,</strong></span> <span class='ocrx_word' id='word_1_114' title='bbox 734 2197 826 2245; x_wconf 81' lang='lat' dir='ltr'><strong>Nomen</strong></span> <span class='ocrx_word' id='word_1_115' title='bbox 836 2196 960 2245; x_wconf 86' lang='lat' dir='ltr'><strong>collective</strong></span> <span class='ocrx_word' id='word_1_116' title='bbox 970 2195 1000 2243; x_wconf 90' lang='lat' dir='ltr'><strong>de</strong></span> <span class='ocrx_word' id='word_1_117' title='bbox 1010 2194 1093 2243; x_wconf 88' lang='lat' dir='ltr'><strong>tribus.</strong></span> <span class='ocrx_word' id='word_1_118' title='bbox 1122 2195 1235 2249; x_wconf 78' lang='lat' dir='ltr'><strong>Carceris,</strong></span> 
     </span>
     <span class='ocr_line' id='line_1_18' title="bbox 184 2268 1235 2336; baseline -0.003 -18"><span class='ocrx_word' id='word_1_119' title='bbox 184 2270 275 2336; x_wconf 89' lang='lat' dir='ltr'><strong>prioris,</strong></span> <span class='ocrx_word' id='word_1_120' title='bbox 289 2274 348 2319; x_wconf 82' lang='lat' dir='ltr'><strong>oitae.</strong></span> <span class='ocrx_word' id='word_1_121' title='bbox 382 2271 437 2319; x_wconf 90' lang='lat' dir='ltr'><strong>Non</strong></span> <span class='ocrx_word' id='word_1_122' title='bbox 448 2271 540 2328; x_wconf 88' lang='lat' dir='ltr'><strong>dubito,</strong></span> <span class='ocrx_word' id='word_1_123' title='bbox 551 2286 605 2319; x_wconf 88' lang='lat' dir='ltr'><strong>cum</strong></span> <span class='ocrx_word' id='word_1_124' title='bbox 616 2270 683 2318; x_wconf 89' lang='lat' dir='ltr'><strong>Scbi·</strong></span> <span class='ocrx_word' id='word_1_125' title='bbox 733 2271 822 2328; x_wconf 89' lang='lat' dir='ltr'><strong>tartari,</strong></span> <span class='ocrx_word' id='word_1_126' title='bbox 830 2287 877 2335; x_wconf 87' lang='lat' dir='ltr'><strong>quo</strong></span> <span class='ocrx_word' id='word_1_127' title='bbox 886 2268 1146 2318; x_wconf 82' lang='lat' dir='ltr'><strong>detinenturscelerati.</strong></span> <span class='ocrx_word' id='word_1_128' title='bbox 1175 2271 1235 2316; x_wconf 80' lang='lat' dir='ltr'><strong>Ante</strong></span> 
     </span>
     <span class='ocr_line' id='line_1_19' title="bbox 183 2341 1234 2411; baseline -0.003 -17"><span class='ocrx_word' id='word_1_129' title='bbox 183 2345 272 2402; x_wconf 74' lang='lat' dir='ltr'><strong>mellic,</strong></span> <span class='ocrx_word' id='word_1_130' title='bbox 281 2346 340 2411; x_wconf 84' lang='lat' dir='ltr'><strong>quin</strong></span> <span class='ocrx_word' id='word_1_131' title='bbox 350 2345 485 2395; x_wconf 86' lang='lat' dir='ltr'><strong>reddendus</strong></span> <span class='ocrx_word' id='word_1_132' title='bbox 496 2347 586 2394; x_wconf 89' lang='lat' dir='ltr'><strong>Nostro·</strong></span> <span class='ocrx_word' id='word_1_133' title='bbox 595 2345 625 2393; x_wconf 89' lang='lat' dir='ltr'><strong>sit</strong></span> <span class='ocrx_word' id='word_1_134' title='bbox 633 2360 683 2393; x_wconf 88' lang='lat' dir='ltr'><strong>ver·</strong></span> <span class='ocrx_word' id='word_1_135' title='bbox 725 2344 799 2408; x_wconf 80' lang='lat' dir='ltr'><strong>fores,</strong></span> <span class='ocrx_word' id='word_1_136' title='bbox 816 2344 857 2394; x_wconf 92' lang='lat' dir='ltr'><strong>ubi</strong></span> <span class='ocrx_word' id='word_1_137' title='bbox 877 2359 957 2392; x_wconf 88' lang='lat' dir='ltr'><strong>earum</strong></span> <span class='ocrx_word' id='word_1_138' title='bbox 980 2342 1062 2392; x_wconf 84' lang='lat' dir='ltr'><strong>sedes:</strong></span> <span class='ocrx_word' id='word_1_139' title='bbox 1083 2341 1135 2390; x_wconf 85' lang='lat' dir='ltr'><strong>vid.</strong></span> <span class='ocrx_word' id='word_1_140' title='bbox 1155 2342 1234 2406; x_wconf 87' lang='lat' dir='ltr'><strong>Heyn.</strong></span> 
     </span>
     <span class='ocr_line' id='line_1_20' title="bbox 183 2417 1234 2485; baseline -0.003 -17"><span class='ocrx_word' id='word_1_141' title='bbox 183 2435 223 2468; x_wconf 89' lang='lat' dir='ltr'><strong>sus</strong></span> <span class='ocrx_word' id='word_1_142' title='bbox 238 2420 268 2468; x_wconf 89' lang='lat' dir='ltr'><strong>ab</strong></span> <span class='ocrx_word' id='word_1_143' title='bbox 284 2419 382 2469; x_wconf 86' lang='lat' dir='ltr'><strong>Heinsio</strong></span> <span class='ocrx_word' id='word_1_144' title='bbox 398 2428 423 2468; x_wconf 88' lang='lat' dir='ltr'><strong>et</strong></span> <span class='ocrx_word' id='word_1_145' title='bbox 434 2421 570 2469; x_wconf 83' lang='lat' dir='ltr'><strong>Burmanno</strong></span> <span class='ocrx_word' id='word_1_146' title='bbox 586 2420 683 2485; x_wconf 86' lang='lat' dir='ltr'><strong>ejectus,</strong></span> <span class='ocrx_word' id='word_1_147' title='bbox 733 2419 764 2467; x_wconf 78' lang='lat' dir='ltr'><strong>ad</strong></span> <span class='ocrx_word' id='word_1_148' title='bbox 775 2418 874 2468; x_wconf 85' lang='lat' dir='ltr'><strong>AEneid.</strong></span> <span class='ocrx_word' id='word_1_149' title='bbox 885 2419 917 2467; x_wconf 91' lang='lat' dir='ltr'><strong>vi.</strong></span> <span class='ocrx_word' id='word_1_150' title='bbox 928 2420 984 2467; x_wconf 79' lang='lat'><strong>280.</strong></span> <span class='ocrx_word' id='word_1_151' title='bbox 1018 2419 1156 2475; x_wconf 71' lang='lat' dir='ltr'><strong>Adamasto,</strong></span> <span class='ocrx_word' id='word_1_152' title='bbox 1168 2417 1234 2474; x_wconf 80' lang='lat' dir='ltr'><strong>terro,</strong></span> 
     </span>
     <span class='ocr_line' id='line_1_21' title="bbox 186 2490 1234 2557; baseline 0 -17"><span class='ocrx_word' id='word_1_153' title='bbox 186 2494 306 2543; x_wconf 76' lang='lat' dir='ltr'><strong>Exercent.</strong></span> <span class='ocrx_word' id='word_1_154' title='bbox 346 2496 423 2543; x_wconf 82' lang='lat' dir='ltr'><strong>Aliam</strong></span> <span class='ocrx_word' id='word_1_155' title='bbox 440 2503 528 2556; x_wconf 86' lang='lat' dir='ltr'><strong>purtem</strong></span> <span class='ocrx_word' id='word_1_156' title='bbox 550 2511 591 2542; x_wconf 80' lang='lat' dir='ltr'><strong>sou</strong></span> <span class='ocrx_word' id='word_1_157' title='bbox 616 2511 683 2555; x_wconf 85' lang='lat' dir='ltr'><strong>poena</strong></span> <span class='ocrx_word' id='word_1_158' title='bbox 734 2493 814 2543; x_wconf 82' lang='lat' dir='ltr'><strong>ferreis</strong></span> <span class='ocrx_word' id='word_1_159' title='bbox 831 2492 948 2542; x_wconf 84' lang='lat' dir='ltr'><strong>claustris.</strong></span> <span class='ocrx_word' id='word_1_160' title='bbox 981 2492 1044 2540; x_wconf 88' lang='lat' dir='ltr'><strong>Nam</strong></span> <span class='ocrx_word' id='word_1_161' title='bbox 1065 2490 1165 2557; x_wconf 77' lang='grc' dir='ltr'><strong><em>ἂδαμας</em></strong></span> <span class='ocrx_word' id='word_1_162' title='bbox 1181 2507 1234 2557; x_wconf 87' lang='lat' dir='ltr'><strong>pro-</strong></span> 
     </span>
     <span class='ocr_line' id='line_1_22' title="bbox 181 2565 1234 2632; baseline -0.003 -15"><span class='ocrx_word' id='word_1_163' title='bbox 181 2578 275 2617; x_wconf 80' lang='lat' dir='ltr'><strong>coerost.</strong></span> <span class='ocrx_word' id='word_1_164' title='bbox 296 2569 360 2617; x_wconf 88' lang='lat' dir='ltr'><strong>Nam</strong></span> <span class='ocrx_word' id='word_1_165' title='bbox 368 2567 470 2632; x_wconf 90' lang='lat' dir='ltr'><strong>primum</strong></span> <span class='ocrx_word' id='word_1_166' title='bbox 478 2568 578 2616; x_wconf 86' lang='lat' dir='ltr'><strong>affirmat</strong></span> <span class='ocrx_word' id='word_1_167' title='bbox 586 2567 683 2631; x_wconf 86' lang='lat' dir='ltr'><strong>quidem</strong></span> <span class='ocrx_word' id='word_1_168' title='bbox 733 2567 824 2632; x_wconf 81' lang='lat' dir='ltr'><strong>priede</strong></span> <span class='ocrx_word' id='word_1_169' title='bbox 838 2568 906 2616; x_wconf 84' lang='lat' dir='ltr'><strong>ferro.</strong></span> <span class='ocrx_word' id='word_1_170' title='bbox 939 2567 1002 2615; x_wconf 85' lang='lat' dir='ltr'><strong>Fast.</strong></span> <span class='ocrx_word' id='word_1_171' title='bbox 1018 2565 1054 2613; x_wconf 91' lang='lat' dir='ltr'><strong>iii.</strong></span> <span class='ocrx_word' id='word_1_172' title='bbox 1067 2566 1124 2614; x_wconf 74' lang='lat'><strong>805.</strong></span> <span class='ocrx_word' id='word_1_173' title='bbox 1137 2581 1164 2614; x_wconf 77' lang='lat' dir='ltr'><strong>cs</strong></span> <span class='ocrx_word' id='word_1_174' title='bbox 1178 2569 1234 2614; x_wconf 80' lang='lat' dir='ltr'><strong>udo·</strong></span> 
     </span>
     <span class='ocr_line' id='line_1_23' title="bbox 181 2638 1231 2705; baseline -0.005 -13"><span class='ocrx_word' id='word_1_175' title='bbox 181 2643 296 2692; x_wconf 84' lang='lat' dir='ltr'><strong>Heinsius</strong></span> <span class='ocrx_word' id='word_1_176' title='bbox 306 2658 332 2690; x_wconf 86' lang='lat' dir='ltr'><strong>se</strong></span> <span class='ocrx_word' id='word_1_177' title='bbox 343 2642 368 2690; x_wconf 94' lang='lat' dir='ltr'><strong>id</strong></span> <span class='ocrx_word' id='word_1_178' title='bbox 379 2641 463 2691; x_wconf 80' lang='lat' dir='ltr'><strong>iecisse</strong></span> <span class='ocrx_word' id='word_1_179' title='bbox 474 2641 613 2690; x_wconf 86' lang='lat' dir='ltr'><strong>auctoritate</strong></span> <span class='ocrx_word' id='word_1_180' title='bbox 622 2640 682 2705; x_wconf 91' lang='lat' dir='ltr'><strong>opti·</strong></span> <span class='ocrx_word' id='word_1_181' title='bbox 733 2653 809 2690; x_wconf 81' lang='lat' dir='ltr'><strong>monte</strong></span> <span class='ocrx_word' id='word_1_182' title='bbox 829 2644 919 2690; x_wconf 68' lang='lat' dir='ltr'><strong>sectaris.</strong></span> <span class='ocrx_word' id='word_1_183' title='bbox 952 2638 1077 2704; x_wconf 86' lang='lat' dir='ltr'><strong>Quidquid</strong></span> <span class='ocrx_word' id='word_1_184' title='bbox 1099 2640 1187 2688; x_wconf 84' lang='lat' dir='ltr'><strong>durum</strong></span> <span class='ocrx_word' id='word_1_185' title='bbox 1208 2647 1231 2688; x_wconf 90' lang='lat' dir='ltr'><strong>et</strong></span> 
     </span>
     <span class='ocr_line' id='line_1_24' title="bbox 181 2715 1234 2773; baseline -0.001 -9"><span class='ocrx_word' id='word_1_186' title='bbox 181 2733 273 2766; x_wconf 88' lang='lat' dir='ltr'><strong>morum</strong></span> <span class='ocrx_word' id='word_1_187' title='bbox 284 2716 408 2773; x_wconf 85' lang='lat' dir='ltr'><strong>Codicum,</strong></span> <span class='ocrx_word' id='word_1_188' title='bbox 420 2733 502 2766; x_wconf 87' lang='lat' dir='ltr'><strong>verum</strong></span> <span class='ocrx_word' id='word_1_189' title='bbox 517 2732 565 2764; x_wconf 92' lang='lat' dir='ltr'><strong>non</strong></span> <span class='ocrx_word' id='word_1_190' title='bbox 579 2716 684 2764; x_wconf 86' lang='lat' dir='ltr'><strong>nominat</strong></span> <span class='ocrx_word' id='word_1_191' title='bbox 733 2718 790 2766; x_wconf 87' lang='lat' dir='ltr'><strong>satis</strong></span> <span class='ocrx_word' id='word_1_192' title='bbox 800 2719 916 2765; x_wconf 91' lang='lat' dir='ltr'><strong>munitum</strong></span> <span class='ocrx_word' id='word_1_193' title='bbox 927 2723 971 2772; x_wconf 86' lang='lat' dir='ltr'><strong>est,</strong></span> <span class='ocrx_word' id='word_1_194' title='bbox 984 2717 1159 2763; x_wconf 80' lang='lat' dir='ltr'><strong>adamantinam</strong></span> <span class='ocrx_word' id='word_1_195' title='bbox 1167 2715 1234 2764; x_wconf 73' lang='lat' dir='ltr'><strong>Gre-</strong></span> 
     </span>
     <span class='ocr_line' id='line_1_25' title="bbox 181 2788 1234 2858; baseline -0.003 -18"><span class='ocrx_word' id='word_1_196' title='bbox 181 2793 235 2841; x_wconf 90' lang='lat' dir='ltr'><strong>illos</strong></span> <span class='ocrx_word' id='word_1_197' title='bbox 242 2793 353 2841; x_wconf 86' lang='lat' dir='ltr'><strong>Codices.</strong></span> <span class='ocrx_word' id='word_1_198' title='bbox 387 2792 482 2841; x_wconf 86' lang='lat' dir='ltr'><strong>Deinde</strong></span> <span class='ocrx_word' id='word_1_199' title='bbox 492 2793 583 2858; x_wconf 86' lang='lat' dir='ltr'><strong>plenior</strong></span> <span class='ocrx_word' id='word_1_200' title='bbox 593 2791 620 2839; x_wconf 87' lang='lat' dir='ltr'><strong>fit</strong></span> <span class='ocrx_word' id='word_1_201' title='bbox 630 2806 681 2839; x_wconf 87' lang='lat' dir='ltr'><strong>sen·</strong></span> <span class='ocrx_word' id='word_1_202' title='bbox 734 2791 769 2838; x_wconf 87' lang='lat' dir='ltr'><strong>cis</strong></span> <span class='ocrx_word' id='word_1_203' title='bbox 785 2798 810 2839; x_wconf 89' lang='lat' dir='ltr'><strong>et</strong></span> <span class='ocrx_word' id='word_1_204' title='bbox 820 2790 912 2840; x_wconf 88' lang='lat' dir='ltr'><strong>Latinis</strong></span> <span class='ocrx_word' id='word_1_205' title='bbox 922 2789 1023 2838; x_wconf 88' lang='lat' dir='ltr'><strong>dicitur:</strong></span> <span class='ocrx_word' id='word_1_206' title='bbox 1042 2788 1096 2838; x_wconf 81' lang='lat' dir='ltr'><strong>ride</strong></span> <span class='ocrx_word' id='word_1_207' title='bbox 1111 2789 1194 2838; x_wconf 81' lang='lat' dir='ltr'><strong>Graev.</strong></span> <span class='ocrx_word' id='word_1_208' title='bbox 1205 2789 1234 2837; x_wconf 77' lang='lat' dir='ltr'><strong>ud</strong></span> 
     </span>
    </p>

    <p class='ocr_par' dir='ltr' id='par_1_9' title="bbox 166 2863 1238 3152">
     <span class='ocr_line' id='line_1_26' title="bbox 166 2863 1233 2922; baseline -0.002 -9"><span class='ocrx_word' id='word_1_209' title='bbox 166 2882 222 2914; x_wconf 76' lang='lat' dir='ltr'><strong>sus</strong></span> <span class='ocrx_word' id='word_1_210' title='bbox 233 2874 326 2915; x_wconf 89' lang='lat' dir='ltr'><strong>servato</strong></span> <span class='ocrx_word' id='word_1_211' title='bbox 336 2867 381 2915; x_wconf 91' lang='lat' dir='ltr'><strong>hoc</strong></span> <span class='ocrx_word' id='word_1_212' title='bbox 392 2883 469 2915; x_wconf 89' lang='lat' dir='ltr'><strong>versu.</strong></span> <span class='ocrx_word' id='word_1_213' title='bbox 504 2866 685 2922; x_wconf 66' lang='lat' dir='ltr'><strong>coercetcasti-</strong></span> <span class='ocrx_word' id='word_1_214' title='bbox 735 2865 835 2914; x_wconf 89' lang='lat' dir='ltr'><strong>Hesiod.</strong></span> <span class='ocrx_word' id='word_1_215' title='bbox 851 2867 917 2914; x_wconf 86' lang='lat' dir='ltr'><strong>Scut.</strong></span> <span class='ocrx_word' id='word_1_216' title='bbox 929 2880 977 2912; x_wconf 87' lang='lat' dir='ltr'><strong>ver.</strong></span> <span class='ocrx_word' id='word_1_217' title='bbox 991 2865 1046 2912; x_wconf 80' lang='lat'><strong>1³6.</strong></span> <span class='ocrx_word' id='word_1_218' title='bbox 1079 2863 1157 2912; x_wconf 69' lang='lat' dir='ltr'><strong>Furiae</strong></span> <span class='ocrx_word' id='word_1_219' title='bbox 1174 2872 1233 2912; x_wconf 88' lang='lat' dir='ltr'><strong>tem·</strong></span> 
     </span>
     <span class='ocr_line' id='line_1_27' title="bbox 182 2939 1235 3004; baseline 0.001 -19"><span class='ocrx_word' id='word_1_220' title='bbox 182 2948 231 3002; x_wconf 84' lang='lat' dir='ltr'><strong>gat,</strong></span> <span class='ocrx_word' id='word_1_221' title='bbox 239 2955 289 2989; x_wconf 82' lang='lat' dir='ltr'><strong>ruo.</strong></span> <span class='ocrx_word' id='word_1_222' title='bbox 300 2939 394 3003; x_wconf 87' lang='lat' dir='ltr'><strong>propria</strong></span> <span class='ocrx_word' id='word_1_223' title='bbox 404 2948 428 2987; x_wconf 85' lang='lat' dir='ltr'><strong>et</strong></span> <span class='ocrx_word' id='word_1_224' title='bbox 439 2939 523 2988; x_wconf 80' lang='lat' dir='ltr'><strong>merita</strong></span> <span class='ocrx_word' id='word_1_225' title='bbox 532 2954 613 3004; x_wconf 91' lang='lat' dir='ltr'><strong>poena.</strong></span> <span class='ocrx_word' id='word_1_226' title='bbox 629 2940 683 2987; x_wconf 83' lang='lat' dir='ltr'><strong>Sus·</strong></span> <span class='ocrx_word' id='word_1_227' title='bbox 734 2941 796 3004; x_wconf 87' lang='lat' dir='ltr'><strong>poris</strong></span> <span class='ocrx_word' id='word_1_228' title='bbox 811 2940 909 2989; x_wconf 81' lang='lat' dir='ltr'><strong>fallendi</strong></span> <span class='ocrx_word' id='word_1_229' title='bbox 925 2953 999 2986; x_wconf 86' lang='lat' dir='ltr'><strong>causa</strong></span> <span class='ocrx_word' id='word_1_230' title='bbox 1013 2954 1108 3002; x_wconf 79' lang='lat' dir='ltr'><strong>angues,</strong></span> <span class='ocrx_word' id='word_1_231' title='bbox 1119 2953 1179 3000; x_wconf 86' lang='lat' dir='ltr'><strong>quos</strong></span> <span class='ocrx_word' id='word_1_232' title='bbox 1192 2953 1235 3002; x_wconf 89' lang='lat' dir='ltr'><strong>pro</strong></span> 
     </span>
     <span class='ocr_line' id='line_1_28' title="bbox 182 3011 1238 3076; baseline 0.002 -18"><span class='ocrx_word' id='word_1_233' title='bbox 182 3015 359 3074; x_wconf 65' lang='lat' dir='ltr'><strong>tiberiusque</strong></span> <span class='ocrx_word' id='word_1_234' title='bbox 383 3012 450 3060; x_wconf 84' lang='lat' dir='ltr'><strong>inviti</strong></span> <span class='ocrx_word' id='word_1_235' title='bbox 470 3013 577 3061; x_wconf 83' lang='lat' dir='ltr'><strong>facimus.</strong></span> <span class='ocrx_word' id='word_1_236' title='bbox 612 3013 683 3070; x_wconf 78' lang='lat' dir='ltr'><strong>Dare,</strong></span> <span class='ocrx_word' id='word_1_237' title='bbox 734 3013 847 3070; x_wconf 81' lang='lat' dir='ltr'><strong>crinibus,</strong></span> <span class='ocrx_word' id='word_1_238' title='bbox 860 3023 901 3062; x_wconf 88' lang='lat' dir='ltr'><strong>aut</strong></span> <span class='ocrx_word' id='word_1_239' title='bbox 911 3011 1016 3061; x_wconf 89' lang='lat' dir='ltr'><strong>crinibus</strong></span> <span class='ocrx_word' id='word_1_240' title='bbox 1026 3012 1144 3076; x_wconf 87' lang='lat' dir='ltr'><strong>implexos</strong></span> <span class='ocrx_word' id='word_1_241' title='bbox 1153 3012 1238 3076; x_wconf 79' lang='lat' dir='ltr'><strong>(Virg.</strong></span> 
     </span>
     <span class='ocr_line' id='line_1_29' title="bbox 180 3084 1235 3152; baseline 0.003 -22"><span class='ocrx_word' id='word_1_242' title='bbox 180 3084 302 3133; x_wconf 89' lang='lat' dir='ltr'><strong>inservire.</strong></span> <span class='ocrx_word' id='word_1_243' title='bbox 734 3088 822 3152; x_wconf 84' lang='lat' dir='ltr'><strong>Georg.</strong></span> <span class='ocrx_word' id='word_1_244' title='bbox 836 3087 867 3136; x_wconf 92' lang='lat' dir='ltr'><strong>iv.</strong></span> <span class='ocrx_word' id='word_1_245' title='bbox 884 3086 947 3150; x_wconf 78' lang='lat'><strong>482)</strong></span> <span class='ocrx_word' id='word_1_246' title='bbox 962 3086 1091 3141; x_wconf 85' lang='lat' dir='ltr'><strong>habebant,</strong></span> <span class='ocrx_word' id='word_1_247' title='bbox 1107 3088 1235 3146; x_wconf 72' lang='lat' dir='ltr'><strong>pectebant,</strong></span> 
     </span>
    </p>

    <p class='ocr_par' dir='ltr' id='par_1_10' title="bbox 179 3157 1248 3742">
     <span class='ocr_line' id='line_1_30' title="bbox 215 3157 1236 3224; baseline 0.005 -20"><span class='ocrx_word' id='word_1_248' title='bbox 215 3159 272 3205; x_wconf 82' lang='lat'><strong>449.</strong></span> <span class='ocrx_word' id='word_1_249' title='bbox 293 3157 416 3223; x_wconf 77' lang='lat' dir='ltr'><strong>Ingemuit,</strong></span> <span class='ocrx_word' id='word_1_250' title='bbox 434 3159 535 3224; x_wconf 88' lang='lat' dir='ltr'><strong>crepuit.</strong></span> <span class='ocrx_word' id='word_1_251' title='bbox 570 3159 682 3218; x_wconf 81' lang='lat' dir='ltr'><strong>Gemitus,</strong></span> <span class='ocrx_word' id='word_1_252' title='bbox 733 3171 759 3211; x_wconf 92' lang='lat' dir='ltr'><strong>ut</strong></span> <span class='ocrx_word' id='word_1_253' title='bbox 775 3162 852 3210; x_wconf 90' lang='lat' dir='ltr'><strong>solent</strong></span> <span class='ocrx_word' id='word_1_254' title='bbox 868 3161 948 3210; x_wconf 85' lang='lat' dir='ltr'><strong>otiosae</strong></span> <span class='ocrx_word' id='word_1_255' title='bbox 965 3161 1042 3208; x_wconf 88' lang='lat' dir='ltr'><strong>crines</strong></span> <span class='ocrx_word' id='word_1_256' title='bbox 1053 3173 1144 3208; x_wconf 84' lang='lat' dir='ltr'><strong>curare.</strong></span> <span class='ocrx_word' id='word_1_257' title='bbox 1159 3159 1186 3210; x_wconf 90' lang='lat' dir='ltr'><strong>ii.</strong></span> <span class='ocrx_word' id='word_1_258' title='bbox 1199 3160 1236 3209; x_wconf 81' lang='lat'><strong>12.</strong></span> 
     </span>
     <span class='ocr_line' id='line_1_31' title="bbox 181 3231 906 3300; baseline 0.007 -21"><span class='ocrx_word' id='word_1_259' title='bbox 181 3231 256 3279; x_wconf 89' lang='lat' dir='ltr'><strong>omnis</strong></span> <span class='ocrx_word' id='word_1_260' title='bbox 285 3246 364 3287; x_wconf 87' lang='lat' dir='ltr'><strong>sonus,</strong></span> <span class='ocrx_word' id='word_1_261' title='bbox 391 3247 462 3295; x_wconf 84' lang='lat' dir='ltr'><strong>quem</strong></span> <span class='ocrx_word' id='word_1_262' title='bbox 486 3248 523 3280; x_wconf 92' lang='lat' dir='ltr'><strong>res</strong></span> <span class='ocrx_word' id='word_1_263' title='bbox 548 3231 682 3283; x_wconf 73' lang='lat' dir='ltr'><strong>inanimatae</strong></span> <span class='ocrx_word' id='word_1_264' title='bbox 733 3236 809 3286; x_wconf 82' lang='lat' dir='ltr'><strong>Foeda</strong></span> <span class='ocrx_word' id='word_1_265' title='bbox 819 3236 906 3300; x_wconf 83' lang='lat' dir='ltr'><strong>imago.</strong></span> 
     </span>
     <span class='ocr_line' id='line_1_32' title="bbox 182 3303 1236 3369; baseline 0.006 -17"><span class='ocrx_word' id='word_1_266' title='bbox 182 3304 249 3360; x_wconf 81' lang='lat' dir='ltr'><strong>daut,</strong></span> <span class='ocrx_word' id='word_1_267' title='bbox 261 3303 318 3352; x_wconf 90' lang='lat' dir='ltr'><strong>dum</strong></span> <span class='ocrx_word' id='word_1_268' title='bbox 334 3304 465 3361; x_wconf 85' lang='lat' dir='ltr'><strong>calcantur,</strong></span> <span class='ocrx_word' id='word_1_269' title='bbox 477 3306 608 3369; x_wconf 89' lang='lat' dir='ltr'><strong>pulsantur,</strong></span> <span class='ocrx_word' id='word_1_270' title='bbox 619 3306 682 3356; x_wconf 81' lang='lat' dir='ltr'><strong>fran-</strong></span> <span class='ocrx_word' id='word_1_271' title='bbox 766 3312 824 3360; x_wconf 86' lang='grc'><strong>454.</strong></span> <span class='ocrx_word' id='word_1_272' title='bbox 855 3311 1061 3365; x_wconf 75' lang='lat' dir='ltr'><strong>Quam—ambros,</strong></span> <span class='ocrx_word' id='word_1_273' title='bbox 1089 3315 1117 3356; x_wconf 89' lang='lat' dir='ltr'><strong>ut</strong></span> <span class='ocrx_word' id='word_1_274' title='bbox 1142 3311 1236 3358; x_wconf 83' lang='lat' dir='ltr'><strong>AEneas</strong></span> 
     </span>
     <span class='ocr_line' id='line_1_33' title="bbox 180 3371 1248 3449; baseline 0.006 -23"><span class='ocrx_word' id='word_1_275' title='bbox 180 3386 276 3443; x_wconf 86' lang='lat' dir='ltr'><strong>guntur.</strong></span> <span class='ocrx_word' id='word_1_276' title='bbox 312 3380 422 3427; x_wconf 76' lang='lat' dir='ltr'><strong>Cerbsnu</strong></span> <span class='ocrx_word' id='word_1_277' title='bbox 440 3380 479 3428; x_wconf 86' lang='lat' dir='ltr'><strong>hic</strong></span> <span class='ocrx_word' id='word_1_278' title='bbox 497 3389 552 3429; x_wconf 85' lang='lat' dir='ltr'><strong>ante</strong></span> <span class='ocrx_word' id='word_1_279' title='bbox 570 3381 637 3438; x_wconf 83' lang='lat' dir='ltr'><strong>sores,</strong></span> <span class='ocrx_word' id='word_1_280' title='bbox 656 3396 682 3433; x_wconf 89' lang='lat' dir='ltr'><strong>nt</strong></span> <span class='ocrx_word' id='word_1_281' title='bbox 733 3384 853 3433; x_wconf 87' lang='lat' dir='ltr'><strong>Didonem</strong></span> <span class='ocrx_word' id='word_1_282' title='bbox 864 3381 1113 3447; x_wconf 79' lang='lat' dir='ltr'><strong>Virgil.vi.452.ubi</strong></span> <span class='ocrx_word' id='word_1_283' title='bbox 1127 3371 1248 3449; x_wconf 41' lang='lat' dir='ltr'><strong>caliginis*</strong></span> 
     </span>
     <span class='ocr_line' id='line_1_34' title="bbox 179 3452 1236 3521; baseline 0.007 -21"><span class='ocrx_word' id='word_1_284' title='bbox 179 3453 294 3501; x_wconf 85' lang='lat' dir='ltr'><strong>Tibul.1.</strong></span> <span class='ocrx_word' id='word_1_285' title='bbox 307 3452 341 3501; x_wconf 89' lang='lat' dir='ltr'><strong>iii.</strong></span> <span class='ocrx_word' id='word_1_286' title='bbox 353 3455 393 3502; x_wconf 84' lang='lat'><strong>71.</strong></span> <span class='ocrx_word' id='word_1_287' title='bbox 409 3453 440 3502; x_wconf 84' lang='lat' dir='ltr'><strong>ad</strong></span> <span class='ocrx_word' id='word_1_288' title='bbox 458 3456 592 3520; x_wconf 86' lang='lat' dir='ltr'><strong>exemplum</strong></span> <span class='ocrx_word' id='word_1_289' title='bbox 610 3458 681 3521; x_wconf 88' lang='lat' dir='ltr'><strong>prisci</strong></span> <span class='ocrx_word' id='word_1_290' title='bbox 731 3458 796 3507; x_wconf 90' lang='lat' dir='ltr'><strong>illius</strong></span> <span class='ocrx_word' id='word_1_291' title='bbox 812 3459 873 3507; x_wconf 88' lang='lat' dir='ltr'><strong>ratio</strong></span> <span class='ocrx_word' id='word_1_292' title='bbox 888 3457 1036 3507; x_wconf 89' lang='lat' dir='ltr'><strong>describitur.</strong></span> <span class='ocrx_word' id='word_1_293' title='bbox 1069 3457 1197 3506; x_wconf 69' lang='lat' dir='ltr'><strong>Summers</strong></span> <span class='ocrx_word' id='word_1_294' title='bbox 1211 3458 1236 3507; x_wconf 90' lang='lat' dir='ltr'><strong>in</strong></span> 
     </span>
     <span class='ocr_line' id='line_1_35' title="bbox 180 3527 1236 3594; baseline 0.006 -18"><span class='ocrx_word' id='word_1_295' title='bbox 180 3527 233 3583; x_wconf 83' lang='lat' dir='ltr'><strong>aevi,</strong></span> <span class='ocrx_word' id='word_1_296' title='bbox 250 3527 292 3575; x_wconf 92' lang='lat' dir='ltr'><strong>ubi</strong></span> <span class='ocrx_word' id='word_1_297' title='bbox 309 3527 405 3576; x_wconf 79' lang='lat' dir='ltr'><strong>maximi</strong></span> <span class='ocrx_word' id='word_1_298' title='bbox 424 3543 496 3576; x_wconf 86' lang='lat' dir='ltr'><strong>canes</strong></span> <span class='ocrx_word' id='word_1_299' title='bbox 513 3529 544 3577; x_wconf 90' lang='lat' dir='ltr'><strong>ad</strong></span> <span class='ocrx_word' id='word_1_300' title='bbox 561 3529 680 3594; x_wconf 85' lang='lat' dir='ltr'><strong>regiarum</strong></span> <span class='ocrx_word' id='word_1_301' title='bbox 731 3531 1077 3582; x_wconf 80' lang='lat' dir='ltr'><strong>bonoremadtenientisDeae.</strong></span> <span class='ocrx_word' id='word_1_302' title='bbox 1113 3531 1183 3581; x_wconf 79' lang='lat' dir='ltr'><strong>Sedes</strong></span> <span class='ocrx_word' id='word_1_303' title='bbox 1192 3547 1236 3582; x_wconf 75' lang='lat' dir='ltr'><strong>sce·</strong></span> 
     </span>
     <span class='ocr_line' id='line_1_36' title="bbox 180 3601 1234 3671; baseline 0.005 -22"><span class='ocrx_word' id='word_1_304' title='bbox 180 3601 268 3650; x_wconf 83' lang='lat' dir='ltr'><strong>aedium</strong></span> <span class='ocrx_word' id='word_1_305' title='bbox 278 3604 339 3651; x_wconf 81' lang='lat' dir='ltr'><strong>fores</strong></span> <span class='ocrx_word' id='word_1_306' title='bbox 349 3601 462 3651; x_wconf 83' lang='lat' dir='ltr'><strong>excubias</strong></span> <span class='ocrx_word' id='word_1_307' title='bbox 472 3605 582 3668; x_wconf 85' lang='lat' dir='ltr'><strong>agebant.</strong></span> <span class='ocrx_word' id='word_1_308' title='bbox 607 3606 681 3671; x_wconf 87' lang='lat' dir='ltr'><strong>Apud</strong></span> <span class='ocrx_word' id='word_1_309' title='bbox 731 3610 814 3657; x_wconf 80' lang='lat' dir='ltr'><strong>lerata.</strong></span> <span class='ocrx_word' id='word_1_310' title='bbox 848 3607 934 3671; x_wconf 86' lang='lat' dir='ltr'><strong>Virgil.</strong></span> <span class='ocrx_word' id='word_1_311' title='bbox 948 3605 1050 3655; x_wconf 85' lang='lat' dir='ltr'><strong>AEn.vi.</strong></span> <span class='ocrx_word' id='word_1_312' title='bbox 1065 3606 1234 3655; x_wconf 80' lang='lat' dir='ltr'><strong>563.scelero·</strong></span> 
     </span>
     <span class='ocr_line' id='line_1_37' title="bbox 180 3676 1235 3742; baseline 0.002 -16"><span class='ocrx_word' id='word_1_313' title='bbox 180 3676 317 3740; x_wconf 86' lang='lat' dir='ltr'><strong>Virgilium,</strong></span> <span class='ocrx_word' id='word_1_314' title='bbox 329 3692 398 3726; x_wconf 84' lang='lat' dir='ltr'><strong>versu</strong></span> <span class='ocrx_word' id='word_1_315' title='bbox 414 3676 471 3727; x_wconf 89' lang='grc'><strong>417.</strong></span> <span class='ocrx_word' id='word_1_316' title='bbox 481 3687 545 3727; x_wconf 86' lang='lat' dir='ltr'><strong>trans</strong></span> <span class='ocrx_word' id='word_1_317' title='bbox 556 3679 679 3729; x_wconf 79' lang='lat' dir='ltr'><strong>Acheron·</strong></span> <span class='ocrx_word' id='word_1_318' title='bbox 731 3692 779 3730; x_wconf 80' lang='lat' dir='ltr'><strong>tom</strong></span> <span class='ocrx_word' id='word_1_319' title='bbox 790 3684 857 3730; x_wconf 81' lang='lat' dir='ltr'><strong>limen</strong></span> <span class='ocrx_word' id='word_1_320' title='bbox 864 3699 872 3739; x_wconf 90' lang='lat'><em>;</em></span> <span class='ocrx_word' id='word_1_321' title='bbox 894 3679 975 3729; x_wconf 84' lang='lat' dir='ltr'><strong>Tibul.</strong></span> <span class='ocrx_word' id='word_1_322' title='bbox 1004 3682 1035 3728; x_wconf 80' lang='lat' dir='ltr'><strong>m</strong></span> <span class='ocrx_word' id='word_1_323' title='bbox 1052 3681 1235 3742; x_wconf 78' lang='lat' dir='ltr'><strong>sceleratajacot</strong></span> 
     </span>
    </p>

    <p class='ocr_par' dir='ltr' id='par_1_11' title="bbox 85 3751 1236 4118">
     <span class='ocr_line' id='line_1_38' title="bbox 85 3751 1031 3818; baseline 0.01 -23"><span class='ocrx_word' id='word_1_324' title='bbox 85 3778 88 3782; x_wconf 33' lang='grc' dir='ltr'><strong><em>ι</em></strong></span> <span class='ocrx_word' id='word_1_325' title='bbox 180 3758 229 3797; x_wconf 90' lang='lat' dir='ltr'><strong>tem</strong></span> <span class='ocrx_word' id='word_1_326' title='bbox 245 3760 339 3799; x_wconf 88' lang='lat' dir='ltr'><strong>autrum</strong></span> <span class='ocrx_word' id='word_1_327' title='bbox 356 3751 437 3808; x_wconf 87' lang='lat' dir='ltr'><strong>babet,</strong></span> <span class='ocrx_word' id='word_1_328' title='bbox 448 3753 512 3801; x_wconf 89' lang='lat' dir='ltr'><strong>unde</strong></span> <span class='ocrx_word' id='word_1_329' title='bbox 531 3756 620 3802; x_wconf 78' lang='lat' dir='ltr'><strong>latratu</strong></span> <span class='ocrx_word' id='word_1_330' title='bbox 636 3760 678 3805; x_wconf 84' lang='lat' dir='ltr'><strong>tri·</strong></span> <span class='ocrx_word' id='word_1_331' title='bbox 728 3759 788 3804; x_wconf 82' lang='lat' dir='ltr'><strong>sedes</strong></span> <span class='ocrx_word' id='word_1_332' title='bbox 797 3759 822 3803; x_wconf 83' lang='lat' dir='ltr'><strong>in</strong></span> <span class='ocrx_word' id='word_1_333' title='bbox 834 3755 1031 3818; x_wconf 66' lang='lat' dir='ltr'><strong>nocteprffurrdo.</strong></span> 
     </span>
     <span class='ocr_line' id='line_1_39' title="bbox 170 3824 1234 3892; baseline 0.005 -21"><span class='ocrx_word' id='word_1_334' title='bbox 170 3824 244 3887; x_wconf 79' lang='lat' dir='ltr'><strong>fusci</strong></span> <span class='ocrx_word' id='word_1_335' title='bbox 261 3837 375 3888; x_wconf 81' lang='lat' dir='ltr'><strong>personat.</strong></span> <span class='ocrx_word' id='word_1_336' title='bbox 411 3826 445 3875; x_wconf 84' lang='lat' dir='ltr'><strong>Et</strong></span> <span class='ocrx_word' id='word_1_337' title='bbox 460 3838 511 3885; x_wconf 86' lang='lat' dir='ltr'><strong>tres,</strong></span> <span class='ocrx_word' id='word_1_338' title='bbox 528 3838 575 3877; x_wconf 87' lang='lat' dir='ltr'><strong>etc.</strong></span> <span class='ocrx_word' id='word_1_339' title='bbox 608 3829 678 3878; x_wconf 90' lang='lat' dir='ltr'><strong>Com·</strong></span> <span class='ocrx_word' id='word_1_340' title='bbox 748 3831 818 3877; x_wconf 44' lang='lat'><strong>⁷456.</strong></span> <span class='ocrx_word' id='word_1_341' title='bbox 833 3828 1120 3892; x_wconf 77' lang='lat' dir='ltr'><strong>Viscerapraebebut,etc.]</strong></span> <span class='ocrx_word' id='word_1_342' title='bbox 1134 3827 1234 3892; x_wconf 79' lang='lat' dir='ltr'><strong>Depoe·</strong></span> 
     </span>
     <span class='ocr_line' id='line_1_40' title="bbox 180 3899 1234 3963; baseline 0.005 -18"><span class='ocrx_word' id='word_1_343' title='bbox 180 3899 249 3946; x_wconf 89' lang='lat' dir='ltr'><strong>mode</strong></span> <span class='ocrx_word' id='word_1_344' title='bbox 266 3901 376 3949; x_wconf 76' lang='lat' dir='ltr'><strong>laudatur</strong></span> <span class='ocrx_word' id='word_1_345' title='bbox 394 3917 409 3949; x_wconf 86' lang='lat' dir='ltr'><strong>a</strong></span> <span class='ocrx_word' id='word_1_346' title='bbox 425 3903 577 3963; x_wconf 84' lang='lat' dir='ltr'><strong>Burmanno;</strong></span> <span class='ocrx_word' id='word_1_347' title='bbox 594 3905 680 3953; x_wconf 88' lang='lat' dir='ltr'><strong>Lucia·</strong></span> <span class='ocrx_word' id='word_1_348' title='bbox 729 3903 766 3952; x_wconf 91' lang='lat' dir='ltr'><strong>nis</strong></span> <span class='ocrx_word' id='word_1_349' title='bbox 776 3903 939 3952; x_wconf 73' lang='lat' dir='ltr'><strong>infernalibus.</strong></span> <span class='ocrx_word' id='word_1_350' title='bbox 972 3905 1035 3952; x_wconf 86' lang='lat' dir='ltr'><strong>Fons</strong></span> <span class='ocrx_word' id='word_1_351' title='bbox 1051 3909 1075 3950; x_wconf 83' lang='lat' dir='ltr'><strong>et</strong></span> <span class='ocrx_word' id='word_1_352' title='bbox 1092 3901 1181 3950; x_wconf 77' lang='lat' dir='ltr'><strong>fundus</strong></span> <span class='ocrx_word' id='word_1_353' title='bbox 1193 3901 1234 3950; x_wconf 76' lang='lat' dir='ltr'><strong>lra-</strong></span> 
     </span>
     <span class='ocr_line' id='line_1_41' title="bbox 181 3971 1236 4044; baseline 0.007 -26"><span class='ocrx_word' id='word_1_354' title='bbox 181 3987 234 4029; x_wconf 89' lang='lat' dir='ltr'><strong>nus,</strong></span> <span class='ocrx_word' id='word_1_355' title='bbox 247 3971 271 4020; x_wconf 87' lang='lat' dir='ltr'><strong>in</strong></span> <span class='ocrx_word' id='word_1_356' title='bbox 282 3975 445 4024; x_wconf 87' lang='lat' dir='ltr'><strong>Hermotimo:</strong></span> <span class='ocrx_word' id='word_1_357' title='bbox 465 3979 515 4026; x_wconf 86' lang='lat' dir='ltr'><strong>Kal</strong></span> <span class='ocrx_word' id='word_1_358' title='bbox 524 3979 606 4043; x_wconf 78' lang='grc' dir='ltr'><strong><em>φωνὰς</em></strong></span> <span class='ocrx_word' id='word_1_359' title='bbox 616 3981 681 4044; x_wconf 79' lang='grc' dir='ltr'>τρεῖς</span> <span class='ocrx_word' id='word_1_360' title='bbox 730 3994 782 4026; x_wconf 91' lang='lat' dir='ltr'><strong>rum</strong></span> <span class='ocrx_word' id='word_1_361' title='bbox 790 3978 924 4028; x_wconf 79' lang='lat' dir='ltr'><strong>fabularum</strong></span> <span class='ocrx_word' id='word_1_362' title='bbox 935 3987 971 4026; x_wconf 84' lang='lat' dir='ltr'><strong>est</strong></span> <span class='ocrx_word' id='word_1_363' title='bbox 977 3977 1074 4026; x_wconf 88' lang='lat' dir='ltr'><strong>Homeri</strong></span> <span class='ocrx_word' id='word_1_364' title='bbox 1086 3976 1138 4025; x_wconf 83' lang='lat' dir='ltr'><strong>Od.</strong></span> <span class='ocrx_word' id='word_1_365' title='bbox 1146 3983 1177 4026; x_wconf 85' lang='lat' dir='ltr'><strong>ll.</strong></span> <span class='ocrx_word' id='word_1_366' title='bbox 1188 3977 1236 4025; x_wconf 72' lang='lat'><strong>575</strong></span> 
     </span>
     <span class='ocr_line' id='line_1_42' title="bbox 178 4045 1236 4118; baseline -0.01 -9"><span class='ocrx_word' id='word_1_367' title='bbox 178 4045 312 4112; x_wconf 61' lang='lat' dir='ltr'><strong>lilffltllltl·</strong></span> <span class='ocrx_word' id='word_1_368' title='bbox 730 4068 782 4118; x_wconf 86' lang='lat' dir='ltr'><strong>sqq.</strong></span> <span class='ocrx_word' id='word_1_369' title='bbox 817 4054 888 4102; x_wconf 89' lang='lat' dir='ltr'><strong>Conl.</strong></span> <span class='ocrx_word' id='word_1_370' title='bbox 901 4055 990 4105; x_wconf 84' lang='lat' dir='ltr'><strong>Noster</strong></span> <span class='ocrx_word' id='word_1_371' title='bbox 999 4052 1032 4102; x_wconf 92' lang='lat' dir='ltr'><strong>ib.</strong></span> <span class='ocrx_word' id='word_1_372' title='bbox 1043 4052 1090 4102; x_wconf 75' lang='grc'><strong>176</strong></span> <span class='ocrx_word' id='word_1_373' title='bbox 1101 4066 1155 4116; x_wconf 90' lang='lat' dir='ltr'><strong>sqq.</strong></span> <span class='ocrx_word' id='word_1_374' title='bbox 1188 4051 1236 4099; x_wconf 87' lang='lat' dir='ltr'><strong>Ln-</strong></span> 
     </span>
    </p>

    <p class='ocr_par' dir='ltr' id='par_1_12' title="bbox 180 4120 1236 4264">
     <span class='ocr_line' id='line_1_43' title="bbox 212 4120 1236 4192; baseline 0.004 -24"><span class='ocrx_word' id='word_1_375' title='bbox 212 4120 267 4168; x_wconf 76' lang='lat'><strong>451.</strong></span> <span class='ocrx_word' id='word_1_376' title='bbox 286 4123 337 4170; x_wconf 81' lang='lat' dir='ltr'><strong>Nox</strong></span> <span class='ocrx_word' id='word_1_377' title='bbox 348 4122 429 4173; x_wconf 84' lang='lat' dir='ltr'><strong>Furias</strong></span> <span class='ocrx_word' id='word_1_378' title='bbox 445 4141 492 4173; x_wconf 89' lang='lat' dir='ltr'><strong>uno</strong></span> <span class='ocrx_word' id='word_1_379' title='bbox 510 4135 579 4191; x_wconf 88' lang='lat' dir='ltr'><strong>partu</strong></span> <span class='ocrx_word' id='word_1_380' title='bbox 596 4127 679 4177; x_wconf 87' lang='lat' dir='ltr'><strong>edidit.</strong></span> <span class='ocrx_word' id='word_1_381' title='bbox 729 4136 788 4175; x_wconf 85' lang='lat' dir='ltr'><strong>oret.</strong></span> <span class='ocrx_word' id='word_1_382' title='bbox 800 4127 835 4176; x_wconf 93' lang='lat' dir='ltr'><strong>iii.</strong></span> <span class='ocrx_word' id='word_1_383' title='bbox 844 4129 893 4177; x_wconf 82' lang='lat'><strong>995</strong></span> <span class='ocrx_word' id='word_1_384' title='bbox 905 4143 958 4192; x_wconf 87' lang='lat' dir='ltr'><strong>sqq.</strong></span> <span class='ocrx_word' id='word_1_385' title='bbox 966 4125 996 4175; x_wconf 92' lang='lat' dir='ltr'><strong>de</strong></span> <span class='ocrx_word' id='word_1_386' title='bbox 1005 4127 1065 4176; x_wconf 79' lang='lat' dir='ltr'><strong>vivis</strong></span> <span class='ocrx_word' id='word_1_387' title='bbox 1074 4125 1127 4174; x_wconf 85' lang='lat' dir='ltr'><strong>brec</strong></span> <span class='ocrx_word' id='word_1_388' title='bbox 1137 4123 1236 4190; x_wconf 82' lang='lat' dir='ltr'><strong>capien-</strong></span> 
     </span>
     <span class='ocr_line' id='line_1_44' title="bbox 180 4193 1236 4264; baseline 0.007 -23"><span class='ocrx_word' id='word_1_389' title='bbox 180 4193 265 4250; x_wconf 83' lang='lat' dir='ltr'><strong>Groce,</strong></span> <span class='ocrx_word' id='word_1_390' title='bbox 278 4196 373 4245; x_wconf 81' lang='lat' dir='ltr'><strong>noxium</strong></span> <span class='ocrx_word' id='word_1_391' title='bbox 389 4207 411 4246; x_wconf 91' lang='lat' dir='ltr'><strong>et</strong></span> <span class='ocrx_word' id='word_1_392' title='bbox 423 4198 531 4247; x_wconf 71' lang='lat' dir='ltr'><strong>seviens.</strong></span> <span class='ocrx_word' id='word_1_393' title='bbox 566 4199 678 4261; x_wconf 81' lang='lat' dir='ltr'><strong>Impluco-</strong></span> <span class='ocrx_word' id='word_1_394' title='bbox 729 4201 760 4250; x_wconf 85' lang='lat' dir='ltr'><strong>da</strong></span> <span class='ocrx_word' id='word_1_395' title='bbox 771 4219 823 4252; x_wconf 85' lang='lat' dir='ltr'><strong>esse</strong></span> <span class='ocrx_word' id='word_1_396' title='bbox 840 4212 928 4260; x_wconf 86' lang='lat' dir='ltr'><strong>monet,</strong></span> <span class='ocrx_word' id='word_1_397' title='bbox 941 4213 968 4252; x_wconf 91' lang='lat' dir='ltr'><strong>ut</strong></span> <span class='ocrx_word' id='word_1_398' title='bbox 978 4201 1096 4251; x_wconf 80' lang='lat' dir='ltr'><strong>Tantalus</strong></span> <span class='ocrx_word' id='word_1_399' title='bbox 1108 4199 1140 4250; x_wconf 85' lang='lat' dir='ltr'><strong>sit</strong></span> <span class='ocrx_word' id='word_1_400' title='bbox 1154 4199 1236 4264; x_wconf 61' lang='lat' dir='ltr'><strong>imago</strong></span> 
     </span>
    </p>
   </div>
   <div class='ocr_carea' id='block_1_5' title="bbox 1109 4444 1260 4617">
    <p class='ocr_par' dir='ltr' id='par_1_13' title="bbox 1109 4444 1260 4617">
     <span class='ocr_line' id='line_1_45' title="bbox 1156 4444 1260 4497; baseline 0 -24"><span class='ocrx_word' id='word_1_401' title='bbox 1156 4488 1160 4497; x_wconf 65' lang='grc' dir='ltr'>Ι</span> <span class='ocrx_word' id='word_1_402' title='bbox 1198 4444 1260 4491; x_wconf 45' lang='grc' dir='ltr'><strong>ιθ.-</strong></span> 
     </span>
     <span class='ocr_line' id='line_1_46' title="bbox 1109 4600 1116 4617; baseline 0 0"><span class='ocrx_word' id='word_1_403' title='bbox 1109 4600 1116 4617; x_wconf 66' lang='lat'><em>0</em></span> 
     </span>
    </p>
   </div>
   <div class='ocr_carea' id='block_1_6' title="bbox 0 0 1410 5010">
    <p class='ocr_par' dir='ltr' id='par_1_14' title="bbox 0 0 1410 5010">
     <span class='ocr_line' id='line_1_47' title="bbox 0 0 1410 5010; baseline 0 3"><span class='ocrx_word' id='word_1_404' title='bbox 0 0 1410 5010; x_wconf 95' lang='lat' dir='ltr'><strong> </strong></span> 
     </span>
    </p>
   </div>
  </div>
 </body>
</html>
