2812 5010
175 341 240 407 280
467 340 506 404 P.
530 337 693 404 OVIDII
716 336 928 404 NASONIS
950 409 955 417 ,

179 516 300 589 Pacta
316 515 468 613 placent
482 541 491 601 ;
520 523 559 587 et
574 512 654 598 lux,
673 513 779 586 tarde
797 512 982 585 decedere
999 509 1082 586 visa

176 633 440 731 Praecipitatur
458 631 579 729 aquis,
596 640 635 704 et
652 630 760 728 aquis
778 653 854 703 nox
872 629 993 725 surgit
1010 630 1058 702 ab
1071 629 1203 702 isdem.
1246 702 1248 706 a

180 749 329 824 Callida
345 774 413 848 per
430 750 619 835 tenebras,
639 757 786 823 versato
805 736 970 831 cardine,
989 744 1134 818 Thisbe

178 864 393 962 Egreditur,
412 864 584 961 fallitque
602 888 711 949 su0s3
742 863 1000 960 adopertaque
1018 861 1166 934 vultum

180 979 359 1055 Pervenit
377 981 424 1054 ad
442 980 627 1052 tumulum
643 1005 651 1065 3
681 978 859 1074 dictaque
877 978 946 1050 sub
962 979 1094 1050 arbore
1113 974 1222 1050 sedit.

177 1096 373 1170 Audacem
388 1094 552 1168 faciebat
570 1115 695 1167 amor:
723 1093 826 1166 venit
842 1116 931 1166 ecce
950 1092 1092 1166 recenti
1162 1095 1223 1181 ,96

179 1212 295 1287 Caede
313 1214 432 1286 leaena
450 1214 565 1285 boum
584 1219 804 1308 spumantes
822 1209 942 1283 oblita
956 1209 1085 1294 rictus,

179 1327 409 1426 Depositum
427 1327 528 1400 sitim
546 1324 659 1398 vicini
677 1324 790 1398 sontis
809 1324 847 1397 in
865 1325 977 1398 unda.

179 1443 302 1527 Quam
321 1443 451 1541 procul
469 1443 516 1516 ad
530 1442 627 1514 lunae
646 1440 769 1513 radios
789 1439 1003 1538 Babylonia
1019 1438 1162 1512 Thisbe

177 1559 304 1648 Vidit3
326 1571 366 1634 et
383 1562 585 1633 obscurum
603 1558 749 1655 trepido
767 1557 865 1654 pede
882 1556 978 1653 fugit
996 1556 1034 1629 in
1052 1565 1223 1642 antrum;

179 1677 360 1773 Dumque
373 1676 481 1771 fugit,
496 1686 602 1770 tergo
616 1673 803 1748 velamina
816 1674 924 1770 lapsa
938 1672 1130 1770 relinquit.
1155 1675 1221 1744 101

11 1802 15 1809 “
80 1883 82 1888 ¹
180 1791 235 1865 Ut
252 1795 313 1864 lea
329 1815 429 1865 saeva
446 1791 546 1864 sitim
564 1793 683 1865 multa
700 1789 935 1889 compescuit
951 1790 1063 1877 unda,

166 1908 283 1994 ‚Dum
301 1908 399 1983 redit
416 1910 454 1981 in
469 1907 592 1995 silvae,
612 1909 784 1982 inventos
802 1907 898 1981 forte
916 1905 997 1980 sine
1018 1905 1102 2003 ipsa

181 2024 258 2099 Ore
276 2035 472 2099 cruentato
489 2035 621 2099 tenues
639 2024 792 2098 laniavit
809 2023 981 2097 amictus.

181 2140 310 2214 Serius
328 2166 514 2238 egressus
534 2143 692 2239 vestigia
708 2142 802 2215 vidit
819 2141 858 2213 in
876 2141 951 2214 alto
1156 2142 1227 2211 105

180 2256 342 2332 Pulvere
359 2268 464 2331 certa
477 2256 577 2343 ferae,
597 2267 755 2354 totoque
773 2256 957 2355 expalluit
975 2278 1038 2328 ore

180 2371 386 2470 Pyramus:
404 2383 447 2445 ut
459 2398 546 2447 vero
557 2384 699 2447 vestem
713 2399 865 2472 quoque
877 2371 1058 2468 sanguine
1069 2365 1228 2443 tinctam

181 2488 387 2588 Repperit;
419 2498 443 2528 “
464 2489 551 2564 Una
568 2492 662 2564 duos
687 2491 799 2579 nox,'’
826 2489 961 2588 inquit,
987 2480 1163 2586 “perdet
1189 2511 1228 2561 a·

333 2607 495 2701 [mantes
509 2635 518 2696 ;

213 2780 255 2826 91.
279 2779 332 2826 Luc
349 2794 391 2844 pro
412 2779 470 2828 sole.
511 2779 626 2828 Decedere
644 2796 680 2829 so·
729 2781 774 2830 nisi
789 2797 838 2837 eos,
852 2796 910 2844 quos
923 2778 975 2827 Non
993 2780 1161 2827 vetatobscuru
1177 2795 1229 2826 snr-

181 2853 253 2900 lenne
263 2853 293 2901 de
303 2852 467 2901 occidentibus
484 2852 607 2903 sideribus.
633 2855 682 2902 Pu·
729 2872 783 2920 gere
798 2864 861 2903 nocte
872 2858 948 2910 timor,
959 2861 986 2901 ut
996 2853 1029 2901 ait
1039 2852 1120 2901 Tibul.
1130 2853 1152 2900 Ι.
1161 2852 1186 2900 ii.
1200 2855 1231 2901 18

183 2928 536 2993 tantsuruptumapraesidibus
549 2929 681 2994 provincia-
730 2945 783 2993 sqq.
816 2929 874 2993 Ejus
895 2927 929 2976 rei
951 2927 990 2975 hic
1013 2927 1129 2975 habemus
1149 2943 1231 2974 exem-

184 3016 236 3048 rum
247 3008 300 3065 post
309 3001 430 3065 expletum
443 3009 537 3066 tempus
556 3018 682 3052 amunere
731 3002 805 3066 plum,
824 3010 896 3066 atque
915 3001 989 3049 etiam
1003 3001 1062 3065 ejus,
1081 2999 1146 3064 quod
1166 3000 1231 3048 idem

184 3090 226 3121 suc
248 3073 397 3122 abeuntibus.
435 3077 511 3123 Immo
532 3091 547 3123 a
567 3075 683 3124 militibus
731 3076 761 3125 de
780 3075 886 3141 potentia
897 3075 1023 3141 Cupidinis
1037 3074 1085 3122 ait:
1104 3075 1157 3122 Hoc
1173 3078 1233 3124 duce

183 3148 323 3196 translatum
331 3166 339 3209 ς
348 3149 403 3197 vide
415 3149 445 3198 ad
455 3149 481 3197 ii.
493 3151 597 3214 114sqq.
617 3152 681 3200 Prae-
731 3154 831 3199 custodes
834 3151 925 3216 furtim
935 3159 1074 3214 transgressa
1078 3153 1185 3211 jacentes
1193 3154 1231 3199 Ad

182 3224 301 3284 cipitatur,
312 3238 386 3287 prona
394 3222 433 3271 via
441 3223 565 3272 descendit
575 3224 599 3272 in
611 3241 680 3274 ocea-
723 3230 833 3288 juvenem
842 3229 938 3274 tenebris
944 3227 990 3272 solu
998 3225 1077 3286 puella
1084 3226 1155 3272 verrit.
1167 3223 1231 3274 Vide

182 3310 255 3354 num3
272 3295 300 3343 ii.
313 3297 344 3344 67
359 3313 414 3360 sqq.
443 3296 637 3362 Virgil.'AEneid.
656 3298 681 3349 ii.
730 3299 810 3347 Tibul.
833 3302 868 3349 ΙΙ.
889 3301 905 3349 i.
928 3302 967 3349 75.
1011 3299 1103 3347 Versata
1125 3303 1231 3348 cardine.

182 3373 214 3420 9:
233 3389 276 3419 nux
295 3373 349 3420 coelo
368 3374 507 3434 precipitat.
541 3374 621 3430 Porro,
639 3392 682 3422 nos
731 3373 797 3421 Alibi
805 3374 972 3438 surtimnersn
988 3380 1030 3420 aut
1048 3376 1118 3420 tacito
1136 3376 1233 3423 cardine

181 3448 265 3510 surgit,
275 3444 332 3509 quia
341 3453 416 3510 poetar
428 3445 450 3494 ei
459 3463 506 3494 non
513 3447 599 3503 minus,
608 3464 681 3512 quam
732 3447 794 3495 clam
809 3448 955 3512 egredientes
971 3449 1032 3495 fores
1046 3447 1136 3512 aperire
1146 3447 1232 3496 dicun-

178 3520 239 3576 Soli,
258 3519 384 3568 decursum
400 3536 442 3584 per
460 3522 548 3569 coelum
566 3521 681 3579 tribuunt,
731 3530 776 3577 tur,
786 3522 866 3570 Tibul.
878 3522 899 3569 I.
911 3522 937 3569 ii.
952 3524 998 3581 103
1017 3521 1100 3568 vi.12.

182 3596 215 3644 ita
227 3594 331 3660 quidem,
342 3601 369 3643 ut
378 3596 416 3643 vel
431 3597 461 3644 ab
474 3595 573 3644 Oriente
584 3611 682 3659 surgens
762 3598 802 3644 97.
822 3597 886 3644 Cede
905 3596 989 3658 boum]
1018 3594 1138 3658 Sanguine
1157 3596 1232 3644 boum

177 3669 243 3718 ¹Solis
264 3685 358 3718 currum
378 3679 541 3734 persequatur,
560 3670 606 3726 vel,
628 3671 681 3719 Sole
730 3685 852 3727 caesorum,
863 3679 890 3718 ut
901 3669 1016 3735 supraiii.
1031 3670 1086 3717 143.
1099 3670 1233 3734 caedtfern·

176 3744 208 3791 *in
218 3759 332 3792 oceanum
340 3760 365 3791 se
375 3743 547 3808 precipitante,
555 3746 585 3792 ab
597 3744 681 3793 eadem
731 3762 790 3792 rum.
816 3746 970 3807 Deponuntur
981 3744 1068 3800 omnia,
1078 3759 1134 3807 qnae
1145 3743 1233 3793 finiun-

182 3816 226 3865 illa
236 3824 302 3882 parte
313 3818 454 3866 occidentali
466 3827 555 3883 surgat.
580 3819 682 3867 Lactan·
731 3826 777 3876 tur,
785 3820 870 3884 quibus
878 3818 931 3884 quis
937 3817 1232 3877 liberatur3videviii.47.

185 3890 232 3938 tius
246 3891 271 3937 in
282 3890 430 3953 Argumento
445 3900 587 3949 nemancos
605 3902 681 3941 matu·
767 3896 821 3942 100.
838 3893 919 3942 Nostri
938 3893 1009 3957 Regii
1026 3892 1116 3941 habent
1135 3895 1214 3940 timido
1223 3911 1233 3951 ,-

185 3963 234 4012 tino
245 3973 349 4029 tempore
359 3965 392 4013 ibi
403 3965 548 4015 convenisse.
731 3968 827 4016 videant
849 3967 942 4024 Critici,
965 3984 996 4016 au
1019 3969 1106 4029 trepido
1134 3966 1233 4014 nimiam

218 4039 258 4085 93.
268 4038 350 4087 Venus
360 4040 432 4095 lavel,
443 4040 462 4087 si
471 4051 556 4088 reserat
556 4042 607 4104 fixo
616 4043 683 4088 dente
732 4041 884 4106 agitationem
896 4048 963 4090 notat
978 4056 1006 4090 ac
1017 4040 1096 4088 minus
1106 4039 1235 4088 conveniat

184 4113 265 4172 puella
277 4112 353 4176 fures,
375 4112 501 4178 docetque,
519 4117 598 4176 pedem
618 4117 684 4162 nullo
731 4115 826 4177 puellae.
854 4115 950 4171 Noster,
962 4112 980 4163 i.
993 4114 1050 4163 506.
1065 4130 1143 4176 penna
1161 4116 1234 4175 trepi-

182 4202 265 4248 ponere
284 4204 344 4248 porte
362 4204 432 4245 scum·
454 4187 526 4252 idque
548 4189 617 4237 docet
636 4205 682 4237 non
732 4189 811 4235 dante.
