2812 5010
306 330 375 395 DE
398 328 562 396 OPERE
585 328 1077 398 METAMORPHOSEON.
1130 336 1217 399 xxvii

288 504 311 561 J
311 524 358 567 am
370 503 443 562 mihi
455 502 577 562 subduci
589 502 678 561 facies
690 502 816 561 humana
828 503 962 562 videtur:

288 598 311 655 J
312 619 359 657 am
371 599 453 657 cibus
465 598 553 657 herba
564 596 677 676 placet3
694 597 756 675 jam
768 597 835 657 latis
849 619 962 659 currere
976 600 1083 679 campis

291 692 424 771 Impetus
437 702 490 752 est.

174 851 254 917 Mox
269 852 415 936 sequitur
428 852 563 916 mutatio
577 852 663 937 ipsa:

565 1001 637 1060 Pars
650 1011 694 1061 est
708 1012 838 1062 extrema
851 1005 973 1082 querclae

288 1095 445 1156 Intellecta
456 1116 569 1174 parum,
583 1097 756 1176 confusaque
770 1101 857 1158 verba
869 1100 961 1159 fuere.

291 1191 365 1249 Mox
378 1211 431 1249 nec
439 1190 526 1249 verba
537 1189 663 1268 quidem,
678 1210 731 1249 nec
744 1212 807 1269 qum
820 1213 905 1252 sonus
919 1193 969 1252 ille
983 1195 1108 1266 videtur,

292 1285 352 1344 Sed
365 1284 527 1344 simulantis
540 1305 642 1362 equam
649 1306 660 1355 ;
681 1306 824 1365 parvoque
837 1287 869 1345 in
882 1299 1011 1368 tempore
1025 1302 1115 1351 certos

292 1380 397 1439 Edidit
409 1380 550 1446 hinnitus,
563 1392 593 1438 ct
606 1379 721 1439 brachia
734 1382 823 1441 movit
837 1382 868 1440 in
881 1383 991 1443 herbas.

291 1475 371 1533 Tum
383 1473 467 1552 digiti
480 1483 594 1542 coeunt,
608 1483 639 1532 ct
652 1474 753 1552 quinos
766 1474 875 1552 adligat
889 1482 1001 1554 ungues

291 1571 438 1649 Perpetuo
451 1589 538 1628 cornu
550 1568 622 1628 levis
635 1569 761 1648 ungula:
783 1572 883 1630 crescit
898 1582 927 1631 et
941 1573 996 1631 oris

292 1665 335 1723 Et
349 1664 414 1723 colli
427 1663 569 1741 spatium:
590 1662 683 1741 longae
695 1684 760 1742 pars
773 1663 876 1723 ultima
888 1665 973 1743 pallae

292 1758 394 1818 Gauda
407 1757 457 1816 fit:
478 1769 568 1836 utque
581 1759 647 1836 vagi
660 1759 752 1818 crines
766 1779 817 1837 per
830 1759 902 1819 colla
912 1760 1055 1836 jacebant,

293 1854 330 1913 In
344 1854 459 1912 dextras
472 1853 568 1912 abiere
577 1853 671 1929 jubas.

180 2024 374 2108 Quanquam
390 2021 444 2086 hic
463 2022 592 2107 ingenio
610 2023 729 2086 abusus
746 2032 796 2086 est
813 2033 921 2107 poeta,
937 2034 1112 2088 extremam
1126 2022 1221 2109 pallae

178 2154 303 2228 partem
319 2143 352 2205 in
371 2141 507 2205 caudam
524 2139 763 2204 transformans.
801 2141 960 2226 Daphnes
982 2141 1049 2207 fato
1069 2143 1219 2219 instante,

180 2264 199 2326 i.
215 2263 295 2326 548:

529 2379 639 2458 Torpor
651 2378 746 2457 gravis
759 2379 868 2456 adligat
881 2390 969 2449 artus,

295 2473 400 2532 Mollia
412 2473 569 2551 cinguntur
581 2474 663 2532 tenui
676 2472 829 2551 praecordia
841 2472 923 2531 libro.

295 2568 333 2625 In
345 2567 476 2627 frondem
490 2567 591 2636 crines,
605 2568 636 2624 in
649 2586 739 2625 ramos
753 2566 869 2624 brachia
882 2576 1022 2625 crescunt.

296 2663 366 2733 Pes,
379 2663 463 2721 modo
475 2673 536 2721 tam
545 2661 638 2732 velox,
652 2662 740 2741 pigris
754 2661 896 2720 radicibus
909 2662 1016 2720 haeret:

295 2756 356 2816 Ora
368 2777 504 2816 cacumen
518 2757 595 2826 obit;
615 2768 744 2816 remanet
757 2757 835 2815 nitor
848 2777 923 2815 unus
936 2756 968 2814 in
981 2755 1040 2815 illa.

183 2943 269 3007 Saxa
281 2964 382 3006 unum
390 2940 513 3006 vultum
523 2941 656 3018 habent,
666 2964 725 3006 nec
740 2951 848 3026 partes
861 2940 1108 3018 discriminatas3
1125 2939 1225 3004 nihilo

183 3072 286 3125 tamen
301 3061 405 3125 minus
419 3062 453 3124 in
467 3083 506 3125 ea
520 3083 648 3146 quoque
668 3062 838 3125 transitum
851 3059 996 3144 jucunde
1010 3059 1174 3134 describit,
1190 3058 1222 3121 ii.

186 3178 256 3254 820,
273 3178 330 3240 ubi
344 3176 491 3263 Aglauro

300 3333 423 3413 Surgere
437 3337 551 3395 conanti
564 3347 669 3414 partes,
682 3357 867 3416 quascunque
880 3337 1004 3397 sedendo

300 3429 469 3499 Flectimus,
483 3432 586 3509 ignava
598 3443 745 3511 nequeunt
759 3432 899 3510 gravitate
912 3432 1028 3490 moveri.

300 3524 356 3583 Illa
369 3524 485 3602 quidem
497 3535 575 3584 recto
587 3536 697 3604 pugnat
710 3546 741 3585 se
755 3524 887 3584 attollere
900 3534 1018 3582 trunco:

300 3616 360 3676 Sed
372 3637 499 3695 genuum
509 3619 647 3694 junctura
659 3619 744 3695 riget,
758 3619 906 3695 frigusque
919 3636 971 3694 per
984 3626 1064 3675 artus

299 3710 433 3778 Labitur,
448 3720 478 3769 et
490 3711 600 3789 pallent
614 3712 715 3770 amisso
728 3711 866 3787 sanguine
879 3731 968 3768 venae.

300 3805 528 3864 —Letalis
541 3807 632 3865 hiems
645 3806 784 3883 paulatim
797 3806 826 3862 in
841 3814 955 3881 pectora
969 3805 1059 3871 venit,

302 3898 474 3976 Vitalesque
489 3900 548 3958 vias
561 3909 591 3958 et
603 3900 789 3978 respiramina
802 3898 913 3956 clausit.

303 3993 369 4051 Nec
382 4004 482 4052 conata
495 3993 573 4072 loqui
585 4004 647 4063 est;
669 4014 732 4063 nec,
746 3994 770 4051 si
784 4003 884 4051 conata
897 3994 1010 4062 fuisset,

301 4086 391 4146 Vocis
403 4087 521 4147 haberet
534 4088 607 4158 iter;
628 4109 730 4147 saxum
740 4089 801 4164 jam
814 4088 886 4147 colla
898 4078 1025 4156 tenebat,

303 4180 421 4261 Oraque
435 4183 610 4243 duruerant:
632 4185 803 4263 signumque
816 4203 959 4261 exsangue
972 4183 1099 4243 sedebat.
