2812 5010
228 332 698 414 METAMORPHOSEON
722 343 813 409 LIB.
837 341 921 409 VII.
1039 342 1104 409 449

56 522 208 597 AEsonis
226 521 394 598 effoetum
410 518 565 620 proferri
581 543 719 618 corpus
736 518 785 592 ad
802 541 885 592 aras
1028 521 1103 591 252

56 637 82 712 J
84 638 191 727 ussit,
209 637 304 712 etin
321 635 453 737 plenos
471 635 676 711 resolutum
693 629 858 709 carmine
876 656 1039 720 somnos,

58 753 236 829 Exanimi
254 752 427 842 similem,
443 751 570 826 stratis
587 751 754 850 porrexit
771 751 809 824 in
827 743 967 826 herbis.
987 741 1102 845 [tr0s3

59 869 161 944 Hinc
174 871 306 970 procul
319 869 536 957 AEsoniden,
549 869 679 968 procul
691 868 779 943 hinc
789 869 901 967 jubet
910 868 964 940 ire
975 866 1105 974 minis-

59 986 113 1061 Et
128 998 257 1062 monet
273 981 425 1062 arcanis*
437 987 567 1061 oculos
581 1008 770 1060 removere
788 983 978 1083 profanos.
1032 984 1106 1056 356

60 1103 277 1208 Diffugiunt
289 1103 408 1201 jussi:
440 1101 579 1201 sparsis
598 1100 739 1175 Medea
755 1099 902 1199 capillis

62 1220 324 1296 Bacchantum
341 1219 415 1292 ritu
432 1214 635 1315 flagrantes
652 1216 786 1292 circuit
803 1240 884 1291 aras
898 1244 907 1306 ;

62 1336 349 1434 Multifidasque
366 1335 468 1410 faces
483 1335 522 1409 in
539 1333 641 1408 fossa
658 1326 851 1431 sanguinis
869 1343 951 1406 atra

61 1452 218 1550 Tinguit
228 1480 238 1543 ;
267 1461 306 1527 et
323 1449 499 1526 intinctas
517 1450 676 1548 geminis
693 1448 869 1524 accendit
885 1449 924 1522 iu
942 1446 1037 1541 aris3

61 1567 214 1667 Terque
228 1591 358 1644 senem
371 1567 533 1652 flamma,
546 1576 604 1640 ter
617 1588 727 1663 aqua,
739 1575 797 1640 ter
807 1566 947 1641 sulfure
959 1567 1106 1643 lustrat.

113 1684 266 1759 Interea
281 1683 447 1758 validum
465 1683 590 1784 posito
607 1683 844 1758 medicamen
862 1684 982 1758 abeno
1034 1690 1108 1759 262

63 1799 211 1888 Fervet,
230 1790 271 1875 et
285 1790 448 1887 exultat,
464 1799 684 1898 spumisque
702 1800 933 1874 tumentibus
951 1801 1066 1876 albet.

63 1916 147 1991 Illic
166 1914 364 1992 Haemonia
380 1916 525 1990 radices
542 1916 639 1990 valle
657 1926 844 2010 resectas,
999 2008 1001 2013 .

64 2033 309 2130 Seminaque,
328 2033 528 2130 floresque,
544 2042 583 2105 et
600 2054 733 2106 succos
750 2031 921 2129 incoquit
938 2056 1066 2108 acres:

64 2148 208 2247 Adjicit
224 2158 395 2224 extremo
412 2148 558 2246 lapides
577 2147 734 2238 Oriente
752 2149 905 2247 petitos,
1010 2152 1012 2156 ’
1037 2155 1110 2225 266

65 2265 128 2353 Et,
148 2288 244 2362 quas
263 2264 409 2340 Oceani
426 2265 585 2339 refluum
602 2288 704 2339 mare
721 2265 823 2352 lavit,
843 2289 998 2340 arenas:

65 2380 184 2457 Addit
201 2390 239 2456 et
256 2391 438 2482 exceptas
457 2381 565 2457 Luna
582 2393 760 2482 pernocte
774 2376 942 2482 pruinas,
1022 2371 1024 2375 ¹

64 2642 158 2707 Nempe
168 2642 562 2708 mageferaliasuacarminaim·
613 2643 639 2693 in
650 2645 725 2694 aheno
735 2643 908 2710 igniapposito.
933 2643 1113 2693 sanissimae

64 2718 251 2766 murmurabant.
273 2717 322 2767 xiv.
342 2721 389 2767 ὅθι
419 2717 464 2767 Ter
489 2721 564 2767 aonia
613 2718 643 2767 ad
658 2719 690 2767 ri.
706 2719 762 2767 645.
799 2717 871 2766 Valle.
900 2717 976 2773 Unus,
990 2717 1066 2782 falce,
1085 2726 1113 2768 ut

64 2807 157 2839 eumen
172 2795 260 2855 magico
276 2795 434 2840 demurmurat
446 2808 491 2841 ore.
523 2791 563 2842 Sic
612 2792 673 2841 infra
693 2793 749 2843 314.
784 2792 900 2841 Hemonio
918 2794 1000 2842 cultro.
1033 2793 1114 2841 Sacros

64 2873 89 2912 et
105 2866 200 2920 orrida,
218 2864 248 2913 de
269 2879 316 2929 qno
335 2864 512 2915 Brouckbusius
532 2865 564 2915 ed
612 2871 704 2916 macero
718 2875 760 2915 aut
774 2882 866 2929 coquere
883 2867 978 2916 solenne
994 2874 1019 2914 et
1036 2867 1114 2930 ipsum

63 2938 145 2987 Tibul.
156 2939 178 2988 1.
188 2937 214 2988 ii.
230 2940 261 2987 47
267 2947 318 2997 ,et
328 2940 420 3005 fremor
436 2942 565 2998 ombomm,
615 2940 645 2990 de
660 2940 778 2991 veneficis.
802 2941 881 2990 Tibul.
891 2941 940 2989 ΙΙΙ.
950 2958 973 2990 v.
983 2942 1008 2991 9.
1041 2941 1113 3004 Lapi-

64 3012 155 3062 Arnob.
164 3012 228 3061 Adv.
238 3022 303 3077 gent.
313 3013 330 3062 i.
340 3031 365 3079 p.
373 3016 414 3064 32.
447 3015 563 3079 Prrffmi,
615 3018 669 3064 darn
680 3015 828 3080 quorundam
844 3031 902 3064 usus
917 3024 941 3064 et
951 3015 977 3062 in
987 3014 1114 3064 medicina.

65 3087 189 3152 quieJ'am
206 3089 318 3135 resolutus
336 3088 403 3152 (vide
425 3087 564 3139 adversum
617 3088 680 3137 Plin.
699 3088 762 3136 Hist.
779 3088 839 3136 Nat.
858 3088 941 3136 xxxvi.
962 3090 1000 3138 19.
1044 3088 1113 3137 More

67 3163 113 3212 lac
124 3160 145 3224 ς)
163 3160 269 3225 alioquin
278 3164 373 3223 produci
383 3161 489 3219 dixisset,
499 3163 564 3227 quod
616 3163 708 3220 Oceani,
719 3169 754 3218 nt,
764 3161 790 3211 ii.
802 3163 858 3211 872.
868 3179 957 3225 equora
965 3159 1039 3224 ponti.

64 3235 154 3286 babent
164 3235 272 3284 nonnulli
288 3236 358 3284 MSS.
368 3235 429 3284 inter
439 3253 498 3301 quos
510 3237 564 3287 ,Re-
647 3238 704 3286 268.
722 3237 840 3293 Peraocte,
850 3251 893 3301 pro
902 3237 1000 3300 vulgata
1009 3240 1038 3286 de
1051 3246 1116 3286 noete

65 3308 188 3375 giinostri.
223 3309 313 3365 Plenas,
323 3324 413 3371 graves.
441 3309 565 3369 inberbis,
616 3311 743 3375 ascriptum
769 3309 908 3358 Zulichemii
925 3309 1009 3359 Codici
1025 3311 1116 3376 recepit

65 3398 125 3448 quas
136 3384 203 3431 locus
219 3381 260 3430 ille
271 3381 370 3431 ferebat.
404 3381 512 3447 Proferri,
523 3400 565 3432 ex·
616 3384 738 3434 Heinsius.
754 3382 1117 3447 Rogiinostrihebentdeaoete.

64 3466 143 3524 pertes
153 3457 210 3506 artis
222 3456 321 3521 magice
332 3471 380 3506 non
392 3454 479 3506 initiati
492 3457 566 3508 saeris
616 3459 688 3516 διιᾶσι,
699 3458 749 3508 avis
766 3467 839 3508 noctu
851 3458 943 3516 volans,
954 3466 979 3507 et
995 3459 1064 3508 cunis
1078 3459 1116 3510 in·

64 3531 122 3582 illis.
363 3568 364 3572 ,
445 3568 448 3572 Α
615 3531 960 3597 lantiuminsidiens,quornm
976 3533 1116 3597 sanguinem

97 3607 155 3655 269.
182 3606 264 3669 Atra]
305 3605 346 3654 Ad
366 3606 452 3654 fossam
476 3604 565 3662 retulit,
617 3615 733 3670 exngunt.
751 3609 816 3656 Fert.
825 3607 857 3657 vi.
869 3608 923 3657 139.
949 3606 1117 3672 infantema

66 3679 129 3743 qnod
141 3687 192 3728 erat
204 3679 236 3727 ad
249 3680 389 3742 sauguinem
406 3678 565 3727 referendum.
617 3681 704 3729 solnm·
717 3689 812 3747 propter
837 3680 1009 3738 crudelitatem,
1029 3682 1072 3731 sed
1092 3691 1118 3732 et

65 3753 97 3801 Et
115 3754 198 3817 vulgo,
219 3756 268 3801 otri
295 3752 411 3803 scribitur.
457 3754 564 3811 Lustrat,
616 3754 678 3812 ideo,
695 3755 759 3820 quod
778 3756 829 3821 ejus
848 3757 901 3812 ale,
921 3771 966 3804 ova
983 3763 1008 3804 et
1026 3757 1118 3807 viscera

65 3827 176 3877 circumit
195 3844 276 3876 senem
304 3827 471 3877 circumferens
496 3828 565 3876 flam·
617 3827 1118 3894 adhibebanturinartemagica:Horatius

65 3917 138 3958 mam,
149 3909 196 3951 etc.
207 3901 248 3966 qui
263 3917 312 3949 mos
329 3901 432 3950 solennis
444 3902 468 3950 in
484 3901 566 3966 expia·
615 3901 693 3967 Epod.
703 3919 727 3952 v.
738 3904 787 3962 203
812 3905 957 3969 Propertius,
968 3905 1015 3953 111.
1026 3905 1058 3954 iv.
1070 3907 1102 3953 29
1109 3923 1117 3966 ;

66 3975 178 4025 tionibus.
210 3975 370 4025 IndeGraecis
381 3975 556 4041 περιαγνίζειν.
616 3975 717 4034 Seneca,
739 3976 808 4027 Med.
827 3979 884 4028 735.
927 3979 1012 4043 Itaque
1033 3979 1117 4045 striges

98 4051 156 4098 262.
173 4050 383 4106 Interrooolr'dam,
392 4051 455 4114 eta]
474 4050 505 4098 In
515 4067 566 4099 car-
616 4048 844 4112 vulgohabebantur
851 4067 893 4115 pro
903 4052 1013 4101 veneficis
1023 4052 1047 4101 in
1056 4053 1117 4102 tales

68 4123 131 4172 mine
150 4124 242 4174 Νόστοι
258 4125 333 4173 multa
351 4123 468 4190 φάρμακα
487 4124 568 4189 coquit
617 4123 788 4179 avesmutatis,
799 4132 914 4188 erantque
924 4125 950 4173 in
961 4127 1116 4177 execrationi-

67 4198 110 4248 lrri
120 4197 245 4264 χρυσέοισι
254 4198 365 4263 λέβησιν.
400 4200 476 4250 Posito
486 4202 566 4256 aleae
617 4198 662 4247 bus
670 4205 694 4246 et
699 4195 919 4263 imprecationibusz
932 4200 1069 4259 Plinius,xi.
1077 4203 1118 4252 39.

1168 4510 1332 4712 Γ
