2812 5010
321 399 323 403 ,
369 325 839 394 METAMORPHOSEON
862 325 953 392 LIB.
976 326 1061 392 VII.
1169 327 1236 394 447
1309 315 1313 328 '

185 498 405 588 Permulsit,
423 500 675 599 manibusque
692 500 794 575 leves
812 499 967 597 agitavit
982 499 1172 589 habenas3

185 618 368 693 Sublimis
385 618 549 716 rapitur:
578 618 803 715 sublataque
820 616 1005 691 Thessala
1021 615 1165 714 Tempe
1232 645 1234 652 ·

185 733 373 833 Despicit,
393 735 525 810 OEtaeis
543 733 759 832 regionibus
777 733 944 834 applicat
957 731 1131 831 angues:

186 849 240 924 Et
256 874 352 949 quas
371 851 472 926 Ossa
489 853 587 942 tulit,
608 877 780 951 quasque
799 853 896 927 altus
915 851 1050 926 Pelion
1064 850 1214 937 herbas,

186 965 420 1065 Othrysque,
440 967 674 1067 Pindusque,
695 978 734 1043 et
750 967 874 1042 Pindo
893 969 1011 1065 major
1030 967 1232 1066 Olympus,

185 1081 395 1180 Perspicit:
424 1093 464 1159 et
480 1085 621 1184 placita
637 1084 774 1184 partim
792 1084 917 1158 radice
934 1083 1102 1172 revellit3
1157 1087 1231 1156 226

184 1196 331 1272 Partim
348 1199 509 1275 succidit
525 1203 739 1276 curvamine
756 1200 862 1275 falcis
881 1200 1024 1274 ahenas.

184 1311 310 1388 Multa
327 1339 480 1414 quoque
497 1316 663 1417 Apidani
680 1320 905 1417 placuerunt
922 1315 1091 1413 gramina
1108 1313 1212 1411 ripis,

184 1427 312 1505 Mults
344 1455 498 1530 quoque
531 1434 762 1532 Amphrysi:
808 1458 878 1508 nec
919 1455 1002 1506 eras
1041 1427 1230 1516 immunis,

335 1545 505 1645 Enipeu3

184 1661 269 1736 Nec
287 1685 362 1736 non
378 1662 531 1752 Peneae,
550 1688 621 1740 nec
639 1690 715 1739 non
734 1664 984 1762 Spercheides
1003 1663 1113 1736 undae
1156 1666 1231 1735 230

184 1778 435 1854 Contribuere
453 1779 610 1878 aliquid,
625 1782 863 1879 juncosaque
880 1780 989 1854 litora
1008 1778 1160 1854 Boebes.

184 1893 318 1993 Carpit
334 1906 373 1969 et
391 1895 561 1970 Euboica
576 1896 688 1970 vivax
705 1895 931 1970 Anthedone
950 1920 1117 1992 gramen,

182 2007 220 2082 N
223 2011 363 2086 ondum
380 2022 524 2113 mutato
541 2013 735 2110 vulgatum
752 2038 909 2111 corpore
929 2013 1078 2086 Glauci.

145 2142 148 2149 ’
184 2123 234 2198 Et
246 2128 327 2224 jam
344 2152 444 2204 nona
460 2128 683 2217 dies-curru,
702 2129 915 2226 pennisque
933 2127 1151 2215 draconum,

182 2326 355 2392 tendorphiano
386 2330 489 2396 ascripta
515 2337 566 2379 erat
591 2331 679 2396 glossa,
728 2330 792 2399 quod
811 2331 883 2380 vitam
902 2329 945 2380 dat
962 2337 987 2379 et
1004 2336 1136 2378 conservat.
1158 2327 1231 2381 Sici.

180 2398 225 2448 Isti
251 2411 336 2451 montes
362 2407 507 2454 circumdent
535 2405 679 2454 lltessoliam.
729 2405 785 2454 419.
818 2404 948 2469 Exmytho
963 2402 1230 2467 antiquonascebantur

179 2473 280 2523 Ienzins
295 2476 388 2535 suadet,
401 2478 490 2526 Gretbei
507 2481 643 2542 regionibus,
654 2479 680 2527 id
728 2478 818 2535 herbar,
829 2479 915 2544 quibus
926 2477 977 2526 vita
987 2478 1119 2526 conservari
1133 2475 1229 2525 immor-

180 2555 226 2605 est,
246 2548 385 2608 Thessaliae,
407 2551 464 2616 quia
485 2553 595 2602 Cretheus
613 2561 680 2619 pater
729 2551 857 2618 talitasque
868 2552 919 2601 dari
930 2551 1079 2600 credebatur.
1107 2549 1229 2614 Illudigi-

179 2621 286 2671 AEsouis.
318 2624 357 2673 Its
373 2641 429 2674 vero
445 2625 531 2690 ineptit
543 2633 623 2691 poeto,
639 2626 680 2676 ds·
729 2635 767 2677 tur
787 2643 886 2692 gramen
906 2643 954 2675 uon
969 2632 1111 2675 venenatum
1132 2624 1230 2689 quidem

177 2696 248 2762 spicit
256 2697 402 2749 mesanam
412 2705 436 2748 et
444 2715 525 2749 versus
532 2699 679 2750 Thessaliam
729 2709 788 2757 erat,
806 2709 831 2751 at
846 2705 920 2758 vicar,
936 2697 1057 2765 juventuti
1075 2697 1229 2749 restituenda

178 2773 254 2822 fleant
268 2788 372 2823 currum.
405 2773 478 2838 Regii
491 2774 563 2823 nostri
578 2775 679 2827 Codices
728 2782 819 2838 aptum.
852 2775 932 2825 Possis
947 2773 1020 2824 etsie
1035 2773 1229 2838 accipere,quod

179 2845 271 2896 habent
280 2851 357 2897 cratis.
385 2850 502 2911 Applicat.
518 2851 679 2900 Hoeverbum
728 2869 776 2902 nou
789 2849 859 2899 facile
867 2848 1001 2904 marcescit,
1010 2856 1045 2905 ut,
1055 2847 1087 2898 iv.
1098 2848 1163 2896 Fast.
1171 2850 1229 2901 394.

178 2921 272 2970 nonnisi
286 2922 406 2971 montibus
423 2924 542 2981 convenit,
559 2941 619 2989 quos
634 2925 678 2975 illa
728 2925 943 2991 quoeodemsensu
953 2923 1086 2973 Gesnerusz
1100 2922 1229 2974 claudian.
1246 2959 1249 2965 ι

175 2993 227 3059 jun
242 2994 304 3060 petit
311 3012 319 3056 ;
335 3003 456 3061 sumptum
469 3007 547 3046 autem
559 3014 574 3046 a
584 2999 675 3048 nautis:
727 3018 752 3050 x.
762 3003 818 3051 158.
828 3000 965 3048 immortales
972 2997 1060 3048 Glauci
1067 2999 1146 3047 herbas
1153 2999 1228 3063 capit.

176 3067 293 3118 iii.598·‘
727 3075 814 3124 Lenzio
822 3074 915 3122 videtur
925 3089 977 3122 esse
985 3073 1049 3122 idem
1058 3089 1130 3138 quam
1137 3072 1229 3131 vivum,

208 3144 268 3193 226.
286 3143 385 3192 Radices
403 3160 451 3193 non
472 3148 642 3210 spernebantur
660 3165 676 3198 a
725 3164 814 3198 recens.
848 3147 957 3196 Nondum
967 3147 1229 3212 vulgatum,invulgus

177 3215 263 3280 magis,
275 3232 324 3266 ver.
335 3218 399 3278 2643
415 3219 500 3267 Horat.
511 3219 589 3285 Epod.
598 3239 621 3272 v.
632 3224 674 3272 68.
726 3229 916 3280 natumnatum
932 3236 1022 3284 corpora
1034 3220 1150 3278 additum,
1162 3229 1189 3270 ut
1199 3219 1227 3271 ii.
1268 3278 1275 3294 .

176 3289 270 3338 Falccm
285 3292 380 3339 amram
400 3291 484 3341 iisdem
503 3293 586 3343 tribuit
603 3296 674 3346 etiam
725 3298 791 3355 2193
820 3296 852 3346 vi.
873 3296 930 3345 413.
970 3295 1091 3345 Graminis
1112 3296 1182 3360 hujus
1203 3303 1230 3345 et

176 3363 302 3428 Virgilius,
320 3367 378 3415 AEn.
394 3366 437 3415 lib.
451 3366 484 3416 iv.
494 3369 558 3429 51³5
575 3385 676 3434 eamque
727 3373 814 3422 Glauci
831 3370 938 3420 tabulam
955 3370 1006 3435 ipss
1022 3380 1102 3420 namat
1116 3370 1167 3420 xiii.
1177 3372 1226 3421 925

176 3439 319 3505 aSophocle
333 3439 420 3489 habere
430 3439 554 3495 videbatur
563 3445 675 3493 Macrob.
723 3462 777 3511 sqq.

174 3529 199 3563 v.
211 3515 250 3564 19.
290 3513 369 3562 Etiam
387 3514 451 3564 vasis
468 3524 492 3564 et
510 3518 580 3566 armis
598 3520 676 3568 olienis
757 3521 816 3569 234.
832 3518 901 3566 Nono
917 3521 981 3577 ὦσε,-
999 3534 1084 3566 novem
1101 3517 1152 3566 dies
1167 3518 1224 3567 toti·

174 3587 335 3638 ntebantnrin
342 3589 411 3637 rebus
419 3590 526 3655 magicis.
541 3593 601 3642 Mox
608 3609 677 3643 versu
726 3593 828 3657 demque
839 3600 921 3640 noctes
931 3591 955 3639 in
966 3590 1103 3649 lustrandis,
1114 3607 1168 3655 qum
1180 3607 1223 3640 no·

175 3663 234 3711 att.
243 3664 320 3711 AEacc
328 3665 450 3714 carchesio.
725 3667 815 3716 minata
825 3673 889 3722 sunt,
901 3665 959 3714 locis
969 3665 1123 3729 consumpsit.
1150 3666 1226 3723 Vide·

208 3737 266 3785 231.
283 3737 481 3786 Bwtcrcorrexh
498 3738 557 3788 cod.
574 3741 676 3806 Regius,
725 3750 763 3790 tur
773 3749 853 3790 autem
863 3739 1003 3788 novenarius
1017 3749 1044 3788 ut
1054 3740 1170 3789 ternarius
1180 3757 1230 3789 nu-v

175 3826 251 3875 quum
263 3810 354 3860 Phoebes
371 3811 497 3876 legeretur.
531 3812 597 3863 Boelre
610 3815 676 3880 oppi-
725 3832 803 3864 merus
813 3815 844 3864 ad
854 3813 994 3864 veneficium
1004 3814 1130 3880 pertinere.
1163 3815 1225 3863 Prn-

176 3884 234 3933 dnm
244 3892 269 3934 et
278 3885 346 3934 lacus
355 3886 418 3934 iuter
430 3886 556 3951 Sepiadem
567 3895 592 3936 et
601 3890 676 3937 Penei
725 3894 769 3939 ais.
785 3889 847 3938 Vide
864 3889 997 3937 adversum
1008 3889 1064 3936 ³50.
1098 3888 1166 3937 Ταυτὶ
1176 3888 1225 3936 vim

174 3960 245 4008 ostia.
271 3960 369 4010 Homer.
387 3961 418 4011 Il.
439 3967 470 4010 Β.
488 3962 549 4009 711:
576 3962 676 4014 ridle.
725 3966 837 4029 majorem
848 3962 932 4013 veneni
951 3961 1057 4011 declarat
1073 3978 1145 4027 quam
1154 3967 1224 4024 pasti,

176 4031 276 4082 Vossius
287 4033 318 4082 ad
328 4034 428 4092 Melam,
438 4035 472 4083 II.
483 4033 518 4084 iii.
526 4036 566 4085 32.
588 4037 675 4084 Anthe·
726 4038 790 4104 quod
807 4031 829 4088 e
837 4039 912 4087 tribus
929 4037 999 4086 MSS.
1019 4036 1119 4086 Heinsio
1136 4038 1227 4102 placet.

174 4108 228 4163 don,
244 4107 300 4155 urbs
314 4107 338 4156 in
353 4108 420 4158 litore
434 4108 536 4157 Boeotiae
551 4125 565 4158 e
579 4109 674 4172 regione
727 4113 938 4170 Toctimistcdore.
955 4111 1081 4176 Iugeniose
1092 4111 1136 4165 hoc
1147 4109 1224 4166 fiuxit,

173 4179 284 4240 Euboea.
320 4181 390 4230 Vivus
400 4181 492 4248 Regius
502 4182 675 4248 interpretatur,
726 4193 753 4236 ut
770 4187 819 4237 vim
837 4178 965 4236 maximam
980 4185 1164 4242 medicaminum
1182 4184 1229 4234 de·-
