2812 5010
153 335 221 400 138
450 330 490 396 Ρ.
515 331 676 398 OVIDII
701 330 912 398 NASONIS

155 508 206 582 Et
219 507 294 581 dici
313 506 497 605 potuisse,
513 517 552 580 et
569 533 644 581 non
663 505 831 604 potuisse
850 506 994 605 repelli.
1053 528 1057 540 ·

156 622 208 697 At
225 623 325 710 tusi
342 624 453 696 modo
468 648 551 696 sum
570 622 714 697 coelesti
733 622 850 720 stirpe
864 631 1027 707 creatus
1132 626 1205 696 760

156 739 240 813 Ede
257 748 385 812 notam
403 739 499 812 tanti
517 739 686 836 generis3
715 762 852 835 meque
870 762 996 812 assere
1014 736 1149 811 coelo.”

155 855 281 944 Dixit;
312 865 351 929 et
368 854 556 953 implicuit
572 864 742 929 materno
760 852 914 927 brachia
931 853 1050 942 collo;

156 971 308 1070 Perque
327 976 450 1058 suum,
471 969 718 1069 Meropisque
738 979 864 1068 caput,
884 969 1081 1066 taedasque
1103 992 1205 1042 soro-

155 1086 350 1173 Traderet‚
370 1086 500 1174 oravit,
520 1087 597 1159 veri
617 1086 688 1158 sibi
707 1085 817 1181 signa
833 1085 1014 1182 parentis.
1090 1085 1204 1180 [rum,

153 1203 400 1299 Ambiguum,
414 1202 600 1300 Clymene
614 1195 789 1300 precibus
808 1199 1071 1288 Phaethontis,
1085 1224 1132 1272 an
1151 1199 1207 1273 ira

129 1365 133 1371 ·
157 1319 266 1392 Mota
283 1318 403 1415 magis
421 1317 512 1391 dicti
532 1317 603 1390 sibi
622 1316 810 1405 criminis3
831 1326 992 1412 utraque
1007 1315 1103 1388 coelo
1130 1319 1204 1389 766

156 1435 319 1510 Brachia
335 1435 523 1533 porrexit;
555 1443 809 1532 spectansque
828 1433 876 1507 ad
893 1431 1037 1505 lumina
1055 1431 1168 1517 Solis,

157 1560 181 1589 “
201 1551 276 1624 Per
289 1551 402 1648 jubar
420 1550 660 1648 hoc,inquit,
678 1551 791 1624 radiis
810 1549 957 1646 insigne
975 1547 1155 1635 coruscis,

157 1666 269 1753 Nate,
289 1666 358 1738 tibi
370 1667 469 1763 juro,
490 1666 591 1764 quod
609 1677 677 1740 nos
696 1665 879 1762 auditque
896 1663 1094 1761 videtque3

157 1780 242 1856 Hoc
256 1793 307 1868 te,
320 1805 434 1878 quern
451 1793 612 1881 spectas,
625 1783 696 1854 hoc
716 1791 766 1870 te,
779 1781 845 1879 qui
860 1788 1048 1877 temperat
1060 1780 1204 1866 orbem,

158 1898 247 1972 Sole
261 1909 406 1972 satum:
436 1898 467 1971 si
486 1898 575 1971 ficta
593 1898 737 1995 loquor,
757 1907 872 1993 neget
889 1896 970 1995 ipse
987 1894 1194 1968 videndum

158 2015 209 2086 Se
228 2015 339 2104 mihi;
370 2016 494 2112 sitque
511 2015 629 2089 oculis
647 2015 714 2086 lux
729 2013 801 2087 ista
818 2011 1020 2086 novissima
1037 2010 1189 2083 nosris.

158 2130 240 2205 Nec
258 2133 392 2228 longus
410 2133 514 2205 labor
532 2145 591 2207 est
608 2132 749 2230 patrios
766 2128 835 2203 tibi
854 2153 964 2202 nosse
983 2139 1162 2226 penates:

189 2332 245 2379 759.
266 2332 390 2382 Phaethon
411 2348 458 2382 non
479 2342 528 2382 tam
550 2332 654 2382 recrimi·
704 2349 751 2381 non
776 2338 868 2396 poterat
893 2329 1023 2394 graviorem
1044 2327 1093 2377 reri
1119 2334 1206 2375 testem

157 2404 216 2460 nari,
234 2420 307 2468 quam
326 2408 444 2469 repellere,
464 2408 572 2456 ferociter
594 2423 608 2456 a
629 2421 654 2456 se
705 2408 769 2465 dare,
780 2421 852 2471 quam
867 2405 956 2462 Solem,
965 2412 1056 2469 patrem
1072 2402 1159 2467 ipsum,
1173 2401 1206 2450 de

157 2479 248 2527 amoliri
256 2479 317 2528 illud
328 2481 416 2529 crimen
423 2481 526 2530 volebat.
705 2495 752 2547 quo
769 2480 932 2530 dubitabatur.
966 2480 1104 2529 Commotus
1124 2487 1206 2527 autem
1238 2521 1241 2525 .

165 2583 166 2586 =
191 2554 246 2602 761.
263 2555 467 2619 Moechum]
484 2555 654 2605 Vindicamihi
706 2556 798 2604 animus
825 2569 855 2602 ex
879 2553 1050 2602 asseveratione
1064 2551 1126 2616 seq.
1146 2551 1206 2600 satis

157 2623 395 2692 divinamoriginem.
705 2631 792 2679 elucet.
827 2629 893 2682 Quod
914 2645 953 2677 rios
980 2630 1056 2683 audit,
1081 2635 1129 2674 etc.
1162 2626 1204 2674 Sol

189 2700 245 2748 763.
273 2701 372 2763 Merops,
395 2702 493 2751 maritus
517 2704 654 2767 Clymenes,
705 2705 773 2753 Deus
794 2701 941 2769 πανδέρκης,
962 2701 1107 2761 πανόπτης,
1125 2699 1208 2748 omnia

156 2780 223 2836 pater
249 2775 371 2838 putativus
398 2776 555 2825 Phaethontis
577 2779 656 2840 (Fast.
704 2779 807 2834 intuens,
819 2778 898 2826 omnia
908 2777 980 2826 etiam
992 2775 1130 2825 exaudiens.
1141 2773 1207 2823 Plin.

156 2845 190 2892 iii.
207 2847 260 2908 30.)
281 2857 304 2897 et
322 2865 363 2897 rex
381 2849 526 2914 AEthiopite:
551 2850 606 2899 vide
625 2850 656 2899 cd
705 2855 740 2903 H.
756 2855 788 2902 N.
804 2853 831 2902 ii.
846 2853 877 2913 63
894 2869 923 2900 ex
941 2852 1044 2899 Homero
1058 2849 1088 2897 Il.
1104 2854 1133 2898 Γ.
1147 2848 1208 2896 277.

156 2934 206 2967 ver.
229 2923 284 2969 774.
312 2922 418 2970 Sororum
439 2923 535 2971 nomina
554 2923 610 2972 vide
630 2924 656 2972 ii.
704 2925 799 2985 Ἠέλιος
809 2924 874 2984 θ’,ὃς
883 2923 959 2975 πάντ’
967 2922 1061 2990 ὲφοράς,
1074 2923 1115 2970 καὶ
1127 2919 1206 2970 πάντ’

156 2995 213 3041 346.
246 2997 293 3043 Per
309 2995 393 3045 harum
410 3000 478 3045 tardos
492 2997 595 3062 jugales,
604 2999 622 3046 i.
634 3014 656 3046 e.
704 2999 839 3058 ἐπακούεις.
873 2994 1206 3059 ct.Cerdaad.virgi1.AE·

157 3067 260 3131 nuptias,
267 3069 359 3126 maluit,
367 3079 394 3118 ut
404 3070 491 3135 aptius,
498 3087 570 3134 quam
577 3082 654 3134 caput,
706 3073 769 3122 neid.
780 3073 812 3121 iv.
823 3074 879 3122 607.

158 3149 256 3190 matrem
266 3158 340 3192 orare.
737 3149 792 3195 770.
805 3147 852 3201 Qut
860 3155 968 3209 temperat
980 3143 1075 3206 orbem]
1097 3143 1136 3190 Sol
1149 3152 1205 3190 tem-

192 3216 246 3264 766.
276 3217 376 3274 Crimen,
398 3217 537 3266 criminatio.
574 3218 655 3268 Gloss.
703 3230 768 3282 perot
784 3223 866 3277 orbem,
885 3219 943 3268 dum
963 3218 1042 3267 lucem
1059 3225 1083 3264 et
1102 3216 1206 3264 calorem

157 3289 279 3354 explicant
288 3307 330 3354 per
339 3291 458 3356 ἔγκλημα,
470 3291 604 3355 διαβολήν.
621 3295 655 3342 Η.
704 3295 811 3359 largitur,
822 3294 881 3342 forte
893 3301 917 3341 et
928 3301 1018 3341 motum
1029 3290 1111 3338 tribuit
1121 3290 1207 3354 plane-

157 3362 173 3411 1.
190 3363 335 3414 insimulatio
356 3365 481 3425 adulterii,
502 3366 655 3430 quemadmo-
705 3370 744 3426 tis,
751 3368 972 3432 vicissitudinesque
984 3376 1115 3430 temporum
1125 3364 1207 3414 efficit.

158 3438 214 3486 dum
225 3448 333 3504 stuprum
347 3440 424 3504 ipsum
440 3456 503 3504 saepe
518 3440 582 3505 apud
593 3442 655 3490 Nos·
706 3444 789 3492 Horat.
799 3444 822 3492 1.
834 3442 881 3491 Od.
892 3442 917 3491 ii.
930 3443 959 3491 15
969 3461 975 3490 ε
993 3439 1087 3505 Jupiter
1097 3448 1208 3501 temperat

157 3519 219 3560 trum
236 3517 322 3561 crimen
338 3512 432 3561 dicitur.
464 3512 521 3562 Vid.
535 3514 657 3564 Drakenb.
706 3521 825 3574 muudum,
836 3517 904 3581 regit.

159 3588 189 3635 ad
201 3588 243 3634 Sil.
255 3588 286 3635 vi.
295 3589 353 3635 634.
740 3592 795 3639 773,
813 3592 905 3638 Patrios
925 3599 1024 3650 penates,
1041 3590 1142 3652 patriam
1164 3584 1207 3634 do·

191 3663 248 3711 767.
266 3661 368 3710 Lami-nu
386 3661 444 3710 Solis
458 3661 599 3726 periphrasis
615 3664 656 3711 So·
707 3682 781 3723 mum,
791 3666 879 3729 regiam
896 3664 969 3712 Solis:
987 3663 1035 3710 vid.
1047 3660 1136 3710 adver.
1151 3661 1207 3710 174.

158 3737 201 3796 lis;
218 3744 290 3799 atque
307 3736 379 3784 etiam
390 3739 466 3799 jubar
484 3752 546 3784 nnnc
564 3744 600 3784 est
616 3738 657 3785 Sol
708 3741 919 3789 Haecoudeoritur
929 3738 1000 3794 Sol,a
1011 3745 1078 3803 parte
1088 3735 1207 3791 orientali,

159 3810 216 3873 ipse.
252 3811 299 3857 Per
306 3813 390 3872 jubar.
423 3811 469 3859 Per
480 3812 559 3859 Solem
567 3812 656 3876 jurare,
707 3819 897 3865 contammata
918 3824 984 3861 terra
1006 3821 1093 3859 nostra.
1133 3809 1208 3874 Apud

159 3899 261 3947 eumque
274 3893 357 3932 testem
370 3885 447 3933 facere
459 3894 500 3934 aut
515 3885 656 3934 innocentiae
707 3890 814 3955 Euripid.
830 3888 932 3937 Phaeth.
948 3887 1033 3951 fragm.
1049 3903 1073 3950 p.
1085 3885 1141 3932 462.
1153 3892 1170 3932 t.
1182 3883 1207 3931 ii.

158 3972 217 4011 sna,
242 3967 283 4005 aut
309 3958 400 4021 injuriae
428 3959 524 4007 alterius
550 3960 658 4008 solebant
707 3965 764 4013 edit.
776 3964 839 4030 Lips.
869 3965 967 4027 Merops
982 3973 1079 4009 vocatur
1096 3974 1137 4006 rex
1155 3957 1208 4022 ejus

158 4032 267 4079 Veteres.
287 4033 352 4079 lnfra
362 4032 395 4079 iv.
405 4035 467 4093 2383
483 4033 551 4096 Virg.
561 4033 657 4082 AEneid.
709 4047 785 4094 terrae,
793 4054 864 4102 quam
875 4037 974 4102 primam
986 4035 1025 4082 Sol
1036 4031 1143 4081 exoriens
1153 4031 1208 4079 illu-

158 4104 201 4153 xii.
226 4106 285 4153 176:
315 4106 368 4155 vide
396 4109 527 4156 Burmann.
550 4108 573 4156 iu
598 4109 658 4156 Jove
706 4120 773 4168 stret,
796 4121 820 4160 et
839 4127 911 4176 quam
932 4108 991 4172 nigri
1011 4106 1083 4155 vicini
1107 4106 1208 4152 lucidam

158 4179 278 4242 Fulg.xv.
313 4183 343 4228 Et
360 4197 421 4229 nunc
434 4181 529 4244 quidem
541 4183 657 4246 Clymene
708 4187 822 4234 Auroram
831 4182 1006 4251 (ἕωφαεννὰν)
1015 4190 1039 4230 et
1050 4181 1107 4228 Solis
1117 4180 1208 4227 stabula
