2812 5010
364 110 831 207 METAMORPHOSEON
856 110 947 175 LIB.
971 108 1021 173 ΙΙ.
1151 109 1216 176 163

174 288 327 387 Quique
344 275 547 363 recurvatis
563 286 661 361 ludit
680 284 893 360 Maeandros
911 286 949 358 iu
968 285 1099 372 undis3
1141 287 1214 356 246

175 405 486 504 Mygdoniusque
504 402 640 489 Melas,
657 412 696 476 et
712 400 903 477 Taenarius
923 399 1096 475 Eurotas.
1182 408 1191 416 '‘

174 521 279 595 Arsit
295 532 335 596 et
353 520 565 619 Euphrates
585 518 832 616 Babylonius,
852 508 943 592 arsit
961 517 1137 604 Orontea,

174 635 491 733 Thermodonque
521 635 630 722 citus
661 635 903 730 Gangesque,
933 644 973 708 et
1003 632 1152 719 Phasis,
1180 641 1220 706 et

327 752 437 826 Ister.

176 867 327 942 AEstuat
344 867 534 966 Alpheos:
563 866 653 964 ripae
674 867 924 965 Spercheides
943 867 1090 956 ardent3
1145 872 1220 941 250

177 983 367 1081 Quodque
386 1007 454 1056 suo
473 981 598 1078 Tagus
617 1007 726 1056 amne
743 983 858 1069 vehit,
877 983 960 1056 fluit
975 982 1138 1080 ignibus,
1154 1007 1219 1056 au·

179 1099 228 1173 Et
238 1125 326 1199 quae
341 1099 523 1174 Maeonias
535 1099 770 1174 celebrarant
782 1098 946 1173 carmine
960 1100 1071 1197 ripas,
1101 1101 1218 1194 [rumt

179 1297 509 1364 Brouclsh.adPropertium,
517 1300 552 1348 11.
560 1299 677 1364 Elegvii.
728 1302 795 1351 Curt.
813 1302 858 1349 Vl.
875 1319 898 1350 v.
915 1301 961 1360 nl;
988 1298 1076 1350 Justin.
1093 1298 1118 1347 ii.
1137 1301 1165 1359 4;
1192 1300 1224 1349 cl.

179 1374 218 1421 50.
225 1371 268 1437 qui
271 1372 535 1438 stavnmiuterpretatur
545 1372 677 1438 pulchrum.
728 1375 834 1441 Propert.
852 1376 900 1423 Ill.
920 1374 989 1438 Eleg.
1008 1372 1049 1421 xii.
1067 1373 1097 1420 16
1107 1390 1114 1432 ;
1138 1374 1223 1423 Senec.

210 1448 267 1495 246.
296 1447 425 1495 Menndrns
445 1447 506 1496 inter
531 1445 631 1511 Lydiam
653 1455 678 1496 et
727 1452 799 1498 Herc.
814 1451 868 1499 Fur.
883 1465 932 1498 ver.
941 1449 997 1498 246.
1031 1447 1122 1512 Ganges
1135 1445 1222 1504 Indiae,

181 1520 276 1570 Cariam
295 1519 388 1576 defluit,
409 1520 527 1585 habetque
549 1520 623 1569 flexus
643 1521 679 1568 ita
726 1524 859 1581 eduobus,
877 1531 926 1580 aut,
943 1533 970 1572 ιιι
985 1521 1093 1587 plerique
1109 1521 1224 1570 Veterum

180 1595 294 1651 sinuosos,
312 1602 341 1643 ut
356 1609 419 1659 πρε
438 1608 543 1643 remeare
561 1593 678 1643 videatur·
727 1599 830 1655 tradunt,
859 1604 950 1662 septem
976 1595 1080 1644 lontibus
1106 1596 1222 1652 exoriens,

182 1667 241 1718 Plin.
249 1668 284 1716 H.
293 1669 328 1717 N.
337 1684 360 1716 v.
369 1668 409 1716 29.
435 1667 505 1716 Tales
515 1675 604 1717 naturae
612 1669 678 1717 lusus
728 1671 800 1721 tacite
811 1672 917 1720 defluens
930 1679 955 1719 et
966 1670 992 1717 in
1005 1685 1069 1717 mare
1079 1668 1189 1717 Rubrum
1199 1685 1224 1718 se

182 1742 283 1806 arripere
296 1742 374 1790 solent
382 1747 468 1806 poete,
482 1748 554 1806 atque
567 1757 678 1790 exornare
729 1761 869 1794 exonerans:
887 1743 1039 1808 Virgil.AEn.
1049 1741 1081 1790 ix.
1093 1745 1140 1802 30;
1158 1743 1224 1793 Curt.

182 1831 221 1864 suo
237 1815 319 1865 modo.
336 1814 374 1864 cl.
391 1815 479 1864 Noster
493 1815 543 1866 viii.
555 1817 601 1865 162
608 1833 616 1876 3
632 1832 679 1881 quo
729 1819 801 1869 VIII.
822 1818 855 1867 ix.
879 1822 911 1877 5;
948 1817 1010 1865 Plin.
1033 1817 1064 1865 vi.
1089 1819 1136 1865 22:
1170 1816 1225 1866 vide

182 1889 231 1938 loco
251 1898 279 1938 et
296 1889 348 1955 ipso
368 1891 446 1938 ludere
463 1890 493 1938 de
513 1899 615 1939 tortuoso
636 1891 678 1939 illo
729 1893 849 1942 Brouckh.
870 1891 901 1940 ad
923 1892 1028 1956 Propert.
1047 1889 1096 1939 111.
1115 1889 1164 1940 xxi.
1187 1893 1225 1943 16.

183 1973 266 2013 cursu.¹
278 1965 368 2012 Errare
378 1964 412 2012 sic
420 1963 481 2012 dixit
488 1964 568 2022 Silius,
576 1964 616 2014 vii.
626 1967 679 2015 1³9.
731 1969 819 2024 Phasis,
833 1966 904 2015 hodie
922 1967 996 2021 Fasso,
1012 1963 1134 2013 Colchidis
1149 1965 1226 2014 amnis

213 2038 271 2086 247.
289 2037 385 2100 Malea]
415 2040 495 2096 Quum
516 2039 594 2103 plures
614 2038 680 2088 fluvii
730 2041 880 2098 clarissimus,
888 2048 913 2089 et
922 2039 948 2088 in
958 2040 1060 2087 Pontum
1070 2039 1190 2088 Euxinum
1200 2055 1226 2093 se

184 2111 251 2177 hujus
265 2111 375 2161 ,nominis
391 2111 486 2168 luerint,
504 2113 625 2177 disputant
643 2113 680 2162 in·
730 2116 866 2166 immittens.
889 2115 981 2170 Strabo,
997 2112 1029 2162 ir.
1043 2129 1067 2177 p.
1079 2113 1143 2174 801,
1160 2114 1227 2164 Curt.

185 2193 307 2250 terpretcs,
324 2185 377 2250 quis
392 2186 417 2234 h.
428 2187 446 2234 l.
458 2186 627 2250 intelligendus
642 2188 681 2236 sit.
731 2191 777 2238 VI.
787 2207 810 2238 ι.
823 2191 863 2238 25.
898 2187 954 2236 Istri
970 2201 1056 2235 nornen
1071 2186 1128 2234 olim
1144 2187 1228 2237 habuit

186 2259 297 2308 Heinsius
307 2259 438 2316 contendit,
446 2276 497 2309 esse
506 2261 629 2317 Meletem,
641 2263 682 2326 qui
732 2280 779 2312 non
796 2263 872 2311 omnis
891 2260 1025 2315 Danubius,
1044 2259 1086 2308 sed
1103 2259 1167 2318 inde,
1185 2262 1227 2310 ubi

186 2334 308 2398 Smyrnam
318 2335 464 2399 praeterfluit.
486 2334 604 2399 Equidem
614 2334 682 2384 intel·
733 2337 866 2387 Germanias
877 2336 935 2385 fines
946 2334 1041 2383 descrit.

187 2406 231 2471 ligo
244 2406 389 2456 Thracicum
405 2408 500 2457 Melone
508 2425 517 2466 ‚·
532 2408 595 2457 Plin.
606 2411 639 2458 H.
649 2411 683 2458 N.
763 2413 820 2460 250.
837 2410 954 2472 Alpheos]
972 2409 1011 2457 De
1018 2407 1121 2474 Alpheo,
1133 2408 1229 2457 vide'ad

187 2481 215 2528 ir.
227 2480 254 2528 ll
265 2498 273 2541 ;
290 2497 348 2530 nam
364 2482 498 2546 Mygdones,
516 2480 557 2546 qui
573 2483 683 2547 Pbrygire
732 2485 775 2535 lib.
784 2502 808 2534 v.
815 2486 878 2545 4873
888 2484 920 2533 de
931 2483 1046 2545 Sperchei),
1056 2482 1086 2530 ad
1097 2482 1139 2531 lib.
1146 2482 1163 2533 i.
1172 2486 1229 2534 579.

187 2563 276 2618 partem
294 2555 437 2613 incolebant,
451 2557 520 2621 cique
537 2572 624 2606 nomen
643 2558 683 2608 de·
734 2562 798 2622 Ripa
809 2560 860 2624 ejus
870 2558 963 2625 populis
974 2557 1069 2606 consitae
1079 2566 1154 2607 erant.

188 2628 277 2687 derant,
287 2629 391 2678 Thracia
401 2629 494 2679 oriundi
505 2639 579 2680 eraut.
602 2633 685 2681 Strabo
765 2636 822 2683 251.
847 2633 944 2698 Tagus]
978 2629 1076 2679 Fluvius
1098 2629 1229 2696 Hispania,

188 2703 225 2752 rii.
235 2721 260 2770 p.
270 2705 333 2766 2953
352 2704 393 2753 xii.
403 2722 427 2770 p.
437 2708 493 2756 575.
528 2707 686 2763 Εαταιαι,1ιο-
734 2723 817 2757 aureas
835 2708 922 2756 vehens
939 2721 1029 2762 arenas,
1046 2721 1099 2768 quae
1118 2714 1175 2754 tunc
1194 2707 1231 2755 in-

190 2777 224 2826 die
246 2778 419 2862 Brisilipotqmq
437 2779 523 2828 fluvius
543 2795 643 2845 maguus
662 2789 687 2829 et
735 2781 819 2830 cendio
839 2782 1012 2845 liquescebant.
1052 2780 1118 2828 Fluit
1138 2798 1231 2832 numm.

190 2851 323 2908 vehemens,
336 2851 378 2917 qui
391 2853 500 2918 Spartam
516 2853 687 2938 praeterlabitur
737 2857 788 2904 Hoc
807 2873 901 2921 quoque
920 2857 974 2905 leve
992 2854 1069 2904 estin
1087 2855 1133 2903 hac
1153 2871 1233 2906 narra-

190 2932 268 2974 ctnon
278 2926 687 3011 proculauobiliillopromoutorio
735 2929 808 2987 tione,
828 2938 852 2978 et
873 2929 936 2993 quod
959 2929 1073 2994 seqnitur,
1093 2928 1124 2977 de
1149 2930 1232 3021 cygnis

193 2999 301 3057 Tenatio,
309 2999 381 3048 hodie
392 3001 527 3063 Meropen,
520 3017 546 3049 m
555 3001 632 3050 sinum
640 3003 686 3051 La·
735 3003 878 3053 calentibus.

190 3072 454 3122 couicnmexoneratur.
767 3079 824 3127 252.
841 3076 957 3134 Maeonias,
965 3077 1054 3142 Lydiae
1063 3077 1187 3141 Caystri'
1164 3096 1235 3142 rapas

219 3145 276 3195 248.
295 3145 443 3209 Euphrates]
463 3146 569 3196 Vocatur
578 3164 632 3196 mox
643 3150 686 3196 As·
736 3150 831 3199 Callim.
848 3149 872 3197 b.
889 3150 946 3199 Del.
961 3152 1018 3199 250.
1038 3150 1107 3214 cycni
1125 3151 1235 3201 dicuutur

190 3221 271 3280 syrius,
288 3226 339 3275 aut,
352 3227 379 3268 nt
395 3219 420 3268 h.
433 3219 450 3267 l.
465 3219 612 3284 Babylonium.
638 3222 687 3271 Ba·
738 3226 860 3273 Maeniam
872 3226 992 3273 Pactolum
1002 3224 1132 3289 reliquisse.
1166 3226 1235 3273 Μαο-

189 3293 310 3356 byloniam
335 3308 383 3341 non
407 3293 484 3342 solum
504 3293 624 3358 irrigabat,
645 3296 687 3345 sed
737 3301 777 3347 nia
795 3299 858 3347 enim
871 3314 925 3364 pars
940 3298 1043 3364 superior
1053 3298 1136 3363 Lydiae
1146 3300 1171 3347 in
1186 3315 1235 3363 qua

190 3364 244 3414 limo
258 3366 342 3424 etiam,
354 3383 426 3432 quem
439 3384 519 3418 secum
533 3370 631 3430 ferebat,
641 3372 687 3419 fer·
737 3374 833 3422 Tmolus
847 3383 871 3422 et
889 3374 941 3422 lons
958 3373 1066 3438 Caystri:
1088 3373 1143 3422 vide
1159 3374 1235 3439 Sp'an-

189 3439 458 3491 damnauerat-vide
469 3442 565 3492 callim
573 3443 599 3493 h.
606 3444 688 3509 Apoll.
739 3447 801 3498 hem.
818 3446 849 3495 ad
860 3446 1001 3496 Callimach
1012 3446 1075 3494 dicto
1085 3445 1145 3495 loco
1177 3449 1234 3495 Cur·

190 3514 540 3582 ver.108s.·1b1que8panh
552 3516 603 3566 Cic.
614 3517 688 3568 N.D.
737 3526 805 3579 mine,
822 3531 902 3578 cantu,
917 3529 979 3569 utx.
996 3522 1058 3570 45³:
1076 3522 1107 3570 cl.
1121 3538 1144 3569 v.
1141 3520 1235 3572 38.6s

191 3603 215 3636 ιι.
223 3588 272 3648 52
297 3586 366 3640 Curt.
376 3590 408 3639 V.
426 3590 483 3640 ἰ.12
498 3607 551 3656 sqq.
584 3592 687 3649 Oronte,
741 3597 858 3644 Celehrnre
876 3597 984 3652 carmine,
1001 3594 1135 3661 frequentes
1152 3603 1236 3646 cautus

192 3656 260 3711 hodie
274 3663 325 3720 Ae,
342 3651 428 3714 fluvius
444 3664 527 3730 Syrie,
538 3664 726 3715 Antiochiam
740 3685 860 3718 exercere.
908 3669 1000 3718 Cantus
1025 3684 1081 3717 vero
1108 3684 1235 3734 cycnorum

192 3735 360 3798 memnone.
741 3744 809 3807 longe
831 3742 983 3792 suavissimus
1009 3743 1152 3807 perhibetur,
1172 3746 1235 3795 unde

222 3809 281 3859 249.
300 3809 446 3867 mmmm,
464 3811 550 3861 fluvius
562 3813 690 3879 Cappado·
742 3818 792 3866 haec
810 3817 861 3865 avis
878 3816 985 3882 Apollini
1002 3832 1070 3866 sacra
1086 3826 1111 3867 et
1128 3818 1237 3883 μελῳδὸς

193 3880 244 3939 cie,
262 3883 334 3948 juxta
354 3901 425 3958 querp
443 3885 576 3937 Amazones
597 3887 690 3937 habita·
741 3891 815 3940 dicta.
836 3890 983 3940 Dubitbrunt
1004 3892 1085 3941 tamen
1105 3893 1155 3958 jam
1175 3894 1237 3944 inter

193 3954 250 4005 bant
257 3957 283 4005 in
289 3956 403 4024 subjectis
410 3958 579 4024 Themiscyriis
586 3960 689 4027 campis:
742 3965 841 4013 Veteres
861 3965 977 4021 nonnulli,
995 3983 1019 4015 v.
1034 3981 1056 4015 c.
1073 3967 1162 4016 AElian.
1179 3969 1238 4018 Var.
