2812 5010
258 326 731 395 METAMORPHOSEON
754 328 845 394 ΠΒ.
869 328 919 395 ΙΙ.
1048 331 1114 396 173

67 500 119 574 De
138 500 252 575 ramis
271 503 414 578 electra
430 505 555 591 novis;
586 527 672 601 qua
690 503 838 578 lucidus
857 504 977 579 amnis
1034 508 1109 580 365

10 682 12 691 .
65 615 228 716 Excipit,
248 628 289 692 et
306 619 463 693 nuribus
480 618 597 693 mittit
613 621 799 716 gestanda
817 619 973 694 Latmia.

108 735 165 810 ΙΙ.
193 736 329 809 Adfuit
347 736 435 810 huic
453 746 620 811 monstro
635 738 760 836 proles
779 736 997 812 Stheneleia
1009 738 1110 835 Cyc-

64 850 134 936 Qui
145 852 217 928 tibi
227 864 398 926 materno
409 855 805 952 quamvisasanguine
812 857 980 952 junctus,
1001 855 1108 949 [nus3

62 966 196 1043 Mente
212 980 353 1056 tamen,
374 969 585 1056 Phaethon,
605 970 756 1069 propior
773 971 862 1044 fuit:
884 970 945 1044 ille
964 972 1109 1058 relicto,

62 1083 159 1156 Nam
179 1083 360 1182 Ligurum
379 1086 550 1184 populna,
570 1095 609 1160 et
628 1111 783 1183 magnas
801 1097 952 1160 rexerat
969 1088 1094 1173 urbes,

61 1197 237 1298 Imperio,
253 1202 353 1299 ripas
367 1202 504 1275 virides
523 1227 748 1301 amnemque
766 1203 930 1301 querelis
1032 1207 1103 1276 371

61 1314 266 1391 Eridanum
284 1318 467 1416 impltrat
487 1321 696 1419 silvamque
720 1321 909 1394 sororibus
930 1330 1101 1393 auctam:

63 1429 188 1515 Quum
204 1457 280 1506 vox
298 1444 357 1508 est
373 1443 530 1511 tenuata
546 1437 623 1510 viro
636 1465 645 1527 ;
676 1461 856 1533 canaeque
871 1434 1028 1533 capillos

62 1653 102 1704 rat,
129 1663 176 1697 sno
206 1655 310 1715 tempore
339 1651 561 1717 Transpadanorum
611 1652 697 1717 reginae
710 1651 858 1719 AEthiopum,
869 1649 966 1699 minime
983 1640 1110 1703 estfledi-

62 1729 162 1786 agrestes
179 1722 281 1772 feminas
297 1725 420 1774 monilium
436 1726 489 1774 vice
507 1742 562 1775 sne·
610 1725 668 1774 bile.
701 1727 786 1789 Itaque
794 1724 838 1772 hoc
848 1734 890 1773 aut
898 1724 960 1773 male
968 1724 1060 1781 fictum,
1068 1732 1110 1773 aut

62 1796 112 1846 cina
127 1805 234 1862 gestare,
246 1797 351 1848 maxime
366 1799 460 1850 decoris
474 1799 559 1865 gratia,
610 1801 641 1848 ab
651 1799 681 1847 iis
691 1799 808 1856 additum,
818 1799 860 1863 qui
874 1799 1026 1847 Phaethonta
1036 1799 1110 1848 alium

62 1871 101 1920 sed
111 1880 136 1920 et
145 1872 282 1922 medicina.
610 1873 785 1938 intelligebant,
803 1874 834 1921 ab
854 1873 963 1921 orientali
983 1872 1110 1922 diversum.

89 1946 147 1994 366.
165 1947 270 1994 Mittunt
285 1962 375 1997 merces
384 1956 452 1996 terra
464 1964 507 2005 eat,
519 1949 559 1998 ubi
612 1948 691 1996 Mente
698 1947 757 1996 torte
768 1947 799 1996 ad
810 1946 938 1996 amicitiam
950 1947 1108 1996 referendum.

53 2019 177 2068 maximus
191 2036 273 2069 earum
288 2029 415 2086 proventus
429 2032 454 2071 et
469 2038 560 2072 merca·
611 2023 763 2087 Attagaina,
775 2023 905 2085 eleganter,
918 2019 996 2085 quoad
1013 2021 1108 2084 sangui·

62 2101 104 2142 tus.
138 2092 179 2142 Sic
190 2103 215 2143 et
225 2093 313 2160 virgil.
325 2095 412 2161 Georg.
422 2095 439 2144 i.
452 2098 497 2145 57:
517 2097 558 2146 ln·
609 2111 675 2144 nem:
704 2096 814 2162 exempla
833 2113 846 2144 e
868 2096 921 2144 Cic.
942 2094 1009 2143 dabit
1027 2094 1110 2145 Claris

60 2169 258 2216 diumittitshnr.
609 2169 687 2218 Cicer.
721 2170 827 2232 Propior,
845 2170 941 2234 propius
957 2169 1062 2233 junctus,
1077 2169 1109 2218 si·

89 2243 231 2292 ast-40⁰.
263 2243 349 2306 Adfuit
375 2245 428 2292 huie
454 2255 559 2301 moretm,
608 2244 692 2292 milior.

60 2315 118 2379 etc]
138 2315 246 2380 Cycnus,
256 2332 298 2365 rex
314 2317 426 2382 Liguria,
442 2318 498 2367 dum
516 2319 560 2368 de·
641 2319 698 2366 370.
715 2317 850 2380 Ligurum]
881 2316 989 2380 Ligures,
1006 2316 1066 2365 dura
1085 2326 1110 2367 et

58 2389 98 2438 flet
114 2389 300 2447 Phaethontem,
318 2390 432 2455 sanguine
450 2402 558 2442 materno
609 2391 798 2456 bellicosagens,
808 2391 856 2439 late
867 2391 980 2438 tenebant
992 2390 1110 2441 maritima

58 2462 102 2512 sibi
119 2464 240 2530 junctum,
260 2473 366 2514 mutatur
387 2466 412 2514 in
433 2483 501 2517 avem
520 2467 558 2517 sui
607 2467 662 2515 loca
677 2482 724 2514 non
739 2464 808 2513 modo
826 2464 903 2512 ltalia
919 2464 1053 2528 superioris,
1065 2466 1109 2514 sed

58 2538 169 2588 nominis.
202 2538 289 2590 Confer
303 2541 558 2605 Hyg.labulatn154;
609 2550 633 2589 et
642 2539 738 2597 Gallia,
749 2547 864 2604 erantque
879 2538 939 2586 adeo
955 2546 979 2586 et
990 2538 1052 2587 Padi
1068 2555 1110 2588 ac·

58 2619 85 2661 et
93 2611 182 2677 Virgil.
190 2613 288 2663 AEneid.
299 2631 324 2663 x.
335 2617 391 2664 189.
400 2615 482 2680 ibique
492 2619 559 2681 Hey-
608 2616 679 2663 cola:
691 2623 715 2663 et
722 2613 802 2664 Graeci
810 2614 902 2678 antiqui
910 2628 1003 2661 omnem
1012 2613 1109 2664 ltaliam

57 2686 136 2737 nium.
143 2688 255 2737 lactant.
266 2688 368 2753 Argum.
380 2689 466 2738 fabulae
477 2701 560 2740 aucto·
608 2688 751 2752 superiorem
763 2688 793 2737 ab
804 2687 833 2734 iis
843 2686 1002 2736 nominhrunt.
1035 2687 1109 2753 Apud

57 2776 109 2811 rem
124 2761 183 2812 facit
195 2763 340 2813 Phanuelern
354 2763 380 2812 in
390 2765 558 2830 Qidinibus.
609 2761 720 2827 Apollon.
736 2762 769 2810 iv.
786 2761 843 2808 646.
858 2761 1002 2824 Argonauta
1019 2761 1110 2810 adeunt

57 2837 154 2902 Nempe
172 2837 215 2887 ille
235 2839 316 2903 elegos
334 2837 449 2905 Ἐρώτων
465 2840 561 2893 nomina
609 2836 683 2886 ἔθνεα
708 2837 784 2902 μύρια
808 2836 913 2884 Κελτιῒν
934 2837 975 2884 καὶ
1002 2835 1110 2901 Λιγύων.

57 2911 194 2976 scripserat,
204 2912 235 2962 de
250 2913 337 2977 quibus
349 2914 433 2964 Heius.
444 2924 469 2964 et
478 2916 561 2965 Burm.
610 2911 688 2960 Recte
698 2910 770 2975 igitur
780 2911 868 2958 Noster
878 2910 992 2974 Ligurum
1006 2913 1109 2973 populos.

58 2985 92 3035 ad
108 3004 136 3035 x.
155 2988 198 3036 83.
231 2985 324 3036 Addita
340 2996 420 3036 antem
437 2989 489 3038 haec
506 2999 562 3040 sunt
610 2986 687 3035 Iidem
698 2984 937 3050 igituretsuccinum
949 2986 1043 3034 mittere
1058 3003 1110 3036 cre-

57 3059 125 3109 haud
146 3060 220 3110 dabie
239 3062 352 3127 superiori
370 3064 419 3113 sab.
436 3072 562 3129 postquam
610 3060 735 3118 dabantur,
746 3059 832 3108 Claud.
843 3060 896 3107 XL.
907 3057 932 3107 ii.
945 3067 971 3107 et
985 3060 1109 3110 succinum

57 3133 227 3200 Faidauuspro
235 3135 480 3203 Padohabericoepit.
496 3139 562 3188 Pau·
610 3135 687 3200 ipsum
699 3135 835 3184 dictumest
846 3134 997 3200 λιγγούρων.
1024 3136 1109 3185 Strabo

57 3208 140 3259 sanies
153 3208 231 3259 Attio.
247 3226 273 3275 p.
286 3212 325 3260 76.
336 3212 406 3260 facile
423 3229 448 3261 se
465 3214 561 3264 credere
610 3208 642 3258 iv·
652 3227 677 3273 p·
687 3211 745 3258 310·

57 3282 103 3340 ait,
114 3283 234 3348 Cycnum,
246 3282 362 3349 Ligurum
372 3301 458 3350 regem,
469 3287 561 3334 musica
641 3285 698 3332 371.
715 3284 796 3345 Ripae,
808 3291 836 3331 ut
846 3283 901 3330 loca
911 3282 1015 3331 solitaria
1028 3292 1109 3348 petere

58 3357 264 3415 machabaeam
278 3359 381 3408 eundem
391 3369 445 3425 post
460 3367 561 3409 mortem
609 3357 686 3406 solent
700 3360 794 3417 moesti;
812 3375 836 3405 x.
847 3358 888 3405 74.
923 3358 1006 3419 Implet
1020 3374 1109 3406 amnem

58 3431 93 3480 ab
112 3429 225 3497 Apolline
246 3432 272 3480 in
291 3448 360 3482 arem
380 3433 490 3498 Cycnum
510 3451 561 3484 esse
609 3434 713 3494 querelis,
733 3432 814 3480 crebro
835 3431 868 3478 ibi
890 3430 975 3495 repetit
992 3432 1111 3495 querelas,

57 3513 179 3555 mutatum
204 3522 230 3556 se
253 3522 301 3555 non
322 3508 427 3558 credere.
459 3510 491 3556 Et
511 3517 561 3558 tam
609 3515 783 3571 nempecantn.
810 3504 1035 3568 Virgil.AEneid.x.
1048 3506 1109 3554 190:

57 3577 153 3635 madai,
161 3595 234 3643 quam
244 3589 393 3645 postauam
403 3582 486 3647 cycnis
496 3599 560 3631 com·
612 3581 722 3643 Popeteas
732 3583 794 3627 inter
800 3581 902 3640 frondes
915 3580 1062 3640 umbramque
1076 3595 1110 3627 so·

57 3651 139 3718 parari
159 3652 282 3703 solebant:
301 3654 385 3704 Horat.
402 3657 448 3705 IV.
464 3655 513 3706 od.
526 3656 561 3704 iii.
609 3672 687 3703 rorum
699 3657 762 3702 Dum
772 3656 844 3710 canit,
854 3663 876 3700 st
886 3663 988 3701 maestum
998 3669 1062 3700 mana
1073 3669 1108 3701 so-

57 3729 101 3776 26.
127 3726 561 3792 Alimcyemxiiaamemomtur.
611 3730 787 3777 latarumorem.
814 3725 1110 3788 Sororihru,scilicettuis;

58 3801 126 3850 Haec
133 3811 240 3851 murtro.
272 3803 337 3852 Huic
349 3803 559 3863 transformationi3
610 3819 636 3850 x.
647 3804 689 3851 91.
701 3802 738 3850 hae
752 3810 800 3850 tres
815 3816 903 3848 sorores
918 3808 1112 3850 mutataa‘nemus

57 3891 116 3924 nam
134 3886 261 3925 mmmm
281 3877 357 3926 omnis
375 3895 412 3927 res
432 3886 563 3926 monstrosa
612 3877 873 3937 Heliadrtmdicuntu13
886 3884 911 3924 et
922 3875 986 3941 apud
997 3877 1111 3927 German.

57 3957 103 3999 aut
125 3949 194 4000 mira.
234 3951 321 4000 Astitit
339 3952 365 4000 in
385 3952 442 4018 ripis
463 3952 561 4001 Eridani
611 3951 679 3999 Arat.
687 3951 744 3999 370.
754 3967 812 3998 aona
822 3952 888 3998 diva.

57 4023 167 4087 Cycnus,
187 4040 263 4089 quam
284 4025 398 4075 Heliades
422 4027 448 4075 in
469 4028 562 4075 arbores
644 4027 701 4075 373.
718 4025 796 4078 Quum
810 4025 874 4087 voa]
896 4025 933 4072 Ex
944 4040 1002 4072 voce
1013 4024 1076 4073 virili
1086 4034 1111 4074 et

57 4105 216 4147 mutarentur.
249 4099 386 4157 Stheneleia,
399 4100 520 4150 Sthenelei
534 4101 561 4147 fi·
612 4098 679 4164 gravi
695 4099 759 4147 sacta
775 4106 812 4146 est
823 4114 868 4146 vox
879 4097 949 4163 cycni
959 4098 1046 4148 tenuis.
1081 4100 1111 4148 Ia

59 4169 117 4219 lius.
133 4171 342 4238 Regemljgnrie
354 4182 481 4238 cognatum
492 4173 565 4223 luisse
614 4171 775 4240 describendis
792 4171 1033 4221 transformationibus
1053 4172 1111 4237 ipsis
