2812 5010
378 343 849 410 METAMORPHOSEON
865 344 957 409 LIB.
981 345 1025 410 V.
1154 345 1222 412 utu

173 515 195 589 J
198 541 308 589 ussus
326 541 408 591 eras
427 520 619 593 celebrare
637 519 768 617 dapes,
787 517 1006 616 festumque
1022 520 1205 597 canendo.
1297 562 1300 568 2

176 633 249 706 Cui
266 636 397 732 procul
416 635 566 720 astanti,
586 637 850 734 plectrumque
870 634 1022 710 imbelle
1040 636 1200 726 tenenti,

142 735 144 738 Α
174 750 362 837 Pettalus,
376 750 590 838 “I,ridens,
601 751 745 850 Stygiis
757 775 851 825 cane
861 752 1023 839 cetera‚”
1035 753 1142 840 dixit,
1155 756 1226 827 115

176 873 200 903 “
214 865 394 941 Manibus
407 866 441 942 :''
460 879 499 942 et
516 868 609 940 laevo
627 891 845 941 mucronem
862 877 1033 966 tempore
1051 868 1145 965 figit.
1210 869 1219 876 “’

176 981 368 1071 Concidit,
387 993 426 1058 et
443 983 570 1081 digitis
588 983 833 1057 morientibus
851 984 914 1058 ille
932 994 1098 1058 retentat

175 1099 260 1173 Fila
274 1101 379 1198 lyrae,
398 1125 570 1198 casuque
584 1102 687 1175 canit
702 1101 916 1176 miserabile
934 1125 1097 1175 carmen.

174 1215 212 1288 N
215 1240 265 1289 nn
283 1216 372 1289 sinit
387 1217 488 1290 hunc
506 1217 660 1317 impune
677 1218 783 1293 ferox
800 1219 986 1293 cecidisse
997 1217 1224 1316 Lycormas;

176 1331 379 1431 Raptaque
398 1334 445 1407 de
463 1335 598 1408 dextro
616 1336 772 1409 robusta
787 1337 968 1434 repagula
986 1336 1099 1433 posti,
1155 1339 1226 1407 120

176 1448 340 1522 Ossibus
357 1449 469 1523 illidit
485 1451 619 1525 mediae
638 1453 816 1528 cervicis:
846 1463 885 1527 at
903 1453 966 1526 ille

175 1562 386 1638 Procubuit
399 1576 520 1656 terrae,
540 1569 694 1642 mactati
712 1594 815 1644 more
828 1568 994 1668 juvenci.

174 1822 272 1872 dicitur.
304 1825 371 1873 Infra
381 1840 451 1874 versu
462 1827 518 1875 332.
532 1828 620 1876 vocalia
636 1844 677 1876 era
727 1828 763 1894 git
784 1836 892 1892 tangere,
914 1826 1009 1893 pulsare
1029 1827 1078 1890 jila
1100 1828 1164 1890 iyroe,
1184 1841 1229 1874 een

174 1915 271 1949 meere.
305 1898 423 1948 celebrere
441 1903 518 1962 depes,
537 1917 623 1966 augere
641 1901 677 1949 hi·
726 1905 794 1953 fides.
826 1903 901 1960 Intra,
924 1904 981 1952 339.
1007 1910 1143 1964 praetentare
1163 1901 1229 1950 elter-

174 1971 295 2021 laritatem
316 1974 502 2023 convivantium.
534 1974 564 2024 In
590 1975 676 2040 regali·
727 1982 775 2027 des.
808 1979 838 2027 In
854 1977 910 2025 lusu
929 1992 980 2040 seq.
996 1977 1084 2024 Nostro
1102 1975 1228 2041 praeivsrat

174 2047 221 2096 bus
246 2047 362 2096 conviviis
382 2048 487 2098 musicus
511 2049 678 2108 adhibebatur,
727 2051 826 2108 Ennius,
845 2067 957 2114 quumque
972 2060 1042 2112 caput
1060 2052 1159 2107 cederet,
1175 2066 1228 2097 car·

175 2119 217 2185 qni
234 2118 317 2168 laudes
332 2121 430 2170 heroum
444 2137 528 2187 resque
544 2122 636 2172 divinas
647 2124 678 2172 ed
727 2144 778 2175 men
799 2128 854 2175 taba
875 2127 922 2174 sola
942 2129 1040 2189 peregit,
1062 2125 1102 2182 Et,
1118 2133 1229 2186 pereunte

175 2193 293 2242 citharam
312 2204 417 2244 caneret.
452 2196 504 2245 Cic.
518 2197 590 2247 Tusc.
608 2197 626 2246 i.
642 2200 658 2247 2
670 2217 678 2259 ς
728 2205 785 2257 uiro,
796 2217 893 2248 raucum
903 2215 969 2247 sonus
977 2216 1020 2247 ere
1031 2201 1145 2248 manmit.
1168 2197 1227 2246 Irni·

176 2269 294 2328 Quinctil.
305 2271 358 2320 Lx.
370 2273 408 2320 10.
440 2272 507 2322 Telis
521 2282 571 2322 erat
586 2275 677 2323 Demo-
727 2283 791 2324 tatus
799 2291 853 2324 enm
864 2283 901 2323 est
911 2282 935 2322 ct
944 2273 1025 2330 Silius,
1037 2273 1070 2321 ir.
1085 2275 1141 2322 173.
1167 2272 1228 2320 Ceste

176 2344 253 2393 docus
266 2344 291 2393 in
307 2346 415 2394 convivio
429 2346 535 2404 Alcinoi,
548 2348 596 2396 Od.
606 2354 635 2398 θ.
646 2351 677 2398 62
728 2366 775 2398 non
785 2357 830 2406 est,
840 2349 907 2405 forte,
918 2347 970 2404 ssd,
981 2347 1060 2413 lapsu.
1089 2348 1228 2395 Concidit-

175 2433 229 2482 sqq.
242 2425 267 2467 et
283 2419 355 2484 Iopa's
368 2419 394 2468 in
410 2420 519 2469 convivio
534 2422 621 2481 Didus,
632 2424 677 2471 AE-
727 2440 831 2487 casuque,
850 2430 875 2471 et
896 2421 1032 2478 concidens,
1052 2424 1116 2469 canit
1134 2425 1228 2469 misere·

174 2491 241 2541 neid.
259 2491 276 2542 i.
292 2495 349 2543 740.
376 2494 496 2543 Caeterum
515 2497 540 2544 in
561 2497 677 2562 composi·
728 2500 771 2547 iile
795 2515 894 2554 carmen,
917 2496 967 2545 edit
983 2510 1054 2545 voces
1074 2494 1229 2544 miserabiles.

176 2565 241 2614 tione
260 2579 323 2616 vers:
345 2569 483 2617 111-113.
505 2569 677 2634 negligentiam
728 2571 774 2621 Sed
794 2573 857 2620 bene
878 2571 909 2621 de
930 2569 1029 2624 musico,
1048 2573 1111 2625 canit
1127 2586 1228 2618 curasan.

175 2639 298 2703 quendam
324 2641 469 2698 observabis,
497 2657 569 2706 quam
605 2644 678 2692 etiam
732 2642 1227 2702 Miserabile,misericordiamcommovens.

176 2713 279 2762 Lennius
303 2714 401 2771 notavit,
424 2715 465 2779 qui
490 2723 571 2764 monet
597 2717 678 2780 profici
728 2720 780 2770 Cic.
797 2719 873 2769 Attio.
890 2719 939 2769 xiv.
959 2720 997 2767 10.
1021 2719 1115 2766 laudari
1135 2719 1227 2766 misero-

177 2787 279 2851 aliquid,
296 2787 386 2854 sipost
404 2806 500 2838 moveres
518 2789 678 2854 interpunctio
727 2797 812 2844 biliter.
837 2795 956 2845 Caeterum
973 2799 1000 2841 ut
1017 2792 1056 2840 hic
1068 2791 1181 2850 musicus,
1193 2792 1227 2840 sic

176 2861 282 2910 maxime
297 2862 446 2921 adhibeatur,
465 2872 489 2912 et
507 2864 537 2912 ad
555 2874 581 2912 tu
593 2882 678 2928 queque
727 2871 787 2917 AEn.
799 2869 832 2917 ix.
843 2870 891 2917 774
902 2884 954 2932 sqq.
967 2874 1038 2932 poeta
1056 2867 1153 2916 interest
1166 2883 1227 2932 prae-

175 2935 376 3000 subintelligatur,
386 2942 493 2988 cecidisti.
510 2939 585 2987 Putat
596 2939 676 2997 etiam,
726 2941 758 2991 lio
769 2952 795 2992 et
805 2942 933 2992 occiditur.

175 3026 246 3059 versu
269 3013 315 3060 113
331 3011 416 3061 melius
435 3013 506 3062 afore.
539 3013 603 3061 Mibi
620 3030 675 3063 vcro
762 3018 816 3066 120.
837 3017 969 3080 Repaguio,
991 3013 1041 3064 sive
1061 3013 1128 3078 ligna
1151 3020 1228 3061 trans·

176 3100 221 3133 1¹0⁰
232 3086 313 3143 verba.
322 3104 368 3134 000
379 3088 417 3135 ios
427 3090 504 3136 adhib·
511 3091 538 3136 iu
548 3105 610 3146 usus,
621 3088 675 3152 pla·
727 3107 803 3148 versa,
811 3090 898 3156 quibus
909 3088 970 3139 iores
980 3088 1158 3143 muniebantur,
1170 3088 1228 3136 utri-

167 3166 241 3228 'cent,
252 3175 307 3224 quae
322 3161 407 3210 melius
425 3178 451 3212 se
465 3162 588 3219 haberent,
602 3162 622 3210 si
636 3158 697 3211 ille‘
728 3181 775 3230 que
791 3164 852 3231 posti
867 3165 955 3213 inserta
970 3171 1045 3219 erant,
1056 3175 1081 3212 et
1095 3171 1123 3211 ut
1134 3178 1148 3211 e
1159 3178 1228 3210 versu

176 3242 274 3283 coactus
285 3243 348 3284 esset
358 3252 407 3284 una
416 3252 533 3301 pugnare.
731 3241 777 3287 127
789 3239 894 3303 colligas,
905 3237 930 3286 in
940 3246 1007 3302 parte
1018 3237 1145 3302 superiore.
1174 3235 1229 3284 Illi·

212 3309 267 3356 114.
299 3309 418 3358 Plectrum
439 3311 622 3359 instrumentum
643 3318 679 3359 est
729 3317 764 3362 dit
784 3313 878 3362 videtur
897 3311 1031 3361 emendatio
1055 3309 1213 3359 recentiorum
1220 3327 1228 3370 ς

176 3397 224 3447 quo
234 3381 287 3446 lyra
297 3382 412 3447 pulsatur,
422 3383 475 3433 ἀπὸ
491 3387 535 3433 τοῦ
548 3384 678 3444 πλήττειν,
730 3387 813 3436 Codex
822 3386 914 3450 Regius
925 3387 957 3434 A.
966 3387 1028 3434 elisit
1034 3401 1043 3442 ,·
1054 3382 1138 3431 eodem
1149 3398 1228 3439 sensu,

177 3456 222 3505 hoc
240 3464 277 3505 est
292 3473 307 3504 a
322 3458 485 3522 percutiendo,
498 3459 597 3507 dictum.
630 3459 678 3506 lm·
730 3460 813 3510 Codex
824 3462 854 3508 B.
865 3463 968 3516 immisit,
978 3459 1042 3522 qnod
1053 3473 1139 3505 censeo
1150 3456 1229 3520 aptius

178 3532 242 3587 teile,
254 3530 315 3586 leve,
327 3530 347 3578 si
362 3540 511 3596 comparetur
527 3548 583 3580 cum
600 3533 678 3583 armis.
729 3542 753 3582 et
768 3532 918 3597 simplicius3
936 3548 992 3580 nam
1007 3530 1037 3579 de
1053 3533 1229 3591 postiemrepa-

176 3604 245 3652 Alibi
261 3606 357 3653 imbellis
375 3608 464 3654 cithare
485 3615 527 3654 aut
549 3608 609 3670 lyra,
631 3623 677 3655 non
726 3608 789 3671 gulis
800 3622 875 3655 sermo
889 3616 933 3664 est,
944 3617 968 3654 et
983 3607 1130 3652 illidere-seu
1145 3604 1229 3651 elidere

176 3686 234 3743 apta
241 3679 312 3727 rebus
323 3677 416 3742 magnis
424 3680 546 3736 canendis,
553 3681 596 3728 sed
604 3681 678 3729 amori
728 3681 820 3746 aliquid
835 3680 965 3729 ossibusvix
980 3678 1093 3727 Latinum
1108 3685 1152 3726 cst.
1178 3677 1229 3726 Ho-

176 3762 201 3804 et
219 3754 337 3820 voluptati
358 3755 497 3804 inserviens.
519 3756 626 3805 Bruckh.
647 3757 678 3805 ad
728 3756 802 3805 ratius
811 3754 881 3811 dixit,
894 3756 986 3803 illidere
994 3756 1083 3801 dentm
1093 3753 1166 3799 alicui
1177 3754 1228 3809 τοὶς

177 3829 285 3893 Propert.
302 3830 348 3878 lv.
366 3831 398 3876 vi.
416 3832 458 3879 36.
492 3832 616 3879 Sarcasmo
633 3831 677 3888 illi,
728 3829 819 3886 Livius,
829 3831 913 3877 elidere
924 3836 1080 3889 ceputsacr05
1092 3825 1134 3873 sed
1145 3826 1230 3874 elidere

176 3903 265 3967 Stygiis
281 3921 337 3952 curte
354 3894 435 3953 cetera
452 3904 535 3953 similis
554 3913 590 3954 est
609 3905 678 3963 alius,
729 3921 813 3969 corpus
829 3903 994 3959 inanimatum,
1006 3919 1028 3950 v.
1040 3917 1063 3965 g.
1081 3915 1147 3956 saxa,
1161 3899 1230 3965 stipi-

176 3978 218 4027 xii.
230 3980 278 4027 321
296 3994 351 4043 sqq.
380 3979 471 4029 Mirum
490 3989 569 4028 autem
587 3988 631 4037 est,
649 3980 679 4028 il·
730 3986 773 4033 tes,
793 3987 841 4026 etc.
861 3976 933 4025 alicui
955 3975 1047 4039 corpori
1066 3973 1170 4022 animato
1192 3990 1229 4022 re-

176 4054 227 4102 lum
242 4068 288 4101 nec
303 4053 365 4102 inter
383 4055 512 4103 tumultum
529 4053 628 4103 desiisse
643 4053 677 4102 ci·
728 4068 780 4101 rum
788 4061 878 4100 nature
891 4058 1015 4117 repugnat.
1043 4049 1170 4096 Procubuit
1182 4059 1228 4096 ter-

177 4127 271 4176 tharam
282 4144 338 4178 cum
346 4144 404 4178 voce
415 4145 517 4179 movere.
729 4145 768 4184 rae,
775 4135 802 4176 ut
810 4127 864 4175 197.
874 4137 1016 4188 prosternere
1024 4125 1105 4182 humb
1116 4123 1158 4172 vii.
1171 4125 1229 4172 578.

213 4202 269 4251 117.
287 4203 407 4260 lieteutet,
424 4203 510 4252 iterum
523 4211 608 4260 tentat,
626 4220 678 4269 per·
731 4205 893 4264 terrrejeceru.
