2812 5010
262 337 729 408 METAMORPHOSEON
752 342 843 407 LIB.
868 343 938 409 111.

70 507 203 585 Turba
220 523 343 601 ruunt,
355 514 559 611 mixtaeque
572 515 659 589 viris
671 527 899 615 matresque,
911 542 1115 616 nurusque,

70 626 310 726 Vulgusque,
321 655 586 729 proceresque,
601 632 730 729 ignota
747 634 794 708 ad
813 659 919 709 saera
934 633 1114 709 feruntur.

73 750 98 781 “
116 742 213 828 Quis
230 744 341 835 furor,
361 749 593 845 anguigenae‚
613 751 738 848 proles
757 750 953 840 Mavortia,
972 762 1115 826 vestras

72 857 251 935 Attonuit
267 875 413 937 mentes
424 863 462 937 l”
490 864 683 939 Pentheus
702 867 771 940 ait:
795 876 953 941 “serane
970 877 1117 942 tanturn
1166 962 1169 966 ι

74 973 163 1049 AEre
175 978 327 1076 repulsa
343 980 492 1055 valent?
519 991 559 1054 et
573 982 718 1055 adunco
735 982 827 1056 tibia
841 984 981 1057 cornu?
1053 1069 1054 1073 Ἴ

74 1089 126 1165 Et
143 1093 300 1191 magicae
317 1096 492 1171 fraudes?
520 1109 574 1184 ut,
593 1123 688 1195 quos
707 1123 781 1171 non
798 1100 956 1196 belliger
972 1099 1085 1187 ensis,

14 1272 18 1281 .
74 1207 163 1283 Non
175 1213 269 1285 tuba
280 1213 489 1300 terruerint,
502 1239 578 1287 non
597 1215 735 1289 strictis
751 1217 899 1313 agmina
915 1216 1019 1303 telis;
1040 1219 1114 1289 535

74 1323 263 1400 Femineae
280 1353 403 1417 voces,
424 1343 462 1403 et
478 1341 580 1403 mota
598 1330 742 1405 insania
758 1332 855 1418 rino,

71 1591 122 1642 vid.
132 1592 269 1650 Draelenb.
280 1596 310 1645 ad
321 1597 363 1645 Sil.
372 1598 397 1648 ii.
410 1600 464 1648 101.
491 1598 570 1657 Fertis,

71 1667 129 1731 quia
140 1670 259 1734 conjuncti
269 1679 336 1720 erant
346 1672 479 1738 hujusmodi
494 1673 570 1722 ulula·

72 1749 111 1790 tus
121 1757 176 1789 oum
187 1742 260 1792 sacris
270 1743 369 1793 Bacchi.

105 1806 162 1865 529.
195 1815 344 1867 Indnountnr
370 1819 462 1869 Bacchi
489 1821 569 1870 thiasi.

70 1888 142 1953 Virg.
151 1889 203 1938 Eel.
211 1908 236 1939 v.
244 1892 276 1940 30
282 1911 289 1953 ;
306 1908 361 1941 nam
371 1893 464 1952 θίασος,
477 1898 569 1954 thiasus,

70 1961 137 2011 dieta
155 1970 192 2012 eat
207 1966 323 2014 vocabulo
337 1968 429 2032 proprio
444 1968 569 2019 multitudo

71 2036 115 2085 illa
132 2037 209 2086 mixta
225 2046 250 2087 et
264 2056 359 2104 pompa,
376 2057 428 2105 qua
447 2042 570 2091 Bacchum

69 2108 242 2160 eomitabatnr:
261 2112 309 2161 rid.
326 2114 425 2163 Barnea.
441 2115 472 2163 ad
488 2116 569 2181 Eurip.

69 2187 173 2235 renbo'.
208 2187 395 2252 Miateque,eta.
428 2189 531 2238 Feminae
545 2198 570 2239 et

68 2273 156 2316 meres,
165 2275 283 2326 pauperes
298 2270 323 2311 et
338 2263 429 2312 nobiles
445 2264 516 2312 saeris
531 2264 568 2313 bis

69 2331 164 2381 nesab
182 2333 296 2384 interesse
312 2345 428 2401 poterant.
460 2337 567 2402 Euripid.

69 2421 118 2454 rer.
129 2407 179 2456 208
189 2423 242 2472 sqq.
275 2410 355 2458 Verba
364 2421 439 2458 ruunt
449 2419 473 2458 et
479 2412 567 2475 ferrre-

69 2490 111 2528 tur
121 2481 217 2547 egregie
231 2482 333 2548 pingunt
344 2484 457 2542 studium,
469 2502 515 2550 quo
530 2504 568 2536 su·

68 2554 206 2619 perstitiose
216 2567 241 2606 et
254 2558 313 2606 levis
323 2559 450 2608 multitudo
461 2560 568 2609 certatim

67 2628 166 2679 advolat
176 2631 208 2680 ad
217 2634 297 2697 ignota
307 2634 375 2696 (nam
385 2635 467 2697 ignota
474 2641 499 2684 et
509 2650 569 2683 nova

68 2702 129 2752 seire
140 2703 253 2770 eupiunt)
259 2722 333 2756 mera.
366 2707 484 2756 Rueresie
497 2708 568 2756 etiam

70 2793 111 2825 xv.
120 2779 187 2838 729;
203 2779 298 2828 Pbedr.
312 2782 344 2829 V.
355 2782 404 2828 lab.
414 2779 431 2828 i.
443 2783 466 2829 3.
490 2781 567 2845 Signi·

69 2849 127 2899 lieet
141 2851 206 2900 enirn
221 2851 272 2901 siae
286 2852 366 2901 ordine
377 2862 402 2902 et
411 2870 503 2902 summa
513 2871 567 2903 cum

67 2925 221 2974 contentione
231 2942 331 2977 currere.
365 2928 452 2975 Matres
459 2937 483 2976 et
495 2932 568 2978 nuno

69 2999 167 3050 solenne
181 3001 277 3058 Nostro,
293 3018 367 3066 quum
384 3003 460 3050 omnis
475 3003 567 3067 generis

66 3073 188 3122 etaetatis
203 3075 313 3124 mulieres
329 3086 504 3125 commemorat.
536 3079 567 3126 Et

70 3163 144 3196 nunes
151 3144 229 3214 poetis
240 3149 315 3198 omnis
322 3150 415 3200 mulier.
448 3151 566 3200 Brouckb.

70 3221 102 3269 ad
118 3222 225 3287 Propert.
242 3224 276 3273 II.
293 3242 318 3273 v.
333 3226 373 3273 26.
407 3225 487 3272 Mtaeta
504 3228 566 3273 viris.

68 3295 150 3362 Eurip.
159 3298 208 3346 362-
221 3301 338 3363 γυναῖκες
352 3299 413 3364 ὁμοῦ
428 3298 452 3347 δὲ
464 3298 567 3364 Κάδμου

69 3370 371 3439 παισίνάναμεμιγμέναι.
394 3375 508 3428 Procerus,
516 3373 566 3438 ipse

68 3444 176 3494 Cadmus
193 3461 248 3494 eum
263 3447 357 3496 filiabus
368 3456 398 3513 ¹et
411 3447 509 3496 Tiresia.
519 3449 566 3497 Eu·

66 3517 113 3583 rip.
120 3520 178 3570 299.
202 3521 342 3586 Vulgusque,
350 3538 493 3585 proceresque
501 3540 508 3579 ,-
516 3522 567 3587 jam

67 3596 94 3644 in
108 3593 170 3643 libro
188 3593 207 3644 i.
221 3597 282 3644 193:
302 3597 428 3659 Faunique,
439 3598 567 3659 Satyrique,

65 3677 113 3718 etc.
123 3666 194 3726 infre,
204 3668 265 3718 libro
274 3670 306 3718 iv.
318 3672 348 3719 10
357 3690 362 3718 :
383 3671 497 3734 Totaque,
506 3672 567 3717 ealo-

66 3744 167 3806 tboaque.
194 3743 323 3807 Vulgatam
332 3743 460 3793 lectionem
471 3742 568 3791 retinui-

68 3833 130 3873 mus,
139 3817 197 3882 qnia
207 3817 277 3883 hujus
287 3820 355 3867 metri
364 3818 475 3884 exempla
482 3817 568 3881 reperi-

69 3891 213 3958 anturepnd
218 3891 295 3956 Virg„
302 3894 432 3957 presertim
441 3893 465 3940 in
477 3893 529 3941 Bal.
537 3891 569 3940 ir.

65 3968 117 4025 513
135 3974 160 4015 et
177 3967 267 4032 Georg.
282 3966 300 4014 i.
318 3969 375 4016 279.
409 3969 516 4016 Proceres
533 3966 569 4014 di·

66 4046 163 4096 eantur,
171 4039 212 4104 qui
225 4038 250 4087 in
262 4039 358 4089 civitate
369 4041 483 4098 eminent,
491 4039 569 4098 sicuti,

66 4112 93 4161 in
104 4111 221 4169 edificiis,
232 4113 313 4178 capita
328 4113 431 4163 trabium
447 4130 501 4179 quse
517 4130 569 4178 pro

66 4187 304 4253 cereaappellantnr.

102 4262 183 4312 VOL.
198 4262 248 4312 111.

653 1600 709 1647 531.
727 1598 784 1652 Quis
792 1597 866 1660 furor
880 1597 962 1644 erebra
976 1611 1021 1642 vox
1038 1593 1116 1657 iudig-

620 1673 737 1722 nantium.
747 1670 779 1720 vi.
799 1672 858 1732 1703
875 1670 961 1734 Virgil.
978 1669 1066 1732 Georg.
1082 1667 1116 1716 iv.

620 1747 683 1805 4953
708 1747 787 1794 Tibul.
803 1747 827 1794 I.
844 1763 870 1793 x.
888 1747 929 1793 33.
966 1745 1115 1808 Anguigeaae,

618 1820 727 1869 Thebani
740 1837 769 1869 ex
786 1818 870 1883 anguis
880 1817 990 1866 dentibus
1000 1815 1116 1881 prognati,

620 1894 710 1943 Graecis
722 1894 841 1960 Σπαρτοί.
875 1895 961 1941 Eorum
970 1893 1025 1940 urbs
1035 1894 1115 1938 draco·

620 1971 712 2032 trigeno,
722 1970 741 2016 F
742 1976 786 2017 ast.
798 1967 832 2016 iii.
844 1968 899 2016 865.
922 1968 1054 2031 Utrumque
1065 1981 1117 2013 voe.

619 2043 650 2090 ab
666 2043 716 2107 ipso
734 2041 820 2090 Ovidio
839 2042 955 2105 signatum
976 2038 1069 2086 videtur
1085 2038 1116 2086 ad
1178 2032 1187 2049 '

619 2117 900 2179 formamterrigenaetc.
935 2115 1014 2161 Proles
1023 2114 1115 2160 Mauor-

620 2194 661 2247 tia,
672 2205 727 2236 uam
744 2189 816 2237 draco
832 2188 872 2236 ille
888 2187 975 2235 Martis
987 2186 1049 2234 filius
1063 2186 1115 2234 lue-

619 2273 664 2312 rat.

650 2340 707 2386 532.
725 2339 832 2392 Attoniti,
841 2335 890 2401 qui,
899 2334 980 2383 andito
990 2334 1115 2382 Bacchan-

618 2413 675 2459 tium
687 2411 789 2466 lrernitu,
801 2418 824 2459 et
838 2409 881 2474 ipsi
895 2409 993 2457 lurorern
1009 2407 1114 2472 coneipi-

618 2496 674 2536 unt:
691 2486 739 2535 vid.
757 2486 809 2534 Iani
826 2484 857 2532 ad
876 2485 959 2532 Horat.
973 2483 995 2530 I.
1007 2481 1055 2530 Od.
1065 2482 1115 2531 xvi.

618 2561 641 2608 7.
675 2561 741 2615 AEra,
759 2558 875 2624 cymbala,
896 2572 995 2622 qnorum
1016 2571 1073 2604 usus
1089 2554 1115 2603 in

618 2634 734 2698 mysteriis
745 2633 833 2682 Bacchi
851 2648 898 2680 non
907 2631 993 2687 minus,
1005 2643 1076 2694 quam
1089 2628 1116 2677 in

619 2708 690 2756 saeris
705 2706 821 2771 Cybeles3
838 2705 915 2753 multa
929 2702 993 2752 enim
1009 2702 1115 2766 utrisque

618 2782 689 2830 saeris
699 2779 842 2830 eommunia.
875 2781 950 2827 Erant
959 2792 1071 2833 concava,
1079 2783 1116 2824 at-

618 2872 665 2920 que
679 2856 739 2904 inter
755 2870 781 2903 se
796 2869 918 2910 concussa,
929 2852 1041 2900 tinnitum
1058 2865 1114 2898 acu·

618 2939 667 2977 tum
679 2930 775 2984 dabant,
786 2937 811 2976 et
820 2934 964 2992 pungentem
973 2923 1047 2975 veluti
1063 2923 1113 2972 ani·

618 3019 682 3051 mos:
705 3001 759 3050 vide
780 3003 844 3050 Fast.
862 3000 893 3049 ir.
914 3003 970 3049 189.
1005 3001 1115 3061 Repuba,

616 3076 693 3142 pulsa,
707 3085 734 3124 ut
750 3075 832 3124 Tibul.
847 3075 869 3123 l.
885 3074 919 3123 iii.
934 3077 982 3133 243
1006 3073 1055 3123 viii.
1071 3075 1113 3122 22.

617 3155 714 3201 Adunao
728 3153 874 3206 tiliamenti,
886 3150 944 3198 tibia
954 3148 1066 3212 Phrygia,
1078 3148 1116 3197 in·

616 3235 687 3275 venta
699 3241 714 3273 a
724 3224 794 3272 Mida
806 3239 871 3288 rege,
885 3233 909 3271 et
924 3222 1029 3278 incurva,
1040 3238 1113 3287 quum

617 3309 707 3347 catere
729 3299 792 3347 tibiae
813 3306 892 3346 esseut
914 3304 992 3344 rectae.
1025 3297 1114 3361 Virgil.

617 3373 715 3421 AEneid.
725 3372 757 3422 xi.
768 3373 814 3420 737
825 3390 830 3418 :
852 3372 896 3419 Ubi
908 3388 979 3418 curva
992 3371 1068 3417 choros
1078 3375 1115 3418 ia·

617 3450 675 3494 dixit
693 3450 749 3495 tibia
768 3448 863 3495 Bacchi.
908 3446 987 3493 Cornu
1006 3443 1113 3492 additum

618 3522 721 3584 augebat
732 3537 825 3568 sonum.

650 3596 707 3643 534.
720 3594 816 3656 Magire
819 3593 941 3656 fraudes]
961 3590 1033 3655 Apud
1046 3589 1115 3637 Euri·

618 3667 706 3732 pidem,
723 3681 789 3714 versu
805 3667 862 3713 234.
886 3664 996 3713 Bacchus
1016 3663 1078 3728 γόης
1092 3670 1117 3712 et

617 3739 720 3806 ἐπῳδός.
752 3741 830 3796 Quum
846 3753 915 3785 sacra
930 3737 1021 3785 Bacchi
1037 3745 1117 3785 essent

620 3823 742 3869 nocturna,
754 3826 840 3859 areana
853 3819 877 3859 et
891 3827 945 3858 eum
960 3809 1040 3858 multis
1054 3826 1116 3874 prae·

619 3889 693 3952 stigiis
710 3887 843 3951 conjuncte,
853 3885 961 3934 Pentheo
976 3885 1117 3934 videbantur

619 3967 711 4027 magiae
724 3961 834 4026 frauder.
880 3960 983 4025 Belliger
1004 3963 1068 4016 eunt,
1088 3968 1116 4009 ut

619 4036 727 4086 Martial.
737 4036 770 4099 V,
776 4035 857 4100 Epigr.
864 4051 919 4084 xxv.
926 4036 1033 4100 belligero
1041 4037 1115 4093 basta,-

620 4109 1014 4161 HoratSnt.i.3l.bostieusentir.
1050 4109 1116 4157 Tube

620 4202 677 4236 usus
684 4192 735 4236 erat
745 4184 770 4233 in
780 4184 849 4234 bellis
858 4203 865 4245 3
882 4184 937 4234 ride
948 4184 979 4233 ad
989 4184 1006 4232 i.
1016 4185 1056 4233 98.

719 4261 764 4309 Cc

1053 344 1120 410 253
1181 333 1183 336 ,
