2812 5010
116 319 201 391 ’146
424 318 464 389 Ρ.
489 324 654 391 OVIDII
677 318 890 391 NASONIS

136 498 367 572 Concutiens
385 498 530 573 illustre
545 511 671 597 caput,
693 509 716 537 “
733 499 983 586 Temeraria,’'
999 497 1110 585 dixit,
1130 496 1179 571 50

135 624 159 654 “
178 614 264 688 Vox
277 639 362 687 mea
378 614 478 688 facta
494 626 560 689 tua
577 627 656 690 est:
685 616 830 688 utinam
847 615 1032 714 promissa
1048 615 1181 688 liceret

135 730 223 805 Non
247 731 358 803 dare!
387 732 578 818 confiteor,
598 733 719 805 solum
744 733 815 805 hoc
843 731 924 818 tibi,
944 741 1044 818 nate,
1064 753 1184 826 nega-

136 847 364 924 Dissuadere
377 848 487 921 licet:
509 873 583 920 non
596 857 654 921 est
667 858 733 920 tua
747 858 830 921 tuta
843 847 1028 919 voluntas,
1067 847 1176 940 [rem.

135 966 277 1062 Magna
294 964 404 1061 petis,
424 963 634 1051 Phaethon,
656 974 694 1036 et
712 990 796 1062 quae
815 950 884 1037 nec
899 963 1038 1036 viribus
1054 961 1137 1035 istis

135 1082 296 1156 Munera
312 1082 546 1168 conveniant,
563 1092 725 1154 nectam
743 1080 949 1178 puerilibus
968 1077 1088 1151 annis
1130 1080 1179 1150 55

136 1199 225 1272 Sors
241 1210 306 1271 tua
323 1197 511 1289 mortalis:
538 1206 690 1271 nonest
709 1197 864 1268 mortale
884 1194 985 1291 quod
1004 1202 1127 1290 optas.

135 1315 227 1387 Plus
243 1313 369 1400 etiam,
383 1337 496 1410 quam
511 1314 612 1409 quod
633 1311 788 1409 Superis
803 1309 1022 1404 contingere
1040 1307 1096 1380 fas
1116 1306 1177 1393 sit,

134 1429 297 1504 Nescius
315 1429 490 1502 affectas:
520 1429 668 1526 placeat
683 1426 754 1500 sibi
773 1426 936 1523 quisque
953 1424 1095 1510 licebit,

135 1545 223 1618 Non
240 1554 367 1617 tamen
384 1543 540 1640 ignifero
559 1543 760 1640 quisquam
776 1540 982 1614 consistere
999 1540 1037 1612 in
1055 1563 1129 1612 axe

136 1661 202 1733 Me
213 1661 311 1733 valet
329 1670 510 1756 excepto:
532 1660 626 1732 vasti
640 1682 792 1755 quoque
808 1665 930 1729 rector
943 1654 1112 1752 Olympi,
1129 1658 1181 1726 66

33 1815 37 1825 ·
136 1775 210 1858 Qui
228 1776 306 1848 fera
322 1775 477 1848 terribili
491 1776 679 1873 jaculatur
696 1774 854 1847 fulmina
872 1775 1020 1857 dextra,

136 1890 224 1963 Non
247 1900 334 1986 agat
355 1890 423 1962 hos
446 1915 599 1964 currus:
629 1890 779 1988 etquid
802 1889 897 1962 Jove
922 1890 1043 1985 majus
1061 1888 1180 1961 habe·

285 2007 393 2078 musi

134 2121 264 2194 Ardua
280 2122 399 2219 prima
415 2123 475 2196 via
489 2134 568 2212 est;
599 2135 638 2198 et
656 2149 733 2223 qua
745 2126 808 2198 vix
827 2147 935 2198 mane
954 2132 1127 2195 recentes

167 2324 208 2371 50.
229 2323 366 2380 Temeraria,
383 2323 443 2386 ete]
468 2324 566 2372 Temere
586 2339 630 2389 ego
679 2335 741 2375 tuta.
778 2326 824 2374 Fas
850 2328 887 2383 sit,
914 2323 1024 2390 possibile
1051 2322 1100 2371 sit:
1128 2319 1181 2370 vid.

130 2397 218 2461 juravi,
230 2398 341 2460 quoniam
353 2406 379 2446 tu
389 2407 477 2447 temere
488 2415 565 2462 rogas.
680 2400 791 2448 Lambin.
810 2401 840 2449 ad
858 2402 941 2448 Horat.
955 2399 976 2445 Ι.
994 2398 1042 2447 Od.
1055 2396 1120 2445 xxiv.
1131 2398 1179 2456 20;

167 2472 208 2519 51.
230 2471 327 2520 Utinam*
340 2475 448 2533 promissa
467 2473 566 2536 liceret]
585 2472 631 2520 At-

135 2543 176 2608 qui
191 2560 238 2591 non
251 2543 317 2602 licet,
327 2544 390 2595 sicut
400 2545 450 2610 ipse
460 2545 522 2594 inira
535 2547 630 2595 conlite-

134 2627 188 2666 tur:
208 2619 243 2666 Ne
254 2622 341 2677 dubita,
353 2622 454 2677 dabitur,
466 2624 551 2686 stygias
558 2626 632 2684 jura-

134 2695 207 2740 vimus
227 2696 309 2743 aridas.
350 2695 417 2743 Deus
442 2694 505 2742 enim
525 2696 632 2761 perjurus

135 2781 177 2830 per
193 2766 311 2830 integrum
330 2783 418 2838 annum
436 2768 532 2833 spiritus
550 2785 633 2834 expers

131 2839 205 2902 jacet,
219 2839 305 2888 deinde
323 2843 365 2905 p'er
382 2857 466 2890 novem
485 2841 544 2890 alios
559 2858 632 2891 annos

57 2946 59 2952 .
134 2910 245 2960 societate
260 2921 285 2961 et
300 2914 469 2963 consuetudine
487 2915 592 2963 Deorum
610 2916 633 2964 ei

134 2984 289 3035 interdicitur.
317 2988 417 3036 Hesiod.
428 2989 518 3052 Theog.
529 2990 585 3038 794.

166 3061 289 3108 53-102.
315 3061 454 3109 Dissuadere
474 3063 547 3124 lieet]
574 3063 630 3112 Dis-

134 3132 239 3180 suasoria
250 3133 352 3198 egregia.
379 3134 527 3198 Argumenta
540 3136 631 3185 dissua-

135 3204 207 3253 dendi
217 3215 372 3271 sumptasunt
380 3209 410 3256 ab
417 3208 580 3258 imbecillitate
590 3227 631 3276 pe·

133 3279 213 3335 tentis,
225 3281 338 3340 54-623
356 3298 371 3330 a
389 3281 567 3333 difficultatibus
579 3284 631 3342 viae,

134 3355 245 3415 63—753
263 3356 293 3403 ab
312 3355 404 3404 insidiis
422 3356 504 3412 invia,
518 3359 631 3420 76-833

134 3428 254 3477 aferocia
278 3445 393 3494 equorum
413 3431 519 3478 84-67.
535 3432 629 3496 quibua,

133 3510 161 3550 ut
171 3502 195 3550 in
207 3502 360 3567 peroratione,
368 3502 465 3561 monita,
475 3520 564 3568 preces,
570 3522 632 3556 nova

132 3576 246 3640 promissa
257 3577 346 3625 addita.
380 3578 416 3625 Ea
425 3594 479 3626 vero
488 3578 568 3628 omnia
578 3597 632 3645 pro-⁴

134 3650 242 3699 habiliter
251 3659 353 3700 tractata
370 3662 441 3713 sunt,
458 3662 517 3710 tuta,
529 3655 579 3703 sine
590 3671 632 3719 pe·

132 3722 222 3772 riculo:
242 3729 290 3774 istis
308 3743 362 3775 cum
378 3727 410 3783 vi,
429 3737 476 3775 tam
495 3731 630 3790 puerilibus.

134 3797 194 3853 Sors,
213 3799 331 3865 quidquid
349 3801 416 3849 nobis
436 3811 520 3850 natura
543 3803 630 3860 tribuit,

132 3879 160 3919 ut
175 3887 252 3928 sexus,
264 3874 289 3922 h.
301 3875 319 3922 l.
337 3884 438 3924 natura:
457 3880 559 3935 mortale,
570 3894 632 3926 mor-

133 3943 176 3991 tali
188 3948 340 3996 conveniens.

165 4020 205 4067 57.
223 4021 281 4069 Plus
297 4028 374 4081 etiam,
393 4025 453 4088 etc.]
475 4024 629 4075 Imbecillita-

132 4101 181 4140 tem
197 4093 264 4159 pueri
278 4097 339 4146 bene
356 4098 493 4163 amplificat,
508 4115 629 4164 compara·

132 4166 195 4215 tione
211 4183 266 4216 cum
277 4170 339 4228 Diis,
351 4172 401 4236 ipso
412 4172 472 4221 adeo
483 4174 552 4230 Jove,
562 4173 629 4222 insti-

680 2484 705 2523 et
715 2475 762 2525 lv.
776 2473 824 2522 Od.
835 2474 867 2522 iv.
879 2475 920 2521 22.
952 2471 1017 2520 Hinc
1033 2470 1143 2526 formula,
1158 2473 1178 2518 si

681 2552 734 2597 licet
752 2560 774 2598 et
784 2549 828 2614 fas
845 2558 885 2603 est,
904 2563 945 2611 pro
962 2562 1010 2610 qua
1026 2547 1113 2594 Noster
1127 2544 1177 2592 He-

680 2622 756 2671 roidd.
772 2620 820 2671 xvi.
838 2624 895 2671 235.
912 2639 957 2684 qua
975 2622 1027 2669 lieet
1045 2629 1066 2668 et
1084 2635 1180 2681 possum.

681 2698 763 2746 Burm.
797 2696 893 2744 Placeat
920 2697 969 2751 sihi,
997 2704 1043 2743 etc.
1070 2692 1178 2756 Quisque

681 2781 818 2819 ceterorum
835 2770 940 2818 Deorum
955 2784 980 2816 se
996 2767 1113 2817 excellere
1133 2781 1178 2830 pu-

681 2852 724 2900 tet,
737 2852 853 2908 quantum
864 2843 932 2891 velit.

713 2919 753 2966 69.
770 2920 825 2973 Aae,
843 2933 922 2972 curru,
938 2916 964 2964 ia
983 2930 1030 2978 quo
1047 2915 1179 2962 consistebat

681 2991 776 3056 Apollo,
794 3000 821 3039 ut
839 2991 965 3039 Phaethon
981 3004 1030 3036 ver.
1051 2989 1105 3036 151.
1137 2985 1177 3035 Sic

680 3065 752 3114 etiam
765 3066 790 3113 in
804 3065 905 3113 nummis
920 3070 1113 3128 repraesentatur:
1129 3061 1179 3110 vid.

680 3139 808 3204 spanhem.
818 3138 849 3186 ad
860 3137 957 3187 Callim.
965 3137 989 3183 h.
1000 3135 1057 3183 Del.
1064 3149 1113 3182 ver.
1124 3136 1180 3183 169.

682 3214 758 3262 Curru
768 3224 848 3262 tamen
859 3215 958 3261 inrideas
968 3209 1104 3276 perhibetur
1113 3208 1178 3265 alibi,

681 3296 707 3336 ut
716 3288 801 3336 Senec.
813 3286 882 3335 Med.
894 3288 935 3334 29.

713 3364 755 3410 6l.
769 3363 815 3415 Qui
818 3363 875 3426 fera
886 3357 1061 3419 raritatem]
1072 3358 1111 3404 De
1114 3357 1179 3420 feri·

680 3446 726 3483 tate
742 3435 876 3491 fulminum,
893 3434 979 3498 quibus
997 3439 1067 3478 terret
1087 3439 1178 3494 gentes,

680 3509 712 3559 cl.
722 3509 756 3557 iii.
767 3510 815 3556 303
826 3525 881 3572 sqq.
890 3516 914 3556 et
926 3508 993 3570 Virg.
1004 3505 1093 3567 Georg.
1104 3505 1121 3552 i.
1130 3506 1180 3553 328

681 3599 692 3630 s
728 3618 735 3631 .

693 3599 753 3704 qii2.
762 3658 815 3705 Nou
823 3655 899 3720 agat]
911 3655 943 3701 Et
949 3657 1004 3716 quid
1011 3662 1059 3700 etc.
1068 3650 1101 3699 xi.
1113 3653 1162 3700 224
1173 3670 1183 3699 a

680 3733 844 3792 nequidquam
859 3731 957 3776 mundus
973 3728 1030 3775 Jove
1048 3728 1123 3786 majus
1138 3728 1178 3774 lta·

681 3807 750 3852 beret.
775 3803 907 3853 Consilium
918 3801 1020 3850 dicentis
1034 3800 1179 3865 postulabat,

681 3887 708 3926 ut
726 3878 765 3926 hic
784 3879 897 3943 majestas
910 3875 978 3925 Jovis
994 3876 1020 3924 in
1034 3874 1088 3922 luce
1106 3874 1180 3923 collo·

681 3961 783 4001 caretur.

713 4029 755 4075 63.
774 4028 856 4074 Prima
871 4026 930 4089 uim]
950 4024 1031 4072 Prima
1046 4039 1100 4088 pars
1114 4023 1179 4072 vire:

678 4105 781 4162 primum
789 4104 900 4150 mumdum
911 4100 945 4149 sic
955 4098 1016 4147 dixit
1023 4099 1108 4147 Seuec.
1123 4098 1180 4148 OEd.

682 4176 738 4222 116.
774 4176 891 4233 Reaearer,
910 4184 1027 4224 nocturna
1043 4172 1124 4237 quiete
1141 4188 1179 4221 re-
