<?xml version="1.0" encoding="UTF-8"?>
<!DOCTYPE html PUBLIC "-//W3C//DTD XHTML 1.0 Transitional//EN"
    "http://www.w3.org/TR/xhtml1/DTD/xhtml1-transitional.dtd">
<html xmlns="http://www.w3.org/1999/xhtml" xml:lang="en" lang="en">
 <head>
  <title>
</title>
<meta http-equiv="Content-Type" content="text/html;charset=utf-8" />
  <meta name='ocr-system' content='tesseract 3.04.00' />
  <meta name='ocr-capabilities' content='ocr_page ocr_carea ocr_par ocr_line ocrx_word'/>
</head>
<body>
  <div class='ocr_page' id='page_1' title='image "./povidiinasoniso04burmgoog_0336.png"; bbox 0 0 2812 5010; ppageno 0'>
   <div class='ocr_carea' id='block_1_1' title="bbox 260 324 1122 393">
    <p class='ocr_par' dir='ltr' id='par_1_1' title="bbox 260 324 1122 393">
     <span class='ocr_line' id='line_1_1' title="bbox 260 324 1122 393; baseline 0.005 -4"><span class='ocrx_word' id='word_1_1' title='bbox 260 325 730 393; x_wconf 79' lang='lat' dir='ltr'>METAMO&#39;RPHOSEON</span> <span class='ocrx_word' id='word_1_2' title='bbox 753 326 844 392; x_wconf 87' lang='lat' dir='ltr'><strong>LIB.</strong></span> <span class='ocrx_word' id='word_1_3' title='bbox 867 325 928 392; x_wconf 89' lang='lat' dir='ltr'>IV.</span> <span class='ocrx_word' id='word_1_4' title='bbox 1055 324 1122 393; x_wconf 67' lang='grc'>376</span> 
     </span>
    </p>
   </div>
   <div class='ocr_carea' id='block_1_2' title="bbox 151 494 1117 1401">
    <p class='ocr_par' dir='ltr' id='par_1_2' title="bbox 151 494 1117 1299">
     <span class='ocr_line' id='line_1_2' title="bbox 151 494 1117 598; baseline 0.004 -27"><span class='ocrx_word' id='word_1_5' title='bbox 151 494 270 572; x_wconf 81' lang='lat' dir='ltr'>irdere</span> <span class='ocrx_word' id='word_1_6' title='bbox 289 499 454 598; x_wconf 89' lang='lat' dir='ltr'>animos;</span> <span class='ocrx_word' id='word_1_7' title='bbox 484 502 685 598; x_wconf 88' lang='lat' dir='ltr'>cultusque</span> <span class='ocrx_word' id='word_1_8' title='bbox 703 499 931 598; x_wconf 88' lang='lat' dir='ltr'>habitusque</span> <span class='ocrx_word' id='word_1_9' title='bbox 950 501 1117 575; x_wconf 92' lang='lat' dir='ltr'>locorum</span> 
     </span>
     <span class='ocr_line' id='line_1_3' title="bbox 151 612 1117 716; baseline 0.006 -30"><span class='ocrx_word' id='word_1_10' title='bbox 151 612 218 688; x_wconf 86' lang='lat' dir='ltr'>erit</span> <span class='ocrx_word' id='word_1_11' title='bbox 235 614 489 704; x_wconf 83' lang='lat' dir='ltr'>Abantiades3</span> <span class='ocrx_word' id='word_1_12' title='bbox 519 617 701 715; x_wconf 85' lang='lat' dir='ltr'>quaerenti</span> <span class='ocrx_word' id='word_1_13' title='bbox 719 617 889 716; x_wconf 88' lang='lat' dir='ltr'>protinus</span> <span class='ocrx_word' id='word_1_14' title='bbox 907 640 1004 690; x_wconf 88' lang='lat' dir='ltr'>unus</span> <span class='ocrx_word' id='word_1_15' title='bbox 1044 618 1117 692; x_wconf 84' lang='lat'>766</span> 
     </span>
     <span class='ocr_line' id='line_1_4' title="bbox 151 730 1087 829; baseline 0.003 -27"><span class='ocrx_word' id='word_1_16' title='bbox 151 740 212 803; x_wconf 86' lang='lat' dir='ltr'>rat</span> <span class='ocrx_word' id='word_1_17' title='bbox 231 730 431 829; x_wconf 70' lang='lat' dir='ltr'>Lyncides</span> <span class='ocrx_word' id='word_1_18' title='bbox 451 756 650 829; x_wconf 90' lang='lat' dir='ltr'>moresque</span> <span class='ocrx_word' id='word_1_19' title='bbox 668 732 896 829; x_wconf 88' lang='lat' dir='ltr'>habitusque</span> <span class='ocrx_word' id='word_1_20' title='bbox 912 731 1087 806; x_wconf 91' lang='lat' dir='ltr'>virorum.</span> 
     </span>
     <span class='ocr_line' id='line_1_5' title="bbox 151 845 1104 937; baseline 0.002 -19"><span class='ocrx_word' id='word_1_21' title='bbox 151 870 169 918; x_wconf 86' lang='lat' dir='ltr'>e</span> <span class='ocrx_word' id='word_1_22' title='bbox 184 847 296 921; x_wconf 89' lang='lat' dir='ltr'>simul</span> <span class='ocrx_word' id='word_1_23' title='bbox 314 848 484 924; x_wconf 85' lang='lat' dir='ltr'>edocuit:</span> <span class='ocrx_word' id='word_1_24' title='bbox 515 857 540 886; x_wconf 90' lang='lat'><strong>“</strong></span> <span class='ocrx_word' id='word_1_25' title='bbox 557 848 682 937; x_wconf 88' lang='lat' dir='ltr'>Nunc,</span> <span class='ocrx_word' id='word_1_26' title='bbox 698 874 721 922; x_wconf 94' lang='lat' dir='ltr'>o</span> <span class='ocrx_word' id='word_1_27' title='bbox 738 847 977 935; x_wconf 88' lang='lat' dir='ltr'>fortissime,&#39;&#39;</span> <span class='ocrx_word' id='word_1_28' title='bbox 995 845 1104 934; x_wconf 80' lang='lat' dir='ltr'><strong>dixit,</strong></span> 
     </span>
     <span class='ocr_line' id='line_1_6' title="bbox 151 964 1116 1062; baseline 0.002 -28"><span class='ocrx_word' id='word_1_29' title='bbox 151 985 224 1052; x_wconf 89' lang='lat' dir='ltr'>are,</span> <span class='ocrx_word' id='word_1_30' title='bbox 246 988 389 1061; x_wconf 84' lang='lat' dir='ltr'><strong>precor,</strong></span> <span class='ocrx_word' id='word_1_31' title='bbox 404 964 560 1052; x_wconf 86' lang='lat' dir='ltr'>Persea,</span> <span class='ocrx_word' id='word_1_32' title='bbox 576 975 717 1062; x_wconf 87' lang='lat' dir='ltr'>quanta</span> <span class='ocrx_word' id='word_1_33' title='bbox 732 964 881 1052; x_wconf 89' lang='lat' dir='ltr'>virtute,</span> <span class='ocrx_word' id='word_1_34' title='bbox 900 964 1116 1060; x_wconf 86' lang='lat' dir='ltr'>quibusque</span> 
     </span>
     <span class='ocr_line' id='line_1_7' title="bbox 151 1076 1116 1164; baseline 0.004 -15"><span class='ocrx_word' id='word_1_35' title='bbox 151 1076 229 1164; x_wconf 84' lang='lat' dir='ltr'>ibus</span> <span class='ocrx_word' id='word_1_36' title='bbox 247 1079 447 1153; x_wconf 81' lang='lat' dir='ltr'>abstuleris</span> <span class='ocrx_word' id='word_1_37' title='bbox 465 1079 598 1154; x_wconf 88' lang='lat' dir='ltr'>crinita</span> <span class='ocrx_word' id='word_1_38' title='bbox 614 1079 839 1154; x_wconf 67' lang='lat' dir='ltr'>draconibus</span> <span class='ocrx_word' id='word_1_39' title='bbox 856 1079 958 1153; x_wconf 88' lang='lat' dir='ltr'>ora.&#39;’</span> <span class='ocrx_word' id='word_1_40' title='bbox 1042 1083 1116 1154; x_wconf 84' lang='lat'>770</span> 
     </span>
     <span class='ocr_line' id='line_1_8' title="bbox 152 1193 1078 1299; baseline 0.005 -35"><span class='ocrx_word' id='word_1_41' title='bbox 152 1204 209 1266; x_wconf 89' lang='lat' dir='ltr'>rat</span> <span class='ocrx_word' id='word_1_42' title='bbox 227 1193 471 1290; x_wconf 71' lang='lat' dir='ltr'>Agenorides</span> <span class='ocrx_word' id='word_1_43' title='bbox 490 1195 614 1299; x_wconf 80' lang='lat' dir='ltr'>gelido</span> <span class='ocrx_word' id='word_1_44' title='bbox 633 1197 703 1270; x_wconf 93' lang='lat' dir='ltr'>sub</span> <span class='ocrx_word' id='word_1_45' title='bbox 722 1195 874 1269; x_wconf 89' lang='lat' dir='ltr'>Atlante</span> <span class='ocrx_word' id='word_1_46' title='bbox 887 1197 1078 1294; x_wconf 86' lang='lat' dir='ltr'>jacentem</span> 
     </span>
    </p>

    <p class='ocr_par' dir='ltr' id='par_1_3' title="bbox 151 1310 986 1401">
     <span class='ocr_line' id='line_1_9' title="bbox 151 1310 986 1401; baseline 0.004 -18"><span class='ocrx_word' id='word_1_47' title='bbox 151 1332 168 1383; x_wconf 87' lang='lat' dir='ltr'>e</span> <span class='ocrx_word' id='word_1_48' title='bbox 186 1310 322 1399; x_wconf 89' lang='lat' dir='ltr'>locum,</span> <span class='ocrx_word' id='word_1_49' title='bbox 342 1312 471 1387; x_wconf 84' lang='lat' dir='ltr'>solidae</span> <span class='ocrx_word' id='word_1_50' title='bbox 488 1323 611 1386; x_wconf 91' lang='lat' dir='ltr'>tutum</span> <span class='ocrx_word' id='word_1_51' title='bbox 630 1312 833 1386; x_wconf 86' lang='lat' dir='ltr'>munimine</span> <span class='ocrx_word' id='word_1_52' title='bbox 848 1311 958 1386; x_wconf 90' lang='lat' dir='ltr'>molis</span> <span class='ocrx_word' id='word_1_53' title='bbox 969 1338 986 1401; x_wconf 45' lang='lat'>3&gt;</span> 
     </span>
    </p>
   </div>
   <div class='ocr_carea' id='block_1_3' title="bbox 150 1545 1115 4266">
    <p class='ocr_par' dir='ltr' id='par_1_4' title="bbox 150 1545 1115 4266">
     <span class='ocr_line' id='line_1_10' title="bbox 151 1545 1114 1614; baseline 0 -20"><span class='ocrx_word' id='word_1_54' title='bbox 151 1545 240 1595; x_wconf 84' lang='lat'><strong>-767.</strong></span> <span class='ocrx_word' id='word_1_55' title='bbox 259 1546 316 1596; x_wconf 89' lang='lat' dir='ltr'>Post</span> <span class='ocrx_word' id='word_1_56' title='bbox 325 1547 402 1597; x_wconf 87' lang='lat' dir='ltr'>varias</span> <span class='ocrx_word' id='word_1_57' title='bbox 416 1548 531 1598; x_wconf 87' lang='lat' dir='ltr'>lectiones</span> <span class='ocrx_word' id='word_1_58' title='bbox 544 1558 568 1598; x_wconf 89' lang='lat' dir='ltr'>et</span> <span class='ocrx_word' id='word_1_59' title='bbox 618 1557 642 1598; x_wconf 88' lang='lat' dir='ltr'>et</span> <span class='ocrx_word' id='word_1_60' title='bbox 656 1546 790 1614; x_wconf 86' lang='lat' dir='ltr'>sequentia,</span> <span class='ocrx_word' id='word_1_61' title='bbox 804 1547 860 1602; x_wconf 83' lang='lat' dir='ltr'>Quo</span> <span class='ocrx_word' id='word_1_62' title='bbox 873 1547 942 1596; x_wconf 78' lang='lat' dir='ltr'>simol</span> <span class='ocrx_word' id='word_1_63' title='bbox 955 1548 1054 1602; x_wconf 77' lang='lat' dir='ltr'>edocuit,</span> <span class='ocrx_word' id='word_1_64' title='bbox 1065 1552 1114 1596; x_wconf 87' lang='lat' dir='ltr'>etc.</span> 
     </span>
     <span class='ocr_line' id='line_1_11' title="bbox 151 1618 1115 1689; baseline 0.002 -21"><span class='ocrx_word' id='word_1_65' title='bbox 151 1628 281 1677; x_wconf 69' lang='lat' dir='ltr'>aestatum</span> <span class='ocrx_word' id='word_1_66' title='bbox 291 1622 378 1679; x_wconf 90' lang='lat' dir='ltr'>locum,</span> <span class='ocrx_word' id='word_1_67' title='bbox 387 1621 568 1673; x_wconf 87' lang='lat' dir='ltr'>omninoturba·</span> <span class='ocrx_word' id='word_1_68' title='bbox 618 1623 724 1689; x_wconf 87' lang='lat' dir='ltr'>apprime</span> <span class='ocrx_word' id='word_1_69' title='bbox 735 1638 789 1673; x_wconf 90' lang='lat' dir='ltr'>curn</span> <span class='ocrx_word' id='word_1_70' title='bbox 805 1618 1001 1671; x_wconf 76' lang='lat' dir='ltr'>antecedentibus</span> <span class='ocrx_word' id='word_1_71' title='bbox 1016 1635 1115 1670; x_wconf 85' lang='lat' dir='ltr'>cousen-</span> 
     </span>
     <span class='ocr_line' id='line_1_12' title="bbox 151 1692 1112 1761; baseline 0 -17"><span class='ocrx_word' id='word_1_72' title='bbox 151 1710 176 1744; x_wconf 82' lang='lat' dir='ltr'>sx</span> <span class='ocrx_word' id='word_1_73' title='bbox 197 1694 282 1744; x_wconf 85' lang='lat' dir='ltr'>nostris</span> <span class='ocrx_word' id='word_1_74' title='bbox 303 1694 433 1745; x_wconf 89' lang='lat' dir='ltr'>Codicibus</span> <span class='ocrx_word' id='word_1_75' title='bbox 450 1697 567 1761; x_wconf 86' lang='lat' dir='ltr'>integrum</span> <span class='ocrx_word' id='word_1_76' title='bbox 616 1697 687 1746; x_wconf 86' lang='lat' dir='ltr'>tiunt.</span> <span class='ocrx_word' id='word_1_77' title='bbox 728 1697 849 1761; x_wconf 63' lang='lat' dir='ltr'>Iqacides,</span> <span class='ocrx_word' id='word_1_78' title='bbox 870 1702 912 1744; x_wconf 86' lang='lat' dir='ltr'>aut</span> <span class='ocrx_word' id='word_1_79' title='bbox 931 1692 1022 1760; x_wconf 79' lang='lat' dir='ltr'>Lyncei</span> <span class='ocrx_word' id='word_1_80' title='bbox 1040 1693 1112 1751; x_wconf 84' lang='lat' dir='ltr'>lilius,</span> 
     </span>
     <span class='ocr_line' id='line_1_13' title="bbox 151 1767 1010 1836; baseline -0.002 -17"><span class='ocrx_word' id='word_1_81' title='bbox 151 1771 284 1826; x_wconf 76' lang='lat' dir='ltr'>turarimus,</span> <span class='ocrx_word' id='word_1_82' title='bbox 302 1779 329 1818; x_wconf 87' lang='lat' dir='ltr'>ut</span> <span class='ocrx_word' id='word_1_83' title='bbox 346 1786 375 1818; x_wconf 86' lang='lat' dir='ltr'>ex</span> <span class='ocrx_word' id='word_1_84' title='bbox 391 1771 567 1836; x_wconf 84' lang='lat' dir='ltr'>comparatione</span> <span class='ocrx_word' id='word_1_85' title='bbox 616 1780 658 1821; x_wconf 89' lang='lat' dir='ltr'>aut</span> <span class='ocrx_word' id='word_1_86' title='bbox 668 1779 732 1820; x_wconf 84' lang='lat' dir='ltr'>certe</span> <span class='ocrx_word' id='word_1_87' title='bbox 742 1785 826 1820; x_wconf 86' lang='lat' dir='ltr'>nomen</span> <span class='ocrx_word' id='word_1_88' title='bbox 837 1767 955 1835; x_wconf 77' lang='lat' dir='ltr'>proprium</span> <span class='ocrx_word' id='word_1_89' title='bbox 965 1776 1010 1817; x_wconf 89' lang='lat' dir='ltr'>est.</span> 
     </span>
     <span class='ocr_line' id='line_1_14' title="bbox 150 1838 1115 1908; baseline -0.001 -16"><span class='ocrx_word' id='word_1_90' title='bbox 150 1859 206 1893; x_wconf 86' lang='lat' dir='ltr'>vera</span> <span class='ocrx_word' id='word_1_91' title='bbox 215 1843 294 1907; x_wconf 85' lang='lat' dir='ltr'>detegi</span> <span class='ocrx_word' id='word_1_92' title='bbox 306 1844 387 1908; x_wconf 82' lang='lat' dir='ltr'>possit.</span> <span class='ocrx_word' id='word_1_93' title='bbox 420 1845 451 1892; x_wconf 89' lang='lat' dir='ltr'>Et</span> <span class='ocrx_word' id='word_1_94' title='bbox 464 1844 566 1908; x_wconf 88' lang='lat' dir='ltr'>primurn</span> <span class='ocrx_word' id='word_1_95' title='bbox 649 1838 706 1893; x_wconf 82' lang='lat'><strong>769.</strong></span> <span class='ocrx_word' id='word_1_96' title='bbox 724 1843 780 1892; x_wconf 92' lang='lat' dir='ltr'>Non</span> <span class='ocrx_word' id='word_1_97' title='bbox 796 1851 846 1892; x_wconf 86' lang='lat' dir='ltr'>tam</span> <span class='ocrx_word' id='word_1_98' title='bbox 863 1844 1039 1906; x_wconf 67' lang='lat' dir='ltr'>simeonquam</span> <span class='ocrx_word' id='word_1_99' title='bbox 1055 1845 1115 1891; x_wconf 87' lang='lat' dir='ltr'>arti·</span> 
     </span>
     <span class='ocr_line' id='line_1_15' title="bbox 159 1916 1113 1983; baseline 0.002 -18"><span class='ocrx_word' id='word_1_100' title='bbox 159 1917 253 1983; x_wconf 78' lang='lat' dir='ltr'>Regius</span> <span class='ocrx_word' id='word_1_101' title='bbox 267 1919 289 1965; x_wconf 94' lang='lat' dir='ltr'>B</span> <span class='ocrx_word' id='word_1_102' title='bbox 299 1917 372 1967; x_wconf 87' lang='lat' dir='ltr'>habet</span> <span class='ocrx_word' id='word_1_103' title='bbox 383 1918 505 1983; x_wconf 84' lang='lat' dir='ltr'>Diffodaro</span> <span class='ocrx_word' id='word_1_104' title='bbox 515 1921 566 1967; x_wconf 84' lang='lat' dir='ltr'>ooi-</span> <span class='ocrx_word' id='word_1_105' title='bbox 616 1921 664 1974; x_wconf 84' lang='lat' dir='ltr'>bos,</span> <span class='ocrx_word' id='word_1_106' title='bbox 674 1919 700 1968; x_wconf 90' lang='lat' dir='ltr'>in</span> <span class='ocrx_word' id='word_1_107' title='bbox 710 1918 756 1967; x_wconf 86' lang='lat' dir='ltr'>bac</span> <span class='ocrx_word' id='word_1_108' title='bbox 766 1933 791 1967; x_wconf 89' lang='lat' dir='ltr'>re</span> <span class='ocrx_word' id='word_1_109' title='bbox 801 1932 860 1982; x_wconf 91' lang='lat' dir='ltr'>opus</span> <span class='ocrx_word' id='word_1_110' title='bbox 869 1916 951 1973; x_wconf 78' lang='lat' dir='ltr'>fuisse,</span> <span class='ocrx_word' id='word_1_111' title='bbox 963 1916 1113 1982; x_wconf 79' lang='lat' dir='ltr'>erApollod.</span> 
     </span>
     <span class='ocr_line' id='line_1_16' title="bbox 151 1988 1111 2059; baseline 0 -19"><span class='ocrx_word' id='word_1_112' title='bbox 151 1993 259 2055; x_wconf 50' lang='lat' dir='ltr'>*altarqaa</span> <span class='ocrx_word' id='word_1_113' title='bbox 268 2007 381 2057; x_wconf 79' lang='lat' dir='ltr'>genasque</span> <span class='ocrx_word' id='word_1_114' title='bbox 391 1993 489 2040; x_wconf 77' lang='lat' dir='ltr'>borram</span> <span class='ocrx_word' id='word_1_115' title='bbox 498 1991 565 2046; x_wconf 82' lang='lat' dir='ltr'>Qua·</span> <span class='ocrx_word' id='word_1_116' title='bbox 592 2033 593 2036; x_wconf 67' lang='grc'>,</span> <span class='ocrx_word' id='word_1_117' title='bbox 615 2000 722 2059; x_wconf 85' lang='lat' dir='ltr'>apparet.</span> <span class='ocrx_word' id='word_1_118' title='bbox 731 1992 784 2041; x_wconf 84' lang='lat' dir='ltr'>Nec</span> <span class='ocrx_word' id='word_1_119' title='bbox 791 1988 900 2056; x_wconf 88' lang='lat' dir='ltr'>Orpheus</span> <span class='ocrx_word' id='word_1_120' title='bbox 910 1989 1040 2056; x_wconf 86' lang='lat' dir='ltr'>quidquam</span> <span class='ocrx_word' id='word_1_121' title='bbox 1049 2007 1111 2056; x_wconf 78' lang='lat' dir='ltr'>prra-</span> 
     </span>
     <span class='ocr_line' id='line_1_17' title="bbox 151 2065 1113 2129; baseline -0.001 -14"><span class='ocrx_word' id='word_1_122' title='bbox 151 2069 268 2121; x_wconf 79' lang='lat' dir='ltr'>taatr&#39;odas,</span> <span class='ocrx_word' id='word_1_123' title='bbox 286 2082 398 2128; x_wconf 75' lang='lat' dir='ltr'>morasque</span> <span class='ocrx_word' id='word_1_124' title='bbox 420 2069 565 2129; x_wconf 77' lang='lat' dir='ltr'>animamque</span> <span class='ocrx_word' id='word_1_125' title='bbox 613 2075 649 2117; x_wconf 90' lang='lat' dir='ltr'>ter</span> <span class='ocrx_word' id='word_1_126' title='bbox 669 2065 745 2116; x_wconf 82' lang='grc' dir='ltr'>δόλον</span> <span class='ocrx_word' id='word_1_127' title='bbox 763 2071 886 2114; x_wconf 87' lang='lat' dir='ltr'>memorat.</span> <span class='ocrx_word' id='word_1_128' title='bbox 926 2065 1012 2113; x_wconf 88' lang='lat' dir='ltr'>Jussus</span> <span class='ocrx_word' id='word_1_129' title='bbox 1032 2073 1113 2114; x_wconf 86' lang='lat' dir='ltr'>autem</span> 
     </span>
     <span class='ocr_line' id='line_1_18' title="bbox 151 2137 1114 2206; baseline 0 -17"><span class='ocrx_word' id='word_1_130' title='bbox 151 2158 173 2189; x_wconf 85' lang='lat' dir='ltr'>rr.</span> <span class='ocrx_word' id='word_1_131' title='bbox 201 2140 234 2188; x_wconf 91' lang='lat' dir='ltr'>Et</span> <span class='ocrx_word' id='word_1_132' title='bbox 244 2139 326 2188; x_wconf 85' lang='lat' dir='ltr'>Codex</span> <span class='ocrx_word' id='word_1_133' title='bbox 342 2138 480 2202; x_wconf 85' lang='lat' dir='ltr'>RegiusA:</span> <span class='ocrx_word' id='word_1_134' title='bbox 507 2140 564 2205; x_wconf 78' lang='lat' dir='ltr'>le&#39;</span> <span class='ocrx_word' id='word_1_135' title='bbox 613 2150 664 2191; x_wconf 88' lang='lat' dir='ltr'>erat</span> <span class='ocrx_word' id='word_1_136' title='bbox 681 2157 696 2190; x_wconf 89' lang='lat' dir='ltr'>a</span> <span class='ocrx_word' id='word_1_137' title='bbox 711 2139 841 2205; x_wconf 81' lang='lat' dir='ltr'>Polydecte</span> <span class='ocrx_word' id='word_1_138' title='bbox 858 2138 943 2186; x_wconf 83' lang='lat' dir='ltr'>afferre</span> <span class='ocrx_word' id='word_1_139' title='bbox 955 2137 1017 2186; x_wconf 92' lang='lat' dir='ltr'>illud</span> <span class='ocrx_word' id='word_1_140' title='bbox 1031 2147 1114 2206; x_wconf 81' lang='lat' dir='ltr'>caput,</span> 
     </span>
     <span class='ocr_line' id='line_1_19' title="bbox 151 2211 1111 2281; baseline 0.001 -16"><span class='ocrx_word' id='word_1_141' title='bbox 151 2232 162 2266; x_wconf 74' lang='lat' dir='ltr'>a</span> <span class='ocrx_word' id='word_1_142' title='bbox 175 2219 268 2281; x_wconf 72' lang='lat' dir='ltr'>arnimar,</span> <span class='ocrx_word' id='word_1_143' title='bbox 279 2217 397 2278; x_wconf 80' lang='lat' dir='ltr'>cultorque</span> <span class='ocrx_word' id='word_1_144' title='bbox 406 2231 520 2279; x_wconf 74' lang='lat' dir='ltr'>garrisque</span> <span class='ocrx_word' id='word_1_145' title='bbox 531 2217 564 2263; x_wconf 87' lang='lat' dir='ltr'>lo·</span> <span class='ocrx_word' id='word_1_146' title='bbox 613 2216 676 2281; x_wconf 89' lang='lat' dir='ltr'>quod</span> <span class='ocrx_word' id='word_1_147' title='bbox 686 2223 737 2264; x_wconf 90' lang='lat' dir='ltr'>tum</span> <span class='ocrx_word' id='word_1_148' title='bbox 754 2214 816 2262; x_wconf 76' lang='lat' dir='ltr'>inter</span> <span class='ocrx_word' id='word_1_149' title='bbox 832 2211 945 2263; x_wconf 77' lang='grc' dir='ltr'>ἀδύνατα</span> <span class='ocrx_word' id='word_1_150' title='bbox 959 2213 1111 2266; x_wconf 77' lang='lat' dir='ltr'>referebatur.</span> 
     </span>
     <span class='ocr_line' id='line_1_20' title="bbox 164 2287 1111 2353; baseline -0.001 -15"><span class='ocrx_word' id='word_1_151' title='bbox 164 2289 253 2344; x_wconf 80' lang='lat' dir='ltr'>Quarlt</span> <span class='ocrx_word' id='word_1_152' title='bbox 270 2290 424 2346; x_wconf 59' lang='lat' dir='ltr'>Atratinum</span> <span class='ocrx_word' id='word_1_153' title='bbox 451 2305 563 2351; x_wconf 78' lang='lat' dir='ltr'>moresque</span> <span class='ocrx_word' id='word_1_154' title='bbox 613 2291 706 2339; x_wconf 79' lang='lat' dir='ltr'>Crinito</span> <span class='ocrx_word' id='word_1_155' title='bbox 723 2289 865 2343; x_wconf 78' lang='lat' dir='ltr'>draconibus,</span> <span class='ocrx_word' id='word_1_156' title='bbox 882 2297 962 2351; x_wconf 86' lang='lat' dir='ltr'>caput,</span> <span class='ocrx_word' id='word_1_157' title='bbox 980 2287 1048 2353; x_wconf 84' lang='lat' dir='ltr'>cujus</span> <span class='ocrx_word' id='word_1_158' title='bbox 1065 2289 1111 2337; x_wconf 90' lang='lat' dir='ltr'>cri-</span> 
     </span>
     <span class='ocr_line' id='line_1_21' title="bbox 151 2360 1111 2427; baseline 0.003 -16"><span class='ocrx_word' id='word_1_159' title='bbox 151 2365 326 2427; x_wconf 79' lang='lat' dir='ltr'>aqacoirorum.</span> <span class='ocrx_word' id='word_1_160' title='bbox 359 2363 416 2410; x_wconf 91' lang='lat' dir='ltr'>Post</span> <span class='ocrx_word' id='word_1_161' title='bbox 429 2362 493 2411; x_wconf 91' lang='lat' dir='ltr'>hunc</span> <span class='ocrx_word' id='word_1_162' title='bbox 507 2362 563 2411; x_wconf 89' lang='lat' dir='ltr'>ulti·</span> <span class='ocrx_word' id='word_1_163' title='bbox 613 2364 682 2413; x_wconf 87' lang='lat' dir='ltr'>nibus</span> <span class='ocrx_word' id='word_1_164' title='bbox 703 2360 803 2411; x_wconf 80' lang='lat' dir='ltr'>immixti</span> <span class='ocrx_word' id='word_1_165' title='bbox 825 2361 945 2418; x_wconf 88' lang='lat' dir='ltr'>dracones,</span> <span class='ocrx_word' id='word_1_166' title='bbox 964 2377 1034 2410; x_wconf 83' lang='lat' dir='ltr'>versu</span> <span class='ocrx_word' id='word_1_167' title='bbox 1054 2363 1111 2414; x_wconf 84' lang='grc'>791.</span> 
     </span>
     <span class='ocr_line' id='line_1_22' title="bbox 151 2435 1109 2504; baseline -0.002 -16"><span class='ocrx_word' id='word_1_168' title='bbox 151 2453 240 2494; x_wconf 73' lang='lat' dir='ltr'>amum,</span> <span class='ocrx_word' id='word_1_169' title='bbox 248 2435 393 2487; x_wconf 88' lang='lat' dir='ltr'>interlineas</span> <span class='ocrx_word' id='word_1_170' title='bbox 403 2445 427 2486; x_wconf 92' lang='lat' dir='ltr'>et</span> <span class='ocrx_word' id='word_1_171' title='bbox 438 2438 566 2489; x_wconf 90' lang='lat' dir='ltr'>esecunda</span> <span class='ocrx_word' id='word_1_172' title='bbox 613 2437 727 2504; x_wconf 89' lang='lat' dir='ltr'>Apollod.</span> <span class='ocrx_word' id='word_1_173' title='bbox 738 2454 751 2485; x_wconf 94' lang='lat' dir='ltr'>e</span> <span class='ocrx_word' id='word_1_174' title='bbox 762 2444 833 2502; x_wconf 83' lang='lat' dir='ltr'>poeta</span> <span class='ocrx_word' id='word_1_175' title='bbox 848 2435 935 2500; x_wconf 87' lang='lat' dir='ltr'>aliquo,</span> <span class='ocrx_word' id='word_1_176' title='bbox 946 2437 1054 2500; x_wconf 78' lang='grc' dir='ltr'>κεφαλὰς</span> <span class='ocrx_word' id='word_1_177' title='bbox 1064 2455 1109 2488; x_wconf 84' lang='grc' dir='ltr'>πε-</span> 
     </span>
     <span class='ocr_line' id='line_1_23' title="bbox 151 2508 1066 2580; baseline 0.001 -19"><span class='ocrx_word' id='word_1_178' title='bbox 151 2536 152 2540; x_wconf 65' lang='lat'>,</span> <span class='ocrx_word' id='word_1_179' title='bbox 181 2512 272 2561; x_wconf 79' lang='lat' dir='ltr'>Narrat</span> <span class='ocrx_word' id='word_1_180' title='bbox 299 2512 429 2575; x_wconf 75' lang='lat' dir='ltr'>Lynciddas</span> <span class='ocrx_word' id='word_1_181' title='bbox 452 2527 564 2574; x_wconf 76' lang='lat' dir='ltr'>morasque</span> <span class='ocrx_word' id='word_1_182' title='bbox 613 2510 903 2580; x_wconf 66' lang='grc' dir='ltr'>ριεσπειραμέναςφολίσι</span> <span class='ocrx_word' id='word_1_183' title='bbox 913 2508 1066 2575; x_wconf 79' lang='grc' dir='ltr'>δρακόντων.</span> 
     </span>
     <span class='ocr_line' id='line_1_24' title="bbox 151 2585 1109 2652; baseline 0.003 -18"><span class='ocrx_word' id='word_1_184' title='bbox 151 2591 306 2651; x_wconf 69' lang='lat' dir='ltr'>postrorum.</span> <span class='ocrx_word' id='word_1_185' title='bbox 323 2587 390 2634; x_wconf 88' lang='lat' dir='ltr'>Male</span> <span class='ocrx_word' id='word_1_186' title='bbox 399 2603 405 2644; x_wconf 86' lang='grc'><strong>;</strong></span> <span class='ocrx_word' id='word_1_187' title='bbox 416 2601 471 2633; x_wconf 89' lang='lat' dir='ltr'>nam</span> <span class='ocrx_word' id='word_1_188' title='bbox 479 2585 562 2634; x_wconf 84' lang='lat' dir='ltr'>Aban·</span> <span class='ocrx_word' id='word_1_189' title='bbox 646 2590 701 2637; x_wconf 89' lang='grc'><strong>771.</strong></span> <span class='ocrx_word' id='word_1_190' title='bbox 712 2586 784 2652; x_wconf 83' lang='lat' dir='ltr'>Regii</span> <span class='ocrx_word' id='word_1_191' title='bbox 792 2586 864 2639; x_wconf 82' lang='lat' dir='ltr'>nostri</span> <span class='ocrx_word' id='word_1_192' title='bbox 871 2587 1026 2650; x_wconf 77' lang='lat' dir='ltr'>Agenoridas3</span> <span class='ocrx_word' id='word_1_193' title='bbox 1036 2596 1109 2646; x_wconf 88' lang='lat' dir='ltr'>recte,</span> 
     </span>
     <span class='ocr_line' id='line_1_25' title="bbox 151 2659 1108 2728; baseline -0.003 -14"><span class='ocrx_word' id='word_1_194' title='bbox 151 2661 237 2726; x_wconf 73' lang='lat' dir='ltr'>quaerit</span> <span class='ocrx_word' id='word_1_195' title='bbox 246 2661 326 2708; x_wconf 76' lang='lat' dir='ltr'>cultus</span> <span class='ocrx_word' id='word_1_196' title='bbox 337 2659 450 2714; x_wconf 68' lang='grc'>1000111111.</span> <span class='ocrx_word' id='word_1_197' title='bbox 461 2666 486 2706; x_wconf 74' lang='lat' dir='ltr'>et</span> <span class='ocrx_word' id='word_1_198' title='bbox 495 2659 560 2723; x_wconf 79' lang='lat' dir='ltr'>Lyn·</span> <span class='ocrx_word' id='word_1_199' title='bbox 610 2678 665 2711; x_wconf 88' lang='lat' dir='ltr'>nam</span> <span class='ocrx_word' id='word_1_200' title='bbox 675 2663 706 2711; x_wconf 91' lang='lat' dir='ltr'>ab</span> <span class='ocrx_word' id='word_1_201' title='bbox 716 2660 825 2726; x_wconf 82' lang='lat' dir='ltr'>Agenore</span> <span class='ocrx_word' id='word_1_202' title='bbox 840 2661 949 2716; x_wconf 86' lang='lat' dir='ltr'>Danaus,</span> <span class='ocrx_word' id='word_1_203' title='bbox 959 2660 1039 2710; x_wconf 86' lang='lat' dir='ltr'>Persei</span> <span class='ocrx_word' id='word_1_204' title='bbox 1054 2678 1108 2728; x_wconf 92' lang='lat' dir='ltr'>pro-</span> 
     </span>
     <span class='ocr_line' id='line_1_26' title="bbox 155 2730 1109 2799; baseline 0.007 -20"><span class='ocrx_word' id='word_1_205' title='bbox 155 2734 227 2784; x_wconf 80' lang='lat' dir='ltr'>aliam</span> <span class='ocrx_word' id='word_1_206' title='bbox 237 2749 330 2799; x_wconf 87' lang='lat' dir='ltr'>prorsus</span> <span class='ocrx_word' id='word_1_207' title='bbox 340 2749 389 2781; x_wconf 86' lang='lat' dir='ltr'>rem</span> <span class='ocrx_word' id='word_1_208' title='bbox 400 2731 504 2797; x_wconf 82' lang='lat' dir='ltr'>exponit,</span> <span class='ocrx_word' id='word_1_209' title='bbox 514 2730 560 2780; x_wconf 88' lang='lat' dir='ltr'>sci·</span> <span class='ocrx_word' id='word_1_210' title='bbox 610 2751 677 2793; x_wconf 83' lang='lat' dir='ltr'>avus,</span> <span class='ocrx_word' id='word_1_211' title='bbox 687 2734 808 2784; x_wconf 85' lang='lat' dir='ltr'>oriundus.</span> <span class='ocrx_word' id='word_1_212' title='bbox 841 2733 871 2782; x_wconf 91' lang='lat' dir='ltr'>In</span> <span class='ocrx_word' id='word_1_213' title='bbox 886 2748 923 2789; x_wconf 91' lang='lat' dir='ltr'>ea,</span> <span class='ocrx_word' id='word_1_214' title='bbox 935 2749 988 2797; x_wconf 82' lang='lat' dir='ltr'>quae</span> <span class='ocrx_word' id='word_1_215' title='bbox 1000 2734 1056 2785; x_wconf 88' lang='lat' dir='ltr'>hinc</span> <span class='ocrx_word' id='word_1_216' title='bbox 1071 2752 1109 2786; x_wconf 85' lang='lat' dir='ltr'>se·</span> 
     </span>
     <span class='ocr_line' id='line_1_27' title="bbox 151 2805 1109 2875; baseline 0.003 -17"><span class='ocrx_word' id='word_1_217' title='bbox 151 2807 313 2858; x_wconf 86' lang='lat' dir='ltr'>oresvirorum.</span> <span class='ocrx_word' id='word_1_218' title='bbox 324 2805 561 2870; x_wconf 85' lang='lat' dir='ltr'>Vulgatatrashabet</span> <span class='ocrx_word' id='word_1_219' title='bbox 609 2810 697 2875; x_wconf 88' lang='lat' dir='ltr'>quitur,</span> <span class='ocrx_word' id='word_1_220' title='bbox 708 2808 841 2858; x_wconf 83' lang='lat' dir='ltr'>narratione</span> <span class='ocrx_word' id='word_1_221' title='bbox 856 2815 941 2873; x_wconf 74' lang='lat' dir='ltr'>prater</span> <span class='ocrx_word' id='word_1_222' title='bbox 958 2817 1109 2874; x_wconf 84' lang='lat' dir='ltr'>expectatum</span> 
     </span>
     <span class='ocr_line' id='line_1_28' title="bbox 151 2879 1109 2948; baseline 0.007 -20"><span class='ocrx_word' id='word_1_223' title='bbox 151 2899 248 2948; x_wconf 83' lang='lat' dir='ltr'>quorum</span> <span class='ocrx_word' id='word_1_224' title='bbox 257 2879 560 2945; x_wconf 81' lang='lat' dir='ltr'>unussaltemspuriusest.</span> <span class='ocrx_word' id='word_1_225' title='bbox 608 2884 687 2934; x_wconf 87' lang='lat' dir='ltr'>brevis</span> <span class='ocrx_word' id='word_1_226' title='bbox 707 2889 744 2933; x_wconf 68' lang='lat' dir='ltr'>ast</span> <span class='ocrx_word' id='word_1_227' title='bbox 766 2881 876 2940; x_wconf 87' lang='lat' dir='ltr'>Ovidius,</span> <span class='ocrx_word' id='word_1_228' title='bbox 896 2896 1033 2948; x_wconf 83' lang='lat' dir='ltr'>quanquam</span> <span class='ocrx_word' id='word_1_229' title='bbox 1053 2885 1109 2938; x_wconf 78' lang='lat' dir='ltr'>Me·</span> 
     </span>
     <span class='ocr_line' id='line_1_29' title="bbox 151 2954 1109 3025; baseline -0.004 -19"><span class='ocrx_word' id='word_1_230' title='bbox 151 2965 240 3008; x_wconf 77' lang='lat' dir='ltr'>raserat</span> <span class='ocrx_word' id='word_1_231' title='bbox 249 2956 335 3004; x_wconf 88' lang='lat' dir='ltr'>dicere.</span> <span class='ocrx_word' id='word_1_232' title='bbox 342 2957 493 3003; x_wconf 82' lang='lat' dir='ltr'>Abantiadam</span> <span class='ocrx_word' id='word_1_233' title='bbox 500 2972 559 3018; x_wconf 82' lang='lat' dir='ltr'>qao·</span> <span class='ocrx_word' id='word_1_234' title='bbox 609 2960 674 3009; x_wconf 65' lang='lat' dir='ltr'>duaa</span> <span class='ocrx_word' id='word_1_235' title='bbox 685 2965 764 3025; x_wconf 73' lang='lat' dir='ltr'>caput,</span> <span class='ocrx_word' id='word_1_236' title='bbox 775 2954 870 3022; x_wconf 70' lang='lat' dir='ltr'>piopter</span> <span class='ocrx_word' id='word_1_237' title='bbox 879 2955 927 3006; x_wconf 89' lang='lat' dir='ltr'>vim</span> <span class='ocrx_word' id='word_1_238' title='bbox 939 2956 1047 3006; x_wconf 83' lang='lat' dir='ltr'>mutandi</span> <span class='ocrx_word' id='word_1_239' title='bbox 1057 2974 1109 3009; x_wconf 75' lang='lat' dir='ltr'>eor.</span> 
     </span>
     <span class='ocr_line' id='line_1_30' title="bbox 155 3028 1108 3099; baseline 0.003 -20"><span class='ocrx_word' id='word_1_240' title='bbox 155 3049 229 3080; x_wconf 76' lang='lat' dir='ltr'>carim</span> <span class='ocrx_word' id='word_1_241' title='bbox 235 3032 371 3093; x_wconf 81' lang='lat' dir='ltr'>Lynciddro</span> <span class='ocrx_word' id='word_1_242' title='bbox 381 3028 403 3077; x_wconf 90' lang='lat' dir='ltr'>ei</span> <span class='ocrx_word' id='word_1_243' title='bbox 413 3031 558 3090; x_wconf 73' lang='lat' dir='ltr'>respondisse,</span> <span class='ocrx_word' id='word_1_244' title='bbox 609 3049 674 3099; x_wconf 87' lang='lat' dir='ltr'>pora,</span> <span class='ocrx_word' id='word_1_245' title='bbox 684 3031 800 3097; x_wconf 87' lang='lat' dir='ltr'>inprimis</span> <span class='ocrx_word' id='word_1_246' title='bbox 810 3029 963 3079; x_wconf 85' lang='lat' dir='ltr'>memorabile</span> <span class='ocrx_word' id='word_1_247' title='bbox 979 3031 1005 3079; x_wconf 93' lang='lat' dir='ltr'>in</span> <span class='ocrx_word' id='word_1_248' title='bbox 1020 3033 1108 3098; x_wconf 83' lang='lat' dir='ltr'>mythi-</span> 
     </span>
     <span class='ocr_line' id='line_1_31' title="bbox 151 3100 1109 3170; baseline -0.003 -16"><span class='ocrx_word' id='word_1_249' title='bbox 151 3108 214 3154; x_wconf 73' lang='lat' dir='ltr'>raso</span> <span class='ocrx_word' id='word_1_250' title='bbox 220 3119 271 3162; x_wconf 89' lang='lat' dir='ltr'>,·ea</span> <span class='ocrx_word' id='word_1_251' title='bbox 281 3103 351 3151; x_wconf 82' lang='lat' dir='ltr'>facile</span> <span class='ocrx_word' id='word_1_252' title='bbox 361 3100 482 3150; x_wconf 87' lang='lat' dir='ltr'>subaudiri</span> <span class='ocrx_word' id='word_1_253' title='bbox 491 3112 557 3167; x_wconf 88' lang='lat' dir='ltr'>pote-</span> <span class='ocrx_word' id='word_1_254' title='bbox 608 3108 652 3158; x_wconf 72' lang='lat' dir='ltr'>cis.</span> <span class='ocrx_word' id='word_1_255' title='bbox 696 3107 783 3162; x_wconf 61' lang='lat' dir='ltr'>Ionem</span> <span class='ocrx_word' id='word_1_256' title='bbox 799 3109 933 3170; x_wconf 65' lang='lat' dir='ltr'>jacentem</span> <span class='ocrx_word' id='word_1_257' title='bbox 959 3105 1058 3170; x_wconf 83' lang='lat' dir='ltr'>planum</span> <span class='ocrx_word' id='word_1_258' title='bbox 1083 3117 1109 3160; x_wconf 69' lang='lat' dir='ltr'>et</span> 
     </span>
     <span class='ocr_line' id='line_1_32' title="bbox 151 3175 1107 3248; baseline -0.006 -19"><span class='ocrx_word' id='word_1_259' title='bbox 151 3179 214 3246; x_wconf 83' lang='lat' dir='ltr'>lpud</span> <span class='ocrx_word' id='word_1_260' title='bbox 225 3178 323 3226; x_wconf 82' lang='lat' dir='ltr'>Homer.</span> <span class='ocrx_word' id='word_1_261' title='bbox 335 3186 360 3225; x_wconf 90' lang='lat' dir='ltr'>et</span> <span class='ocrx_word' id='word_1_262' title='bbox 369 3175 439 3240; x_wconf 67' lang='lat' dir='ltr'>Virg,</span> <span class='ocrx_word' id='word_1_263' title='bbox 450 3175 559 3224; x_wconf 86' lang='lat' dir='ltr'>ridemus</span> <span class='ocrx_word' id='word_1_264' title='bbox 607 3181 737 3248; x_wconf 65' lang='lat' dir='ltr'>spatiosum</span> <span class='ocrx_word' id='word_1_265' title='bbox 763 3195 884 3245; x_wconf 81' lang='lat' dir='ltr'>campum.</span> <span class='ocrx_word' id='word_1_266' title='bbox 928 3179 1015 3229; x_wconf 73' lang='lat' dir='ltr'>Locum</span> <span class='ocrx_word' id='word_1_267' title='bbox 1038 3181 1107 3232; x_wconf 78' lang='lat' dir='ltr'>illum</span> 
     </span>
     <span class='ocr_line' id='line_1_33' title="bbox 151 3249 1107 3320; baseline -0.007 -13"><span class='ocrx_word' id='word_1_268' title='bbox 151 3271 156 3304; x_wconf 78' lang='lat' dir='ltr'>t</span> <span class='ocrx_word' id='word_1_269' title='bbox 166 3252 231 3302; x_wconf 81' lang='lat' dir='ltr'>modi</span> <span class='ocrx_word' id='word_1_270' title='bbox 241 3251 392 3307; x_wconf 69' lang='grc' dir='ltr'>111111101θὸ.</span> <span class='ocrx_word' id='word_1_271' title='bbox 403 3256 457 3315; x_wconf 69' lang='lat' dir='ltr'>1³0⁸t</span> <span class='ocrx_word' id='word_1_272' title='bbox 466 3249 557 3315; x_wconf 68' lang='grc'>1111111111.</span> <span class='ocrx_word' id='word_1_273' title='bbox 608 3255 753 3320; x_wconf 86' lang='lat' dir='ltr'>antiquiores</span> <span class='ocrx_word' id='word_1_274' title='bbox 763 3254 910 3303; x_wconf 83' lang='lat' dir='ltr'>collocabant</span> <span class='ocrx_word' id='word_1_275' title='bbox 920 3253 946 3300; x_wconf 91' lang='lat' dir='ltr'>in</span> <span class='ocrx_word' id='word_1_276' title='bbox 956 3253 1034 3304; x_wconf 90' lang='lat' dir='ltr'>insula</span> <span class='ocrx_word' id='word_1_277' title='bbox 1044 3256 1107 3307; x_wconf 84' lang='lat' dir='ltr'>Oce.</span> 
     </span>
     <span class='ocr_line' id='line_1_34' title="bbox 151 3324 1107 3395; baseline 0 -18"><span class='ocrx_word' id='word_1_278' title='bbox 151 3344 201 3394; x_wconf 85' lang='lat' dir='ltr'>que</span> <span class='ocrx_word' id='word_1_279' title='bbox 212 3336 321 3383; x_wconf 87' lang='lat' dir='ltr'>remotas,</span> <span class='ocrx_word' id='word_1_280' title='bbox 331 3324 382 3373; x_wconf 89' lang='lat' dir='ltr'>sine</span> <span class='ocrx_word' id='word_1_281' title='bbox 399 3340 443 3390; x_wconf 90' lang='lat' dir='ltr'>ope</span> <span class='ocrx_word' id='word_1_282' title='bbox 458 3324 556 3372; x_wconf 88' lang='lat' dir='ltr'>interro·</span> <span class='ocrx_word' id='word_1_283' title='bbox 608 3329 647 3378; x_wconf 84' lang='lat' dir='ltr'>ani</span> <span class='ocrx_word' id='word_1_284' title='bbox 657 3327 775 3377; x_wconf 81' lang='lat' dir='ltr'>Atlantici</span> <span class='ocrx_word' id='word_1_285' title='bbox 785 3327 897 3391; x_wconf 89' lang='lat' dir='ltr'>(Hesiod.</span> <span class='ocrx_word' id='word_1_286' title='bbox 908 3327 953 3375; x_wconf 86' lang='lat' dir='ltr'>Th.</span> <span class='ocrx_word' id='word_1_287' title='bbox 964 3326 989 3375; x_wconf 91' lang='lat' dir='ltr'>d.</span> <span class='ocrx_word' id='word_1_288' title='bbox 998 3329 1015 3377; x_wconf 88' lang='lat' dir='ltr'>l.</span> <span class='ocrx_word' id='word_1_289' title='bbox 1026 3327 1107 3395; x_wconf 80' lang='grc' dir='ltr'>πέρην</span> 
     </span>
     <span class='ocr_line' id='line_1_35' title="bbox 151 3397 1106 3463; baseline -0.003 -9"><span class='ocrx_word' id='word_1_290' title='bbox 151 3412 176 3452; x_wconf 83' lang='lat' dir='ltr'>et</span> <span class='ocrx_word' id='word_1_291' title='bbox 188 3404 218 3451; x_wconf 83' lang='lat' dir='ltr'>ab</span> <span class='ocrx_word' id='word_1_292' title='bbox 229 3416 277 3450; x_wconf 81' lang='lat' dir='ltr'>uno</span> <span class='ocrx_word' id='word_1_293' title='bbox 286 3416 315 3448; x_wconf 75' lang='lat' dir='ltr'>ex</span> <span class='ocrx_word' id='word_1_294' title='bbox 326 3397 473 3454; x_wconf 88' lang='lat' dir='ltr'>convivis,in</span> <span class='ocrx_word' id='word_1_295' title='bbox 483 3397 556 3447; x_wconf 75' lang='lat' dir='ltr'>hono·</span> <span class='ocrx_word' id='word_1_296' title='bbox 606 3401 755 3463; x_wconf 79' lang='grc' dir='ltr'>Ὠκεανοῖο,)</span> <span class='ocrx_word' id='word_1_297' title='bbox 769 3399 911 3449; x_wconf 88' lang='lat' dir='ltr'>recentiores</span> <span class='ocrx_word' id='word_1_298' title='bbox 928 3398 953 3447; x_wconf 92' lang='lat' dir='ltr'>in</span> <span class='ocrx_word' id='word_1_299' title='bbox 970 3401 1106 3452; x_wconf 90' lang='lat' dir='ltr'>continente</span> 
     </span>
     <span class='ocr_line' id='line_1_36' title="bbox 151 3472 1104 3540; baseline -0.007 -8"><span class='ocrx_word' id='word_1_300' title='bbox 151 3492 232 3532; x_wconf 77' lang='grc'>10111111.</span> <span class='ocrx_word' id='word_1_301' title='bbox 242 3475 281 3523; x_wconf 73' lang='lat' dir='ltr'>vel</span> <span class='ocrx_word' id='word_1_302' title='bbox 295 3474 410 3529; x_wconf 72' lang='lat' dir='ltr'>Herffllffl,</span> <span class='ocrx_word' id='word_1_303' title='bbox 421 3472 460 3521; x_wconf 72' lang='lat' dir='ltr'>vel</span> <span class='ocrx_word' id='word_1_304' title='bbox 470 3473 556 3520; x_wconf 62' lang='lat' dir='ltr'>Patri&amp;</span> <span class='ocrx_word' id='word_1_305' title='bbox 606 3475 704 3525; x_wconf 76' lang='lat' dir='ltr'>Africae.</span> <span class='ocrx_word' id='word_1_306' title='bbox 736 3476 850 3540; x_wconf 82' lang='lat' dir='ltr'>Pompon.</span> <span class='ocrx_word' id='word_1_307' title='bbox 860 3473 937 3529; x_wconf 90' lang='lat' dir='ltr'>Mela,</span> <span class='ocrx_word' id='word_1_308' title='bbox 947 3473 998 3521; x_wconf 89' lang='lat'>111.</span> <span class='ocrx_word' id='word_1_309' title='bbox 1009 3474 1042 3522; x_wconf 83' lang='lat' dir='ltr'>ix.</span> <span class='ocrx_word' id='word_1_310' title='bbox 1055 3478 1104 3525; x_wconf 81' lang='lat'>9³:</span> 
     </span>
     <span class='ocr_line' id='line_1_37' title="bbox 174 3545 1103 3613; baseline 0 -16"><span class='ocrx_word' id='word_1_311' title='bbox 174 3549 266 3598; x_wconf 84' lang='lat' dir='ltr'>Omitto</span> <span class='ocrx_word' id='word_1_312' title='bbox 280 3548 305 3597; x_wconf 92' lang='lat' dir='ltr'>in</span> <span class='ocrx_word' id='word_1_313' title='bbox 316 3547 352 3595; x_wconf 88' lang='lat' dir='ltr'>his</span> <span class='ocrx_word' id='word_1_314' title='bbox 365 3546 441 3596; x_wconf 90' lang='lat' dir='ltr'>tribus</span> <span class='ocrx_word' id='word_1_315' title='bbox 451 3545 556 3595; x_wconf 84' lang='lat' dir='ltr'>versibus</span> <span class='ocrx_word' id='word_1_316' title='bbox 607 3551 694 3598; x_wconf 81' lang='lat' dir='ltr'>Contra</span> <span class='ocrx_word' id='word_1_317' title='bbox 709 3548 835 3613; x_wconf 85' lang='lat' dir='ltr'>AEthiopas</span> <span class='ocrx_word' id='word_1_318' title='bbox 851 3546 979 3611; x_wconf 84' lang='lat' dir='ltr'>Hesperios</span> <span class='ocrx_word' id='word_1_319' title='bbox 995 3557 1049 3596; x_wconf 81' lang='lat' dir='ltr'>suot</span> <span class='ocrx_word' id='word_1_320' title='bbox 1066 3551 1103 3597; x_wconf 82' lang='lat' dir='ltr'>io-</span> 
     </span>
     <span class='ocr_line' id='line_1_38' title="bbox 151 3620 1103 3688; baseline -0.001 -16"><span class='ocrx_word' id='word_1_321' title='bbox 151 3639 170 3672; x_wconf 86' lang='lat' dir='ltr'>m</span> <span class='ocrx_word' id='word_1_322' title='bbox 187 3620 360 3687; x_wconf 87' lang='lat' dir='ltr'>repetitionem,</span> <span class='ocrx_word' id='word_1_323' title='bbox 376 3622 507 3682; x_wconf 80' lang='lat' dir='ltr'>habitusque</span> <span class='ocrx_word' id='word_1_324' title='bbox 523 3621 555 3666; x_wconf 82' lang='lat' dir='ltr'>la-</span> <span class='ocrx_word' id='word_1_325' title='bbox 603 3627 659 3673; x_wconf 77' lang='lat' dir='ltr'>salo</span> <span class='ocrx_word' id='word_1_326' title='bbox 672 3623 797 3688; x_wconf 80' lang='lat' dir='ltr'>Gorgades,</span> <span class='ocrx_word' id='word_1_327' title='bbox 807 3625 885 3669; x_wconf 70' lang='lat' dir='ltr'>aanor</span> <span class='ocrx_word' id='word_1_328' title='bbox 896 3621 940 3684; x_wconf 85' lang='lat' dir='ltr'>(ot</span> <span class='ocrx_word' id='word_1_329' title='bbox 957 3621 1041 3683; x_wconf 81' lang='lat' dir='ltr'>olant)</span> <span class='ocrx_word' id='word_1_330' title='bbox 1059 3625 1103 3672; x_wconf 89' lang='lat' dir='ltr'>oli·</span> 
     </span>
     <span class='ocr_line' id='line_1_39' title="bbox 163 3695 1107 3762; baseline -0.006 -11"><span class='ocrx_word' id='word_1_331' title='bbox 163 3706 189 3746; x_wconf 77' lang='lat' dir='ltr'>et</span> <span class='ocrx_word' id='word_1_332' title='bbox 207 3695 278 3751; x_wconf 65' lang='grc'>1111111»</span> <span class='ocrx_word' id='word_1_333' title='bbox 297 3697 428 3757; x_wconf 61' lang='lat' dir='ltr'>habitatque</span> <span class='ocrx_word' id='word_1_334' title='bbox 447 3698 556 3743; x_wconf 65' lang='grc'>1111111111·</span> <span class='ocrx_word' id='word_1_335' title='bbox 605 3702 694 3762; x_wconf 81' lang='lat' dir='ltr'>quando</span> <span class='ocrx_word' id='word_1_336' title='bbox 706 3698 845 3760; x_wconf 78' lang='lat' dir='ltr'>Gorgonum.</span> <span class='ocrx_word' id='word_1_337' title='bbox 877 3695 972 3752; x_wconf 90' lang='lat' dir='ltr'>Noster,</span> <span class='ocrx_word' id='word_1_338' title='bbox 983 3695 1107 3748; x_wconf 89' lang='lat' dir='ltr'>immernor</span> 
     </span>
     <span class='ocr_line' id='line_1_40' title="bbox 155 3767 1103 3826; baseline 0.001 -7"><span class='ocrx_word' id='word_1_339' title='bbox 155 3787 186 3820; x_wconf 83' lang='lat' dir='ltr'>ex</span> <span class='ocrx_word' id='word_1_340' title='bbox 202 3769 296 3818; x_wconf 86' lang='lat' dir='ltr'>duabus</span> <span class='ocrx_word' id='word_1_341' title='bbox 312 3767 454 3817; x_wconf 90' lang='lat' dir='ltr'>lectionibus</span> <span class='ocrx_word' id='word_1_342' title='bbox 466 3776 555 3815; x_wconf 91' lang='lat' dir='ltr'>nostro·</span> <span class='ocrx_word' id='word_1_343' title='bbox 604 3771 692 3820; x_wconf 83' lang='lat' dir='ltr'>iabulae</span> <span class='ocrx_word' id='word_1_344' title='bbox 704 3769 772 3818; x_wconf 90' lang='lat' dir='ltr'>modo</span> <span class='ocrx_word' id='word_1_345' title='bbox 784 3770 1059 3826; x_wconf 55' lang='lat' dir='ltr'>sanctamonialis,</span> <span class='ocrx_word' id='word_1_346' title='bbox 1072 3770 1103 3820; x_wconf 87' lang='lat' dir='ltr'>ad</span> 
     </span>
     <span class='ocr_line' id='line_1_41' title="bbox 151 3840 1103 3905; baseline 0 -11"><span class='ocrx_word' id='word_1_347' title='bbox 151 3844 196 3893; x_wconf 86' lang='lat' dir='ltr'>dd.</span> <span class='ocrx_word' id='word_1_348' title='bbox 208 3858 280 3891; x_wconf 82' lang='lat' dir='ltr'>unam</span> <span class='ocrx_word' id='word_1_349' title='bbox 290 3841 420 3890; x_wconf 78' lang='lat' dir='ltr'>efficiamus</span> <span class='ocrx_word' id='word_1_350' title='bbox 430 3849 454 3889; x_wconf 85' lang='lat' dir='ltr'>et</span> <span class='ocrx_word' id='word_1_351' title='bbox 464 3840 553 3905; x_wconf 71' lang='lat' dir='ltr'>simpli·</span> <span class='ocrx_word' id='word_1_352' title='bbox 605 3846 736 3894; x_wconf 85' lang='lat' dir='ltr'>Atlantem.</span> <span class='ocrx_word' id='word_1_353' title='bbox 777 3841 873 3890; x_wconf 74' lang='lat' dir='ltr'>Gelidus</span> <span class='ocrx_word' id='word_1_354' title='bbox 893 3858 1017 3892; x_wconf 90' lang='lat' dir='ltr'>commune</span> <span class='ocrx_word' id='word_1_355' title='bbox 1035 3860 1103 3894; x_wconf 90' lang='lat' dir='ltr'>mon-</span> 
     </span>
     <span class='ocr_line' id='line_1_42' title="bbox 151 3915 1103 3984; baseline 0.002 -17"><span class='ocrx_word' id='word_1_356' title='bbox 151 3918 207 3968; x_wconf 83' lang='lat' dir='ltr'>tad</span> <span class='ocrx_word' id='word_1_357' title='bbox 224 3934 274 3966; x_wconf 89' lang='lat' dir='ltr'>rem</span> <span class='ocrx_word' id='word_1_358' title='bbox 292 3916 454 3982; x_wconf 87' lang='lat' dir='ltr'>aptissimam:</span> <span class='ocrx_word' id='word_1_359' title='bbox 473 3915 554 3981; x_wconf 78' lang='lat' dir='ltr'>Diffu-</span> <span class='ocrx_word' id='word_1_360' title='bbox 605 3921 663 3970; x_wconf 89' lang='lat' dir='ltr'>tium</span> <span class='ocrx_word' id='word_1_361' title='bbox 674 3918 803 3984; x_wconf 89' lang='lat' dir='ltr'>epitheton.</span> <span class='ocrx_word' id='word_1_362' title='bbox 823 3917 952 3965; x_wconf 81' lang='lat' dir='ltr'>Solldaa&#39;lla</span> <span class='ocrx_word' id='word_1_363' title='bbox 959 3919 1103 3976; x_wconf 66' lang='lat' dir='ltr'>maiestrac·</span> 
     </span>
     <span class='ocr_line' id='line_1_43' title="bbox 151 3989 1102 4057; baseline 0.003 -17"><span class='ocrx_word' id='word_1_364' title='bbox 151 3995 203 4041; x_wconf 78' lang='lat' dir='ltr'>imos</span> <span class='ocrx_word' id='word_1_365' title='bbox 211 4009 220 4051; x_wconf 87' lang='lat'>,·</span> <span class='ocrx_word' id='word_1_366' title='bbox 237 3993 356 4053; x_wconf 56' lang='lat' dir='ltr'>aaronque</span> <span class='ocrx_word' id='word_1_367' title='bbox 372 4005 486 4055; x_wconf 74' lang='lat' dir='ltr'>genusque</span> <span class='ocrx_word' id='word_1_368' title='bbox 497 3991 554 4038; x_wconf 87' lang='lat' dir='ltr'>loco·</span> <span class='ocrx_word' id='word_1_369' title='bbox 603 4003 642 4043; x_wconf 90' lang='lat' dir='ltr'>tus</span> <span class='ocrx_word' id='word_1_370' title='bbox 658 3991 781 4049; x_wconf 89' lang='lat' dir='ltr'>montium,</span> <span class='ocrx_word' id='word_1_371' title='bbox 799 3989 857 4042; x_wconf 81' lang='lat' dir='ltr'>sorte</span> <span class='ocrx_word' id='word_1_372' title='bbox 876 3991 946 4040; x_wconf 87' lang='lat' dir='ltr'>Atlas</span> <span class='ocrx_word' id='word_1_373' title='bbox 963 3991 1022 4057; x_wconf 89' lang='lat' dir='ltr'>ipse.</span> <span class='ocrx_word' id='word_1_374' title='bbox 1056 3994 1102 4043; x_wconf 91' lang='lat' dir='ltr'>Or·</span> 
     </span>
     <span class='ocr_line' id='line_1_44' title="bbox 151 4065 1102 4132; baseline -0.004 -17"><span class='ocrx_word' id='word_1_375' title='bbox 151 4077 216 4116; x_wconf 78' lang='lat' dir='ltr'>arrot</span> <span class='ocrx_word' id='word_1_376' title='bbox 231 4066 369 4130; x_wconf 77' lang='lat' dir='ltr'>Lynciddar,</span> <span class='ocrx_word' id='word_1_377' title='bbox 381 4081 493 4127; x_wconf 76' lang='lat' dir='ltr'>morasque</span> <span class='ocrx_word' id='word_1_378' title='bbox 502 4067 554 4112; x_wconf 83' lang='lat' dir='ltr'>aoi-</span> <span class='ocrx_word' id='word_1_379' title='bbox 603 4067 687 4132; x_wconf 88' lang='lat' dir='ltr'>pheus,</span> <span class='ocrx_word' id='word_1_380' title='bbox 698 4065 722 4115; x_wconf 89' lang='lat' dir='ltr'>d.</span> <span class='ocrx_word' id='word_1_381' title='bbox 731 4065 749 4113; x_wconf 94' lang='lat' dir='ltr'>l.</span> <span class='ocrx_word' id='word_1_382' title='bbox 759 4065 862 4115; x_wconf 78' lang='lat' dir='ltr'>Atlantis</span> <span class='ocrx_word' id='word_1_383' title='bbox 876 4068 979 4116; x_wconf 71' lang='lat' dir='ltr'>comanis</span> <span class='ocrx_word' id='word_1_384' title='bbox 989 4070 1030 4116; x_wconf 79' lang='lat' dir='ltr'>aab</span> <span class='ocrx_word' id='word_1_385' title='bbox 1042 4085 1102 4132; x_wconf 76' lang='lat' dir='ltr'>pra-</span> 
     </span>
     <span class='ocr_line' id='line_1_45' title="bbox 151 4137 699 4203; baseline -0.002 -12"><span class='ocrx_word' id='word_1_386' title='bbox 151 4145 260 4192; x_wconf 81' lang='lat' dir='ltr'>sa&#39;rcram.</span> <span class='ocrx_word' id='word_1_387' title='bbox 285 4139 325 4190; x_wconf 82' lang='lat' dir='ltr'>stc</span> <span class='ocrx_word' id='word_1_388' title='bbox 335 4148 399 4188; x_wconf 90' lang='lat' dir='ltr'>recte</span> <span class='ocrx_word' id='word_1_389' title='bbox 409 4138 553 4196; x_wconf 89' lang='lat' dir='ltr'>fluitoratio,</span> <span class='ocrx_word' id='word_1_390' title='bbox 601 4137 699 4203; x_wconf 77' lang='lat' dir='ltr'>cipitiir.¹</span> 
     </span>
     <span class='ocr_line' id='line_1_46' title="bbox 151 4211 764 4266; baseline -0.007 -1"><span class='ocrx_word' id='word_1_391' title='bbox 151 4215 223 4266; x_wconf 67' lang='lat' dir='ltr'>ram·</span> <span class='ocrx_word' id='word_1_392' title='bbox 699 4211 764 4262; x_wconf 79' lang='lat' dir='ltr'>Min</span> 
     </span>
    </p>
   </div>
   <div class='ocr_carea' id='block_1_4' title="bbox 0 0 1410 5010">
    <p class='ocr_par' dir='ltr' id='par_1_5' title="bbox 0 0 1410 5010">
     <span class='ocr_line' id='line_1_47' title="bbox 0 0 1410 5010; baseline 0 0"><span class='ocrx_word' id='word_1_393' title='bbox 0 0 1410 5010; x_wconf 95' lang='lat' dir='ltr'> </span> 
     </span>
    </p>
   </div>
  </div>
 </body>
</html>
