2812 5010
172 318 240 383 346
468 317 508 380 Ρ.
532 314 695 382 OVIDII
717 314 930 381 NASONIS

176 490 365 580 Cernere3
394 490 470 563 vidi
487 490 612 588 ipsum
629 500 798 564 materno
816 490 999 587 sanguine
1017 488 1161 562 nasci.'’

178 607 334 707 Excipit
353 607 514 680 Uranie:
545 606 833 703 “Quaecunque
852 615 911 680 est
928 630 1043 679 causa
1060 603 1209 678 videndi

177 722 259 798 Has
274 723 356 808 tibi,
372 723 480 808 Diva,
496 723 641 809 domos
654 723 778 795 animo
793 722 1007 818 gratissima
1020 731 1150 794 nostro
1163 744 1218 793 es

176 839 278 912 Vera
293 850 420 979 tamen
437 837 612 911 farnat
554 848 624 923 est,
644 836 873 934 etPegasus
891 839 1003 934 hujus
1022 838 1127 933 origo

178 954 285 1028 Font'
260 966 329 1044 t1s;
335 954 421 1028 '’et
439 955 487 1027 ad
504 953 636 1026 latices
655 954 811 1027 deducit
829 954 988 1027 Pallada
1005 978 1156 1040 sacros;

178 1073 273 1158 Quae
290 1074 424 1146 mirata
441 1074 505 1146 diu
523 1073 643 1146 factas
661 1072 770 1170 pedis
788 1071 927 1144 ictibus
946 1070 1080 1157 undas,

180 1191 365 1265 Silvarum
382 1191 487 1262 lucos
505 1189 762 1287 circumspicit
779 1189 1031 1284 antiquarum,
1061 1170 1063 1174 ’
1153 1188 1221 1258 265

178 1305 387 1402 Antraque,
402 1315 439 1378 et
457 1304 662 1378 innumeris
680 1304 878 1377 distinctas
896 1303 1051 1376 floribus
1069 1302 1220 1375 herbas:

179 1423 402 1518 Felicesque
420 1431 530 1496 vocat
546 1421 685 1519 pariter
704 1420 908 1517 studiique,
928 1419 1078 1516 locique

178 1537 456 1624 Mnemonidas
474 1563 589 1635 quam
607 1541 660 1611 sic
680 1537 795 1611 affata
812 1547 871 1612 est
887 1561 964 1611 una
979 1559 1169 1609 sororum:

180 1663 205 1693 “
223 1655 270 1741 Ο,
290 1654 361 1727 nisi
379 1665 417 1728 te
434 1654 550 1727 virtus
568 1679 683 1752 opera
700 1654 748 1729 ad
766 1655 909 1750 majora
925 1653 1086 1736 tulisset,

179 1769 225 1843 In
242 1779 387 1869 partem
405 1780 562 1843 ventura
580 1770 683 1842 chori
701 1769 870 1842 Tritonia
886 1767 1017 1853 nostri,
1154 1771 1223 1838 270

104 1900 105 1904 ’
178 1886 418 1975 Verarefers;
439 1888 648 1984 meritoque
660 1887 993 1985 probasartesque,
1002 1884 1220 1980 locumque;

181 2002 233 2076 Et
249 2012 393 2099 gratam
412 2012 562 2088 sortem,
581 2013 675 2076 tutae
693 2003 805 2075 modo
824 2001 954 2086 simus,
973 2000 1171 2073 habemus.

182 2119 271 2207 Sed,
290 2119 447 2194 vetitum
466 2128 525 2192 est
541 2119 635 2193 adeo
655 2118 788 2192 sceleri
806 2118 919 2191 nihil!
947 2117 1073 2189 omnia
1086 2123 1223 2190 terrent

179 2236 377 2333 Virgineas
396 2247 555 2323 mentes,
576 2237 757 2333 dirusque
776 2245 866 2310 ante
884 2258 950 2307 ora
966 2233 1165 2332 Pyreneus

179 2353 368 2442 Vertitur3
397 2364 436 2426 et
453 2353 618 2426 nondum
636 2376 697 2425 me
714 2362 796 2425 tota
813 2359 938 2424 mente
961 2349 1101 2447 recepi.
1154 2350 1222 2420 275

182 2469 320 2543 Daulia
337 2469 522 2557 Threici0,
542 2470 772 2566 Phoceaque
792 2468 909 2541 milite
927 2490 1013 2539 rura

182 2587 347 2685 Ceperat
363 2586 427 2658 ille
445 2585 563 2673 ferox,
583 2587 800 2683 injustaque
818 2608 934 2681 regna
950 2583 1118 2657 tenebat.

211 2772 269 2820 261.
285 2772 367 2818 Animo
386 2774 516 2836 gratissima
537 2781 612 2821 nostro
632 2773 675 2836 ea]
725 2773 789 2821 baua
816 2769 976 2835 compellatio.
1028 2769 1105 2830 Opera
1130 2769 1222 2828 majore,

178 2846 256 2894 Notat
266 2843 436 2894 Heinsiusesse
444 2845 618 2895 hemistichium
628 2848 678 2894 Ho·
727 2863 813 2911 nempe
839 2845 934 2894 bellica.
986 2843 1081 2899 Charin,
1108 2856 1224 2896 numems,

179 2918 301 2974 mancum,
328 2918 380 2983 ἐμῷ
406 2919 570 2985 κεχαρισμένη
597 2921 677 2987 θυμῷ.
727 2932 813 2977 coetus,
824 2934 961 2984 quanquam
976 2914 1223 2966 Musaeetclwrosiu·

180 2993 260 3057 Origo,
271 3000 394 3048 auctuum
403 2993 419 3041 i.
429 2994 468 3043 79.
487 2995 579 3051 Tamen,
590 3004 678 3044 autem.
725 2995 865 3044 stituebant.
889 2993 987 3042 Hesiod.
1003 2992 1096 3054 Theog.
1112 2993 1136 3040 7.
1168 2991 1223 3038 Sua·

179 3067 242 3114 Fons
252 3066 294 3114 ille
305 3066 409 3131 Pegaseas
416 3085 479 3130 aque
490 3068 555 3133 apud
564 3068 677 3117 Claudia·
726 3071 787 3118 viter
794 3069 910 3124 additum,
917 3071 1033 3132 uirgineas
1040 3082 1046 3126 ;
1053 3064 1158 3129 virgines
1167 3063 1224 3111 enim

178 3156 245 3197 uum,
264 3140 297 3189 lv.
314 3141 339 3188 4.
356 3148 380 3190 et
400 3141 581 3204 Belleropluruei
600 3145 678 3190 humor
726 3145 798 3192 facile
819 3150 943 3191 terrentur.
976 3144 1008 3190 Et
1025 3139 1133 3204 virgineo
1150 3136 1224 3187 terrori

178 3219 238 3280 equi,
249 3215 356 3279 Ptopert.
366 3214 414 3263 III.
425 3215 450 3263 ii.
461 3218 485 3263 2.
727 3219 871 3267 conveniunt
891 3225 916 3265 et
937 3215 1070 3280 sequentia,
1090 3217 1226 3276 dirusque-

211 3291 268 3339 265.
285 3289 402 3337 Silvarum
417 3291 486 3346 lucos,
501 3290 559 3352 etc]
577 3290 678 3340 Helicon
727 3296 834 3341 verritur.
876 3291 994 3355 Pyreneus
1012 3305 1026 3337 e
1043 3288 1149 3336 'lbracia
1166 3285 1224 3335 colo·

178 3361 360 3430 praestabatsoli
372 3362 492 3424 bonitate3
511 3361 615 3412 consitus
628 3374 678 3413 erat
727 3368 791 3415 niam
807 3366 907 3415 deduxit
923 3366 949 3413 in
966 3364 1096 3419 Boeotiam,
1110 3370 1181 3426 atque
1191 3359 1224 3408 rel

178 3436 309 3491 arboribus,
320 3435 443 3485 fruticibus
454 3446 479 3486 et
489 3436 568 3485 herbis
578 3445 627 3486 tam
638 3455 676 3487 sa·
726 3441 828 3494 ruditate
840 3457 884 3489 sua
895 3440 933 3488 rel
947 3437 1011 3486 bello
1025 3438 1113 3485 Musas
1127 3435 1182 3484 iude
1191 3434 1224 3482 su·

177 3510 320 3567 luberrimis,
340 3527 412 3574 quam
437 3510 569 3559 suavissimi
590 3511 676 3560 odoris.
725 3514 948 3579 ghssedicipotuit.
981 3512 1233 3573 Serecipereauteolv

177 3588 207 3635 In
218 3602 246 3634 eo
256 3586 325 3633 lucus
340 3585 474 3641 Musarum,
486 3585 516 3633 ad
530 3585 616 3633 laevarn
627 3585 679 3634 sons
729 3590 800 3652 ligere
816 3589 935 3644 dicuntur,
946 3585 988 3651 qui
1005 3603 1035 3634 err
1051 3599 1142 3648 magna
1158 3581 1225 3632 animi

177 3660 312 3725 Aganippe.
345 3659 448 3707 Pausan.
463 3661 542 3708 Boeot.
559 3675 614 3724 pag.
631 3660 678 3708 763
728 3661 903 3725 perturbatione
923 3660 954 3708 ad
974 3658 1173 3724 tranquillitatem
1192 3671 1225 3704 re·

178 3752 232 3800 sqq.
265 3735 352 3782 Felices
369 3737 449 3792 studii,
468 3734 542 3789 deest,
560 3743 677 3798 respectu.
729 3735 813 3783 deunt.

178 3811 262 3857 Horat.
280 3808 302 3855 Ι.
323 3808 375 3855 Sat.
394 3807 427 3856 ix.
448 3809 486 3855 ll.
499 3808 563 3872 felir·
583 3811 678 3857 cerebri.
762 3809 818 3855 276.
836 3809 929 3865 Daulis,
942 3809 998 3857 urbs
1007 3805 1130 3864 Phocidis,
1138 3822 1167 3854 ex
1181 3818 1225 3868 qua

178 3885 246 3946 Virg.
256 3882 320 3944 felic
335 3885 406 3937 uteri,
419 3890 444 3929 et
461 3881 486 3928 iu
504 3890 582 3930 nostro
597 3899 676 3947 opere,
727 3882 767 3930 via
777 3883 881 3931 ducebat
890 3883 921 3931 ad
932 3879 1043 3931 Parnassi
1050 3881 1225 3945 juga.Pausan.

176 3957 214 4005 iii.
234 3958 289 4004 132.
306 3956 377 4003 MSS.
394 3957 510 4013 nonnulli,
529 3959 592 4004 exilii
605 3958 677 4020 felir.
728 3956 802 4004 Phoc.
820 3974 844 4022 p.
859 3958 906 4006 807
921 3973 973 4021 sqq.
1009 3955 1103 4015 Turrpla
1116 3954 1225 4001 Pomosiu

179 4032 358 4079 Mnemonidesa
372 4046 450 4092 graeco
460 4031 576 4096 μνήμων,
587 4032 642 4080 inde
653 4040 677 4081 et
728 4047 813 4095 nempe
831 4030 950 4095 Apollinis
968 4038 992 4079 et
1015 4027 1117 4083 Bacchi,
1135 4026 1175 4091 qui
1194 4023 1223 4072 ibi

177 4103 410 4166 Mnemosynesfiliae
421 4104 500 4152 dictae.
720 4105 873 4153 'colebantnu

209 4178 266 4226 269.
284 4177 313 4234 0,
324 4180 369 4226 uisi
380 4179 477 4241 taeta]
503 4179 597 4228 Blanda
606 4188 676 4227 etur·
