2812 5010
175 338 242 406 380
375 380 382 393 ·
419 386 423 393 .
471 332 697 400 moulon
723 334 937 403 NASONIS

175 510 307 597 Addit,
326 519 366 584 et
383 509 549 583 infirmos
568 509 704 584 baculo
723 533 876 610 quoque
894 511 1057 587 sustinet
1073 522 1192 590 artus.

175 628 274 702 'l'um
290 627 345 700 sic
364 650 453 701 orsa.
466 625 596 723 loqui:
614 635 638 665 “
654 626 742 701 Non
759 627 886 701 omnia
903 629 1082 725 grandior
1096 641 1201 720 aetas,

176 743 272 829 Quae
289 741 488 840 fugiamus,
507 742 644 818 habet:
673 744 771 817 seris
784 744 888 818 venit
906 768 998 821 usus
1016 747 1065 821 ab
1079 749 1200 841 annis.

177 857 390 935 Consilium
407 883 455 932 ne
473 882 611 956 sperne
627 883 776 934 meum:
796 859 869 934 tibi
883 859 984 936 fama
1001 873 1153 961 petatur
1177 869 1225 938 30

176 975 283 1050 Inter
299 976 478 1050 mortales
495 974 677 1050 faciendae
695 976 862 1050 maxima
877 978 988 1052 lanae.

178 1091 284 1167 Cede
303 1091 408 1178 Deae,
426 1091 652 1189 veniamque
670 1091 745 1166 tuis
763 1093 964 1167 temeraria
979 1092 1092 1167 dictis

178 1207 360 1306 Supplice
376 1231 469 1281 voce
486 1231 597 1304 roga:
617 1207 764 1282 veniam
782 1208 889 1283 dabit
905 1209 971 1283 illa
986 1209 1172 1306 roganti.”

174 1323 326 1422 Aspicit
342 1324 438 1397 hanc
452 1323 579 1410 torvis,
598 1323 839 1423 incoeptaque
856 1325 921 1398 fila
937 1324 1135 1422 relinquit3

170 1438 329 1537 ¹Vixque
339 1463 492 1513 manum
501 1439 934 1537 retinens,eonfessaque
942 1440 1107 1514 vultibus
1118 1439 1221 1527 iram,

176 1554 334 1629 Talibus
352 1557 551 1631 obscuram
570 1567 773 1653 resequuta
786 1567 845 1632 est
855 1556 1013 1630 Pallada
1023 1555 1159 1630 dietis:
1178 1561 1224 1630 36

175 1682 201 1714 “
220 1671 363 1747 Mentis
383 1673 504 1771 inops,
526 1675 714 1771 longaque
730 1673 835 1747 venis
853 1671 1027 1747 confecta
1043 1681 1209 1759 senecta,

178 1786 230 1861 Et
246 1787 404 1860 nimium
420 1789 561 1863 vixisse
579 1789 643 1862 diu
661 1800 796 1864 nocet:
825 1788 952 1862 audiat
968 1789 1076 1876 istas,

179 1902 221 1975 Si
240 1927 318 2000 qua
334 1904 403 1978 tibi
421 1929 536 1978 nurus
554 1915 624 1992 est,
645 1905 677 1978 si
696 1929 773 2002 qua
790 1898 849 1979 est
865 1904 934 1979 tibi
952 1905 1041 1991 filia,
1058 1928 1192 1978 voces:

179 2018 337 2093 Consilii
356 2021 448 2094 satis
466 2031 526 2096 est
543 2022 581 2095 in
598 2047 660 2096 me
677 2021 770 2095 mihi
780 2049 794 2110 ;Δ
819 2045 913 2096 neve
931 2021 1119 2095 monendo
1174 2023 1224 2091 40

176 2133 389 2213 Profecisse
407 2149 529 2236 putes,
549 2139 682 2212 eadem
700 2136 888 2215 sententia
906 2137 1026 2212 nobis.

209 2338 250 2386 28.
268 2337 322 2385 Non
332 2341 416 2395 omnio,
425 2338 484 2401 eta]
497 2337 619 2387 Senectuti
628 2353 678 2387 non
725 2336 816 2402 aliquid
835 2338 925 2397 oadat3
945 2338 1077 2400 relinquere
1091 2351 1149 2384 vero
1167 2334 1222 2393 diei,

175 2412 232 2459 sola
259 2412 373 2462 molestia
400 2412 519 2478 adjunctas
547 2420 610 2471 sunt,
632 2416 676 2464 sed
725 2426 799 2476 quum
819 2420 903 2474 sponte
922 2417 947 2458 ot
963 2410 1069 2460 volantes
1088 2409 1225 2459 desinamus

175 2485 240 2533 bona
250 2484 322 2534 etiam
331 2486 449 2552 quiedam,
460 2502 546 2550 nempe
556 2503 620 2545 osis,
634 2504 675 2537 ex·
724 2501 793 2550 opus.
820 2486 907 2533 Manus
921 2483 1223 2542 retineas,aviinierendo¹

176 2559 302 2624 perientia.
343 2562 399 2609 Jam
429 2562 541 2609 Muretus
567 2561 676 2611 animad·
725 2566 750 2607 et
767 2557 977 2608 deaverberanda.
1012 2558 1142 2622 Confitetur
1157 2565 1181 2606 et
1194 2556 1222 2614 ir,

176 2634 255 2690 vertit,
276 2649 386 2698 expressa
405 2633 457 2683 haec
475 2650 527 2683 esse
544 2650 574 2683 ex
593 2636 676 2701 Eurip.
725 2632 767 2697 qui
788 2631 878 2681 inscius
896 2640 921 2680 et
936 2631 1027 2681 invitus
1040 2630 1116 2696 signis
1128 2631 1223 2696 quibus·

176 2706 263 2756 Phoen.
282 2723 333 2756 ver.
353 2710 417 2759 531:
438 2709 492 2774 Οὐχ
513 2709 617 2759 ἅπαντα
638 2712 677 2774 τῷ
725 2707 781 2755 dam
803 2705 876 2755 animi
897 2715 975 2755 motus
991 2705 1079 2771 prodit·
1113 2704 1222 2755 vidend

175 2780 242 2848 γήρᾳ
253 2783 315 2831 κακὰ
332 2782 475 2848 πρόσεστιν·
492 2782 580 2844 ἀλλ’ἢ
598 2783 677 2849 'pm
703 2780 789 2852 ‘Plim
805 2781 855 2829 III.
874 2781 920 2844 Ep.
931 2780 979 2829 xiv.
997 2781 1021 2828 3.
1046 2778 1122 2828 Amttt
1139 2779 1224 2827 Noster

175 2855 217 2921 ρία
227 2857 278 2920 ἔχει
287 2875 310 2905 τι
321 2855 390 2913 λέξαι
397 2863 448 2906 τῶν
459 2855 522 2908 νέων
532 2857 676 2923 σοφώτερον.
725 2855 790 2904 huno
808 2870 918 2903 versuum
933 2868 1012 2911 nsum,
1029 2868 1102 2918 quem
1118 2852 1170 2918 ipse
1182 2867 1223 2900 no-

176 2930 258 2978 Plaut.
274 2930 374 2979 Mostel.
386 2931 417 2980 V.
430 2929 465 2978 iii.
481 2932 526 2990 2⁷,
542 2932 626 2993 Sapere
646 2934 676 2979 is-
727 2945 796 2978 vasse
808 2927 910 2977 videtur.
920 2928 992 2977 mr.
1002 2927 1035 2976 ir.
1049 2928 1095 2974 ll:
1114 2925 1237 2993 consumi!

178 3006 231 3052 thoe
241 3014 306 3052 utute
316 3015 408 3066 oportet,
420 3009 460 3067 qui
472 3003 527 3055 arnt
538 3009 613 3067 capite
622 3024 678 3056 cun·
726 3005 802 3067 gelido
815 3019 899 3065 pavore
917 3004 1026 3050 timorem.
1043 2999 1068 3049 ii.
1079 3002 1145 3050 525:
1158 3000 1223 3048 uultu

181 3081 243 3126 dido.
279 3079 354 3134 Venit,
367 3088 474 3143 paratur.
501 3081 627 3136 Seniensi,
640 3097 677 3130 se·
719 3077 800 3141 fossus
822 3077 964 3124 Telamonius
980 3078 1050 3124 irum.
1074 3075 1167 3124 Contra
1180 3075 1222 3122 ΛΕ-

180 3158 272 3199 nectus.
301 3150 377 3199 Serior
386 3164 449 3208 otas,
461 3153 542 3200 Tibul.
552 3153 570 3202 i.
581 3154 606 3200 4.
630 3155 676 3203 Fa·
727 3150 791 3201 naid.
805 3151 837 3200 iv.
854 3152 918 3199 477:
937 3151 1058 3198 comitiana
1073 3149 1147 3197 onltn
1162 3149 1223 3212 tegite

176 3226 261 3273 ciendo
279 3224 345 3271 lone.
377 3224 452 3272 Multi
469 3241 497 3273 ex
513 3225 617 3290 antiquis
629 3227 676 3276 Co·
729 3224 839 3288 confiteri
864 3226 932 3272 uultu
957 3227 1024 3281 irum,
1045 3238 1108 3272 nora
1127 3221 1222 3277 deum,

175 3297 278 3352 dinibus,
300 3298 349 3344 telae
361 3314 371 3355 ;
394 3297 429 3346 ita
456 3306 480 3347 et
500 3299 573 3364 Regii
594 3300 676 3350 nostri.
726 3297 785 3346 iram
797 3297 894 3363 prodere
906 3299 983 3346 vultu.
1011 3298 1222 3361 Neoreseqnipro,

177 3371 268 3419 Facere
283 3371 371 3428 lanam,
389 3371 477 3421 locutio
492 3373 594 3440 propria,
612 3374 676 3423 unde
725 3371 874 3436 respondere,
886 3371 949 3436 apud
964 3370 1122 3435 antiquiorem
1132 3377 1223 3436 marm

178 3446 318 3509 lanificium.
726 3445 837 3493 occurrit.
870 3445 966 3509 Legitur
986 3453 1011 3494 et
1029 3443 1080 3493 viii.
1095 3445 1161 3504 8633
1175 3441 1223 3491 xiii.

210 3521 251 3568 ³4.
269 3521 356 3581 Aspicit
374 3521 441 3578 hunc,
452 3522 513 3585 erm]
533 3521 678 3572 Praeviderat
728 3520 784 3567 749.
819 3519 1015 3576 obscurantem
1030 3517 1075 3566 sub
1089 3517 1166 3566 formu
1181 3515 1222 3563 ali-

177 3594 261 3643 Pallas
271 3594 329 3652 fore,
341 3603 368 3643 ut
379 3596 476 3644 consilio
490 3595 532 3644 illo
547 3596 583 3645 ira
596 3613 678 3662 super·
728 3608 781 3650 ena,
794 3601 820 3641 ut
831 3591 926 3657 agnomi
937 3590 1002 3641 haud
1017 3599 1107 3656 posset.
1139 3587 1223 3639 Simili·

176 3668 215 3716 bae
231 3667 336 3717 mulieris
353 3669 537 3718 exulceraretur.
572 3670 627 3718 Fila
641 3688 678 3719 re·
727 3665 867 3731 increpatio,
888 3666 930 3715 sed
951 3665 1084 3721 facundior,
1106 3667 1166 3713 AEn.
1184 3660 1222 3713 vii.

176 3744 269 3804 linquit.
285 3741 439 3791 lovaniensis
457 3750 481 3790 et
502 3758 563 3791 unus
579 3758 608 3791 ex
626 3744 675 3791 Ba·
726 3742 790 3789 440:
810 3751 832 3788 to
845 3744 907 3789 victo
925 3743 972 3788 ritu
992 3741 1084 3803 rurique
1098 3738 1179 3804 effato*
1191 3753 1221 3785 a·

176 3815 324 3872 silesnsibus,
338 3817 385 3879 filo
408 3820 502 3873 remisit,
523 3816 587 3881 quod
608 3833 677 3881 aequo
725 3814 1169 3876 arastus--curisinstruirlanoseseroot⁸
1192 3809 1222 3858 Bt

176 3889 364 3954 bonumjudicat
371 3890 484 3940 Heinsius
493 3908 499 3952 3
508 3891 550 3940 sed
558 3891 677 3939 Burman·
726 3891 830 3946 nimium,
842 3897 890 3937 etc.
924 3889 980 3936 Non
994 3903 1087 3952 semper
1102 3884 1221 3952 experien-

176 3978 222 4012 nus
241 3972 315 4020 notat,
335 3962 462 4013 discrimen
480 3981 531 4013 esse
546 3964 607 4013 inter
624 3965 677 4012 haeo
725 3963 784 4011 tiam
806 3962 878 4012 habet
898 3972 1016 4021 enectus,
1043 3961 1086 4010 sed
1107 3959 1240 4010 interdon-

177 4037 240 4085 duo:
264 4040 379 4085 remittere
401 4038 465 4087 enim
488 4039 567 4087 locum
588 4039 677 4086 habere
724 4039 881 4087 etiamnooet.
914 4039 1002 4086 Eadem
1018 4039 1223 4086 semmtiamanet

175 4115 236 4166 tum,
247 4127 321 4174 quum
335 4111 408 4160 animi
427 4113 531 4178 quadam
542 4112 676 4170 affeotione,
725 4114 795 4171 aoid,
805 4128 860 4177 quae
870 4120 941 4162 antea
950 4111 1004 4161 suit.
1017 4126 1020 4130 ’

176 4184 288 4248 languore
311 4193 352 4234 aut
371 4185 442 4234 simili
462 4203 529 4244 casu,
550 4203 580 4234 ex
599 4202 675 4236 manu
