<?xml version="1.0" encoding="UTF-8"?>
<!DOCTYPE html PUBLIC "-//W3C//DTD XHTML 1.0 Transitional//EN"
    "http://www.w3.org/TR/xhtml1/DTD/xhtml1-transitional.dtd">
<html xmlns="http://www.w3.org/1999/xhtml" xml:lang="en" lang="en">
 <head>
  <title>
</title>
<meta http-equiv="Content-Type" content="text/html;charset=utf-8" />
  <meta name='ocr-system' content='tesseract 3.04.00' />
  <meta name='ocr-capabilities' content='ocr_page ocr_carea ocr_par ocr_line ocrx_word'/>
</head>
<body>
  <div class='ocr_page' id='page_1' title='image "./povidiinasoniso04burmgoog_0452.png"; bbox 0 0 2812 5010; ppageno 0'>
   <div class='ocr_carea' id='block_1_1' title="bbox 355 345 1225 417">
    <p class='ocr_par' dir='ltr' id='par_1_1' title="bbox 355 345 1225 417">
     <span class='ocr_line' id='line_1_1' title="bbox 355 345 1225 417; baseline -0.001 -2"><span class='ocrx_word' id='word_1_1' title='bbox 355 347 825 417; x_wconf 85' lang='lat' dir='ltr'>METAMORPHOSEON</span> <span class='ocrx_word' id='word_1_2' title='bbox 849 347 942 413; x_wconf 85' lang='lat' dir='ltr'>LIB.</span> <span class='ocrx_word' id='word_1_3' title='bbox 966 345 1046 412; x_wconf 86' lang='lat' dir='ltr'>VII.</span> <span class='ocrx_word' id='word_1_4' title='bbox 1160 349 1225 414; x_wconf 82' lang='grc'>441</span> 
     </span>
    </p>
   </div>
   <div class='ocr_carea' id='block_1_2' title="bbox 133 512 1226 1436">
    <p class='ocr_par' dir='ltr' id='par_1_2' title="bbox 133 512 1226 1436">
     <span class='ocr_line' id='line_1_2' title="bbox 133 512 1226 622; baseline 0.001 -26"><span class='ocrx_word' id='word_1_5' title='bbox 133 512 137 515; x_wconf 54' lang='grc'><strong>’</strong></span> <span class='ocrx_word' id='word_1_6' title='bbox 174 522 250 607; x_wconf 85' lang='lat' dir='ltr'>Qui</span> <span class='ocrx_word' id='word_1_7' title='bbox 265 523 379 598; x_wconf 91' lang='lat' dir='ltr'>crista</span> <span class='ocrx_word' id='word_1_8' title='bbox 392 524 609 622; x_wconf 86' lang='lat' dir='ltr'>linguisque</span> <span class='ocrx_word' id='word_1_9' title='bbox 622 525 742 597; x_wconf 88' lang='lat' dir='ltr'>tribus</span> <span class='ocrx_word' id='word_1_10' title='bbox 753 520 1014 622; x_wconf 84' lang='lat' dir='ltr'>praesignis,et</span> <span class='ocrx_word' id='word_1_11' title='bbox 1024 522 1132 595; x_wconf 90' lang='lat' dir='ltr'>uncis</span> <span class='ocrx_word' id='word_1_12' title='bbox 1155 527 1226 597; x_wconf 90' lang='lat'>150</span> 
     </span>
     <span class='ocr_line' id='line_1_3' title="bbox 175 638 1131 729; baseline -0.001 -15"><span class='ocrx_word' id='word_1_13' title='bbox 175 639 364 714; x_wconf 89' lang='lat' dir='ltr'>Dentibus</span> <span class='ocrx_word' id='word_1_14' title='bbox 382 641 604 729; x_wconf 89' lang='lat' dir='ltr'>horrendus,</span> <span class='ocrx_word' id='word_1_15' title='bbox 624 652 753 714; x_wconf 89' lang='lat' dir='ltr'>custos</span> <span class='ocrx_word' id='word_1_16' title='bbox 771 649 852 714; x_wconf 92' lang='lat' dir='ltr'>erat</span> <span class='ocrx_word' id='word_1_17' title='bbox 870 638 998 713; x_wconf 82' lang='lat' dir='ltr'>arietis</span> <span class='ocrx_word' id='word_1_18' title='bbox 1016 639 1131 713; x_wconf 91' lang='lat' dir='ltr'>aurei.</span> 
     </span>
     <span class='ocr_line' id='line_1_4' title="bbox 175 755 1156 856; baseline -0.001 -27"><span class='ocrx_word' id='word_1_19' title='bbox 175 755 290 831; x_wconf 91' lang='lat' dir='ltr'>Hunc</span> <span class='ocrx_word' id='word_1_20' title='bbox 307 768 510 856; x_wconf 83' lang='lat' dir='ltr'><strong>postquam</strong></span> <span class='ocrx_word' id='word_1_21' title='bbox 528 757 666 856; x_wconf 81' lang='lat' dir='ltr'>sparsit</span> <span class='ocrx_word' id='word_1_22' title='bbox 685 756 829 832; x_wconf 89' lang='lat' dir='ltr'>Lethaei</span> <span class='ocrx_word' id='word_1_23' title='bbox 848 755 1015 852; x_wconf 83' lang='lat' dir='ltr'>gramine</span> <span class='ocrx_word' id='word_1_24' title='bbox 1030 755 1156 844; x_wconf 90' lang='lat' dir='ltr'>succi;</span> 
     </span>
     <span class='ocr_line' id='line_1_5' title="bbox 174 872 1189 973; baseline -0.002 -25"><span class='ocrx_word' id='word_1_25' title='bbox 174 872 379 970; x_wconf 84' lang='lat' dir='ltr'>Verbaque</span> <span class='ocrx_word' id='word_1_26' title='bbox 397 884 455 949; x_wconf 87' lang='lat' dir='ltr'>ter</span> <span class='ocrx_word' id='word_1_27' title='bbox 472 873 569 947; x_wconf 84' lang='lat' dir='ltr'>dixit</span> <span class='ocrx_word' id='word_1_28' title='bbox 583 873 754 973; x_wconf 89' lang='lat' dir='ltr'>placidos</span> <span class='ocrx_word' id='word_1_29' title='bbox 768 872 943 947; x_wconf 85' lang='lat' dir='ltr'>facientia</span> <span class='ocrx_word' id='word_1_30' title='bbox 960 896 1125 959; x_wconf 85' lang='lat' dir='ltr'>somnos,</span> <span class='ocrx_word' id='word_1_31' title='bbox 1187 874 1189 877; x_wconf 77' lang='grc'><strong>’</strong></span> 
     </span>
     <span class='ocr_line' id='line_1_6' title="bbox 176 987 1225 1087; baseline -0.002 -25"><span class='ocrx_word' id='word_1_32' title='bbox 176 987 271 1072; x_wconf 82' lang='lat' dir='ltr'>Quae</span> <span class='ocrx_word' id='word_1_33' title='bbox 289 1014 392 1064; x_wconf 89' lang='lat' dir='ltr'>mare</span> <span class='ocrx_word' id='word_1_34' title='bbox 410 991 615 1077; x_wconf 91' lang='lat' dir='ltr'>turbatum,</span> <span class='ocrx_word' id='word_1_35' title='bbox 632 1014 719 1087; x_wconf 88' lang='lat' dir='ltr'>quae</span> <span class='ocrx_word' id='word_1_36' title='bbox 733 989 882 1063; x_wconf 89' lang='lat' dir='ltr'>concita</span> <span class='ocrx_word' id='word_1_37' title='bbox 898 987 1054 1061; x_wconf 89' lang='lat' dir='ltr'>flumina</span> <span class='ocrx_word' id='word_1_38' title='bbox 1066 987 1225 1076; x_wconf 90' lang='lat' dir='ltr'>sistant;</span> 
     </span>
     <span class='ocr_line' id='line_1_7' title="bbox 178 1104 1225 1202; baseline -0.001 -25"><span class='ocrx_word' id='word_1_39' title='bbox 178 1104 341 1178; x_wconf 89' lang='lat' dir='ltr'>Somnus</span> <span class='ocrx_word' id='word_1_40' title='bbox 359 1106 398 1179; x_wconf 89' lang='lat' dir='ltr'>in</span> <span class='ocrx_word' id='word_1_41' title='bbox 415 1106 566 1202; x_wconf 85' lang='lat' dir='ltr'>ignotos</span> <span class='ocrx_word' id='word_1_42' title='bbox 585 1107 713 1181; x_wconf 88' lang='lat' dir='ltr'>oculos</span> <span class='ocrx_word' id='word_1_43' title='bbox 732 1104 905 1192; x_wconf 83' lang='lat' dir='ltr'>advenit3</span> <span class='ocrx_word' id='word_1_44' title='bbox 927 1114 965 1177; x_wconf 90' lang='lat' dir='ltr'>et</span> <span class='ocrx_word' id='word_1_45' title='bbox 983 1127 1072 1177; x_wconf 90' lang='lat' dir='ltr'>auro</span> <span class='ocrx_word' id='word_1_46' title='bbox 1155 1106 1225 1178; x_wconf 87' lang='lat'>155</span> 
     </span>
     <span class='ocr_line' id='line_1_8' title="bbox 177 1220 1118 1321; baseline -0.001 -28"><span class='ocrx_word' id='word_1_47' title='bbox 177 1220 300 1295; x_wconf 90' lang='lat' dir='ltr'>Heros</span> <span class='ocrx_word' id='word_1_48' title='bbox 318 1221 494 1317; x_wconf 87' lang='lat' dir='ltr'>AEsonius</span> <span class='ocrx_word' id='word_1_49' title='bbox 512 1223 674 1321; x_wconf 84' lang='lat' dir='ltr'>potitur3</span> <span class='ocrx_word' id='word_1_50' title='bbox 704 1221 902 1320; x_wconf 90' lang='lat' dir='ltr'>spolioque</span> <span class='ocrx_word' id='word_1_51' title='bbox 920 1220 1118 1317; x_wconf 69' lang='lat' dir='ltr'>superbus</span> 
     </span>
     <span class='ocr_line' id='line_1_9' title="bbox 177 1337 1187 1436; baseline -0.002 -25"><span class='ocrx_word' id='word_1_52' title='bbox 177 1337 349 1413; x_wconf 82' lang='lat' dir='ltr'>Muneris</span> <span class='ocrx_word' id='word_1_53' title='bbox 363 1350 554 1413; x_wconf 85' lang='lat' dir='ltr'>auctorem</span> <span class='ocrx_word' id='word_1_54' title='bbox 572 1363 713 1424; x_wconf 91' lang='lat' dir='ltr'>secum,</span> <span class='ocrx_word' id='word_1_55' title='bbox 733 1337 854 1436; x_wconf 90' lang='lat' dir='ltr'>spolia</span> <span class='ocrx_word' id='word_1_56' title='bbox 871 1337 1000 1423; x_wconf 90' lang='lat' dir='ltr'>altera,</span> <span class='ocrx_word' id='word_1_57' title='bbox 1020 1345 1187 1434; x_wconf 89' lang='lat' dir='ltr'>portans,</span> 
     </span>
    </p>
   </div>
   <div class='ocr_carea' id='block_1_3' title="bbox 171 1536 687 4275">
    <p class='ocr_par' dir='ltr' id='par_1_3' title="bbox 177 1536 680 2174">
     <span class='ocr_line' id='line_1_10' title="bbox 210 1536 677 1604; baseline 0.002 -18"><span class='ocrx_word' id='word_1_58' title='bbox 210 1541 267 1589; x_wconf 79' lang='lat'>152.</span> <span class='ocrx_word' id='word_1_59' title='bbox 290 1540 411 1598; x_wconf 73' lang='lat' dir='ltr'>Latiam,-</span> <span class='ocrx_word' id='word_1_60' title='bbox 434 1538 525 1589; x_wconf 88' lang='lat' dir='ltr'>habens</span> <span class='ocrx_word' id='word_1_61' title='bbox 544 1536 592 1594; x_wconf 87' lang='lat' dir='ltr'>vim</span> <span class='ocrx_word' id='word_1_62' title='bbox 610 1555 677 1604; x_wconf 89' lang='lat' dir='ltr'>sopo-</span> 
     </span>
     <span class='ocr_line' id='line_1_11' title="bbox 177 1613 678 1678; baseline 0 -17"><span class='ocrx_word' id='word_1_63' title='bbox 177 1613 276 1671; x_wconf 80' lang='lat' dir='ltr'>rificem‚</span> <span class='ocrx_word' id='word_1_64' title='bbox 303 1622 331 1662; x_wconf 89' lang='lat' dir='ltr'>ut</span> <span class='ocrx_word' id='word_1_65' title='bbox 359 1615 438 1662; x_wconf 75' lang='lat' dir='ltr'>lethus</span> <span class='ocrx_word' id='word_1_66' title='bbox 464 1631 589 1677; x_wconf 78' lang='lat' dir='ltr'>papavera,</span> <span class='ocrx_word' id='word_1_67' title='bbox 610 1614 678 1678; x_wconf 79' lang='lat' dir='ltr'>Virg.</span> 
     </span>
     <span class='ocr_line' id='line_1_12' title="bbox 178 1688 679 1754; baseline -0.008 -14"><span class='ocrx_word' id='word_1_68' title='bbox 178 1689 268 1753; x_wconf 85' lang='lat' dir='ltr'>Georg.</span> <span class='ocrx_word' id='word_1_69' title='bbox 284 1689 316 1738; x_wconf 86' lang='lat' dir='ltr'>iv.</span> <span class='ocrx_word' id='word_1_70' title='bbox 335 1690 394 1739; x_wconf 81' lang='lat'>545.</span> <span class='ocrx_word' id='word_1_71' title='bbox 417 1688 493 1754; x_wconf 88' lang='lat' dir='ltr'>Apud</span> <span class='ocrx_word' id='word_1_72' title='bbox 512 1689 588 1754; x_wconf 91' lang='lat' dir='ltr'>Orph.</span> <span class='ocrx_word' id='word_1_73' title='bbox 607 1690 679 1737; x_wconf 76' lang='lat'>1002.</span> 
     </span>
     <span class='ocr_line' id='line_1_13' title="bbox 179 1763 678 1827; baseline 0.002 -17"><span class='ocrx_word' id='word_1_74' title='bbox 179 1763 228 1827; x_wconf 89' lang='lat' dir='ltr'>ipse</span> <span class='ocrx_word' id='word_1_75' title='bbox 247 1763 358 1827; x_wconf 89' lang='lat' dir='ltr'>Orpheus</span> <span class='ocrx_word' id='word_1_76' title='bbox 376 1779 485 1811; x_wconf 86' lang='lat' dir='ltr'>somnum</span> <span class='ocrx_word' id='word_1_77' title='bbox 507 1763 617 1819; x_wconf 88' lang='lat' dir='ltr'>advocat,</span> <span class='ocrx_word' id='word_1_78' title='bbox 637 1779 678 1812; x_wconf 90' lang='lat' dir='ltr'>ve-</span> 
     </span>
     <span class='ocr_line' id='line_1_14' title="bbox 179 1837 679 1902; baseline 0.002 -17"><span class='ocrx_word' id='word_1_79' title='bbox 179 1837 246 1886; x_wconf 88' lang='lat' dir='ltr'>niens</span> <span class='ocrx_word' id='word_1_80' title='bbox 256 1837 334 1902; x_wconf 83' lang='lat' dir='ltr'>sopiat</span> <span class='ocrx_word' id='word_1_81' title='bbox 345 1837 393 1886; x_wconf 86' lang='lat' dir='ltr'>vim</span> <span class='ocrx_word' id='word_1_82' title='bbox 409 1837 525 1886; x_wconf 82' lang='lat' dir='ltr'>draconis.</span> <span class='ocrx_word' id='word_1_83' title='bbox 560 1838 615 1891; x_wconf 76' lang='lat' dir='ltr'>Qua</span> <span class='ocrx_word' id='word_1_84' title='bbox 626 1855 679 1886; x_wconf 80' lang='lat' dir='ltr'>con·</span> 
     </span>
     <span class='ocr_line' id='line_1_15' title="bbox 179 1909 679 2023; baseline -0.008 -61"><span class='ocrx_word' id='word_1_85' title='bbox 179 1914 233 1968; x_wconf 82' lang='lat' dir='ltr'>cita,</span> <span class='ocrx_word' id='word_1_86' title='bbox 251 1920 298 1960; x_wconf 91' lang='lat' dir='ltr'>etc.</span> <span class='ocrx_word' id='word_1_87' title='bbox 316 1927 345 1959; x_wconf 85' lang='lat' dir='ltr'>ex</span> <span class='ocrx_word' id='word_1_88' title='bbox 362 1909 476 2023; x_wconf 83' lang='lat' dir='ltr'>Apollon.</span> <span class='ocrx_word' id='word_1_89' title='bbox 491 1911 525 1960; x_wconf 93' lang='lat' dir='ltr'>iii.</span> <span class='ocrx_word' id='word_1_90' title='bbox 542 1912 603 1961; x_wconf 84' lang='lat'>530:</span> <span class='ocrx_word' id='word_1_91' title='bbox 621 1909 679 1977; x_wconf 78' lang='grc' dir='ltr'><strong><em>φάρ-</em></strong></span> 
     </span>
     <span class='ocr_line' id='line_1_16' title="bbox 179 1972 680 2041; baseline 0.002 -16"><span class='ocrx_word' id='word_1_92' title='bbox 179 1995 254 2040; x_wconf 76' lang='grc' dir='ltr'><em>μακα,</em></span> <span class='ocrx_word' id='word_1_93' title='bbox 279 1977 332 2034; x_wconf 75' lang='grc' dir='ltr'><em>τοῖς</em></span> <span class='ocrx_word' id='word_1_94' title='bbox 355 1993 387 2024; x_wconf 81' lang='grc' dir='ltr'>κα</span> <span class='ocrx_word' id='word_1_95' title='bbox 422 1977 554 2041; x_wconf 72' lang='grc' dir='ltr'><em>ποταμοὺς</em></span> <span class='ocrx_word' id='word_1_96' title='bbox 577 1972 680 2037; x_wconf 74' lang='grc' dir='ltr'>ἵστησιν</span> 
     </span>
     <span class='ocr_line' id='line_1_17' title="bbox 178 2047 680 2115; baseline 0.002 -16"><span class='ocrx_word' id='word_1_97' title='bbox 178 2051 244 2115; x_wconf 78' lang='grc' dir='ltr'><em>ἄφαρ</em></span> <span class='ocrx_word' id='word_1_98' title='bbox 266 2048 393 2101; x_wconf 73' lang='grc' dir='ltr'>κελαδεινὰ</span> <span class='ocrx_word' id='word_1_99' title='bbox 413 2047 524 2114; x_wconf 68' lang='grc' dir='ltr'>ῥέοντας.</span> <span class='ocrx_word' id='word_1_100' title='bbox 563 2050 602 2100; x_wconf 84' lang='lat' dir='ltr'>Cf.</span> <span class='ocrx_word' id='word_1_101' title='bbox 618 2051 680 2100; x_wconf 83' lang='lat' dir='ltr'>infra</span> 
     </span>
     <span class='ocr_line' id='line_1_18' title="bbox 179 2126 296 2174; baseline 0 -2"><span class='ocrx_word' id='word_1_102' title='bbox 179 2141 228 2174; x_wconf 87' lang='lat' dir='ltr'>ver.</span> <span class='ocrx_word' id='word_1_103' title='bbox 241 2126 296 2174; x_wconf 83' lang='lat'>199.</span> 
     </span>
    </p>

    <p class='ocr_par' dir='ltr' id='par_1_4' title="bbox 171 2199 687 4275">
     <span class='ocr_line' id='line_1_19' title="bbox 171 2199 679 2264; baseline 0.006 -19"><span class='ocrx_word' id='word_1_104' title='bbox 171 2204 175 2212; x_wconf 86' lang='grc'><strong>’</strong></span> <span class='ocrx_word' id='word_1_105' title='bbox 213 2200 270 2249; x_wconf 88' lang='lat'>155.</span> <span class='ocrx_word' id='word_1_106' title='bbox 290 2199 400 2264; x_wconf 80' lang='lat' dir='ltr'>Ignotos,¹</span> <span class='ocrx_word' id='word_1_107' title='bbox 425 2214 485 2263; x_wconf 86' lang='lat' dir='ltr'>quos</span> <span class='ocrx_word' id='word_1_108' title='bbox 503 2214 599 2248; x_wconf 85' lang='lat' dir='ltr'>somnus</span> <span class='ocrx_word' id='word_1_109' title='bbox 619 2216 679 2249; x_wconf 90' lang='lat' dir='ltr'>nun·</span> 
     </span>
     <span class='ocr_line' id='line_1_20' title="bbox 179 2274 678 2338; baseline 0 -16"><span class='ocrx_word' id='word_1_110' title='bbox 179 2289 251 2338; x_wconf 86' lang='lat' dir='ltr'>qnam</span> <span class='ocrx_word' id='word_1_111' title='bbox 260 2283 418 2338; x_wconf 88' lang='lat' dir='ltr'>oppresserat.</span> <span class='ocrx_word' id='word_1_112' title='bbox 436 2274 534 2330; x_wconf 87' lang='lat' dir='ltr'>Seneca,</span> <span class='ocrx_word' id='word_1_113' title='bbox 540 2274 608 2323; x_wconf 88' lang='lat' dir='ltr'>Med.</span> <span class='ocrx_word' id='word_1_114' title='bbox 616 2275 678 2322; x_wconf 78' lang='lat'>472:</span> 
     </span>
     <span class='ocr_line' id='line_1_21' title="bbox 180 2349 680 2414; baseline 0 -17"><span class='ocrx_word' id='word_1_115' title='bbox 180 2366 254 2397; x_wconf 76' lang='lat' dir='ltr'>mmno</span> <span class='ocrx_word' id='word_1_116' title='bbox 277 2350 365 2396; x_wconf 80' lang='lat' dir='ltr'>lumina</span> <span class='ocrx_word' id='word_1_117' title='bbox 383 2353 462 2414; x_wconf 77' lang='lat' dir='ltr'>ignoto</span> <span class='ocrx_word' id='word_1_118' title='bbox 478 2351 542 2396; x_wconf 80' lang='lat' dir='ltr'>dare.</span> <span class='ocrx_word' id='word_1_119' title='bbox 579 2349 680 2398; x_wconf 83' lang='lat' dir='ltr'>Somnus</span> 
     </span>
     <span class='ocr_line' id='line_1_22' title="bbox 179 2420 680 2488; baseline 0 -16"><span class='ocrx_word' id='word_1_120' title='bbox 179 2420 302 2488; x_wconf 77' lang='lat' dir='ltr'>eleganter</span> <span class='ocrx_word' id='word_1_121' title='bbox 313 2422 400 2472; x_wconf 84' lang='lat' dir='ltr'>dicitnr</span> <span class='ocrx_word' id='word_1_122' title='bbox 410 2440 497 2486; x_wconf 77' lang='lat' dir='ltr'>repara,</span> <span class='ocrx_word' id='word_1_123' title='bbox 508 2426 620 2485; x_wconf 79' lang='lat' dir='ltr'>obrepere,</span> <span class='ocrx_word' id='word_1_124' title='bbox 629 2427 680 2472; x_wconf 80' lang='lat' dir='ltr'>tub·</span> 
     </span>
     <span class='ocr_line' id='line_1_23' title="bbox 179 2496 681 2560; baseline 0.008 -17"><span class='ocrx_word' id='word_1_125' title='bbox 179 2514 266 2560; x_wconf 73' lang='lat' dir='ltr'>repere,</span> <span class='ocrx_word' id='word_1_126' title='bbox 286 2501 403 2559; x_wconf 74' lang='lat' dir='ltr'>irrepere,</span> <span class='ocrx_word' id='word_1_127' title='bbox 420 2497 469 2545; x_wconf 85' lang='lat' dir='ltr'>vid.</span> <span class='ocrx_word' id='word_1_128' title='bbox 485 2496 614 2545; x_wconf 81' lang='lat' dir='ltr'>Heinsius:</span> <span class='ocrx_word' id='word_1_129' title='bbox 640 2497 681 2547; x_wconf 79' lang='lat' dir='ltr'>sed</span> 
     </span>
     <span class='ocr_line' id='line_1_24' title="bbox 181 2570 682 2636; baseline 0 -16"><span class='ocrx_word' id='word_1_130' title='bbox 181 2587 228 2620; x_wconf 87' lang='lat' dir='ltr'>noo</span> <span class='ocrx_word' id='word_1_131' title='bbox 242 2571 321 2620; x_wconf 85' lang='lat' dir='ltr'>minus</span> <span class='ocrx_word' id='word_1_132' title='bbox 333 2570 455 2636; x_wconf 83' lang='lat' dir='ltr'>eleganter</span> <span class='ocrx_word' id='word_1_133' title='bbox 465 2574 552 2627; x_wconf 81' lang='lat' dir='ltr'>uenire,</span> <span class='ocrx_word' id='word_1_134' title='bbox 564 2573 635 2628; x_wconf 78' lang='lat' dir='ltr'>abira,</span> <span class='ocrx_word' id='word_1_135' title='bbox 644 2588 682 2620; x_wconf 83' lang='lat' dir='ltr'>re·</span> 
     </span>
     <span class='ocr_line' id='line_1_25' title="bbox 180 2644 681 2704; baseline 0 -9"><span class='ocrx_word' id='word_1_136' title='bbox 180 2648 247 2704; x_wconf 68' lang='lat' dir='ltr'>dim</span> <span class='ocrx_word' id='word_1_137' title='bbox 272 2644 321 2694; x_wconf 88' lang='lat' dir='ltr'>vid.</span> <span class='ocrx_word' id='word_1_138' title='bbox 341 2646 501 2694; x_wconf 80' lang='lat' dir='ltr'>Burmannus.</span> <span class='ocrx_word' id='word_1_139' title='bbox 540 2647 612 2695; x_wconf 82' lang='lat' dir='ltr'>Auro.</span> <span class='ocrx_word' id='word_1_140' title='bbox 634 2646 681 2695; x_wconf 91' lang='lat' dir='ltr'>Hic</span> 
     </span>
     <span class='ocr_line' id='line_1_26' title="bbox 181 2719 682 2784; baseline -0.002 -14"><span class='ocrx_word' id='word_1_141' title='bbox 181 2735 299 2784; x_wconf 84' lang='lat' dir='ltr'>nequeam</span> <span class='ocrx_word' id='word_1_142' title='bbox 318 2735 365 2768; x_wconf 91' lang='lat' dir='ltr'>non</span> <span class='ocrx_word' id='word_1_143' title='bbox 385 2721 471 2770; x_wconf 85' lang='lat' dir='ltr'>referre</span> <span class='ocrx_word' id='word_1_144' title='bbox 492 2719 555 2769; x_wconf 83' lang='lat' dir='ltr'>docti</span> <span class='ocrx_word' id='word_1_145' title='bbox 571 2720 682 2770; x_wconf 81' lang='lat' dir='ltr'>Famabii</span> 
     </span>
     <span class='ocr_line' id='line_1_27' title="bbox 181 2793 681 2855; baseline -0.004 -10"><span class='ocrx_word' id='word_1_146' title='bbox 181 2794 300 2845; x_wconf 85' lang='lat' dir='ltr'>diatribeo</span> <span class='ocrx_word' id='word_1_147' title='bbox 318 2794 350 2844; x_wconf 88' lang='lat' dir='ltr'>ad</span> <span class='ocrx_word' id='word_1_148' title='bbox 368 2793 432 2844; x_wconf 86' lang='lat' dir='ltr'>bunc</span> <span class='ocrx_word' id='word_1_149' title='bbox 450 2795 538 2846; x_wconf 85' lang='lat' dir='ltr'>locum.</span> <span class='ocrx_word' id='word_1_150' title='bbox 572 2801 587 2824; x_wconf 82' lang='lat'>¹¹</span> <span class='ocrx_word' id='word_1_151' title='bbox 599 2796 681 2855; x_wconf 58' lang='lat' dir='ltr'>Aaou</span> 
     </span>
     <span class='ocr_line' id='line_1_28' title="bbox 182 2868 682 2935; baseline 0.002 -19"><span class='ocrx_word' id='word_1_152' title='bbox 182 2884 253 2918; x_wconf 86' lang='lat' dir='ltr'>aureo</span> <span class='ocrx_word' id='word_1_153' title='bbox 261 2869 364 2918; x_wconf 84' lang='lat' dir='ltr'>vellere:</span> <span class='ocrx_word' id='word_1_154' title='bbox 376 2869 419 2919; x_wconf 89' lang='lat' dir='ltr'>sed</span> <span class='ocrx_word' id='word_1_155' title='bbox 426 2868 484 2935; x_wconf 88' lang='lat' dir='ltr'>qnid</span> <span class='ocrx_word' id='word_1_156' title='bbox 492 2868 570 2918; x_wconf 87' lang='lat' dir='ltr'>illudl</span> <span class='ocrx_word' id='word_1_157' title='bbox 581 2870 682 2920; x_wconf 88' lang='lat' dir='ltr'>Utrum·</span> 
     </span>
     <span class='ocr_line' id='line_1_29' title="bbox 181 2944 683 3008; baseline -0.002 -15"><span class='ocrx_word' id='word_1_158' title='bbox 181 2959 212 2993; x_wconf 87' lang='lat' dir='ltr'>ne</span> <span class='ocrx_word' id='word_1_159' title='bbox 233 2944 294 2993; x_wconf 84' lang='lat' dir='ltr'>aries</span> <span class='ocrx_word' id='word_1_160' title='bbox 313 2959 368 2993; x_wconf 87' lang='lat' dir='ltr'>vere</span> <span class='ocrx_word' id='word_1_161' title='bbox 389 2959 461 2992; x_wconf 88' lang='lat' dir='ltr'>aureo</span> <span class='ocrx_word' id='word_1_162' title='bbox 479 2944 566 2993; x_wconf 88' lang='lat' dir='ltr'>vellere</span> <span class='ocrx_word' id='word_1_163' title='bbox 584 2944 683 3008; x_wconf 84' lang='lat' dir='ltr'>insignis</span> 
     </span>
     <span class='ocr_line' id='line_1_30' title="bbox 182 3017 682 3067; baseline 0.004 -2"><span class='ocrx_word' id='word_1_164' title='bbox 182 3033 211 3065; x_wconf 87' lang='lat' dir='ltr'>ex</span> <span class='ocrx_word' id='word_1_165' title='bbox 228 3017 344 3066; x_wconf 86' lang='lat' dir='ltr'>Mercurii</span> <span class='ocrx_word' id='word_1_166' title='bbox 361 3020 489 3067; x_wconf 84' lang='lat' dir='ltr'>contactul</span> <span class='ocrx_word' id='word_1_167' title='bbox 505 3024 533 3065; x_wconf 88' lang='lat' dir='ltr'>ut</span> <span class='ocrx_word' id='word_1_168' title='bbox 543 3017 627 3066; x_wconf 88' lang='lat' dir='ltr'>volunt</span> <span class='ocrx_word' id='word_1_169' title='bbox 637 3019 682 3067; x_wconf 90' lang='lat' dir='ltr'>Or·</span> 
     </span>
     <span class='ocr_line' id='line_1_31' title="bbox 182 3092 683 3157; baseline 0.004 -18"><span class='ocrx_word' id='word_1_170' title='bbox 182 3093 268 3157; x_wconf 89' lang='lat' dir='ltr'>pheus,</span> <span class='ocrx_word' id='word_1_171' title='bbox 289 3092 442 3157; x_wconf 84' lang='lat' dir='ltr'>Apollonius,</span> <span class='ocrx_word' id='word_1_172' title='bbox 463 3092 582 3149; x_wconf 81' lang='lat' dir='ltr'>Catullus,</span> <span class='ocrx_word' id='word_1_173' title='bbox 603 3093 683 3157; x_wconf 87' lang='lat' dir='ltr'>cujus-</span> 
     </span>
     <span class='ocr_line' id='line_1_32' title="bbox 182 3166 684 3233; baseline 0.006 -19"><span class='ocrx_word' id='word_1_174' title='bbox 182 3166 247 3215; x_wconf 86' lang='lat' dir='ltr'>modi</span> <span class='ocrx_word' id='word_1_175' title='bbox 262 3182 278 3216; x_wconf 84' lang='lat' dir='ltr'>a</span> <span class='ocrx_word' id='word_1_176' title='bbox 294 3166 415 3216; x_wconf 89' lang='lat' dir='ltr'>Simonide</span> <span class='ocrx_word' id='word_1_177' title='bbox 431 3175 546 3216; x_wconf 83' lang='lat' dir='ltr'>vocantur</span> <span class='ocrx_word' id='word_1_178' title='bbox 565 3183 684 3233; x_wconf 82' lang='lat' dir='ltr'>purpurea</span> 
     </span>
     <span class='ocr_line' id='line_1_33' title="bbox 183 3239 683 3306; baseline 0 -17"><span class='ocrx_word' id='word_1_179' title='bbox 183 3249 226 3289; x_wconf 86' lang='lat' dir='ltr'>aut</span> <span class='ocrx_word' id='word_1_180' title='bbox 236 3239 347 3291; x_wconf 87' lang='lat' dir='ltr'>candida.</span> <span class='ocrx_word' id='word_1_181' title='bbox 364 3242 380 3290; x_wconf 91' lang='lat' dir='ltr'><strong>J</strong></span> <span class='ocrx_word' id='word_1_182' title='bbox 382 3274 389 3288; x_wconf 85' lang='lat'>.</span> <span class='ocrx_word' id='word_1_183' title='bbox 399 3242 478 3289; x_wconf 86' lang='lat' dir='ltr'>Tzetz.</span> <span class='ocrx_word' id='word_1_184' title='bbox 491 3239 613 3306; x_wconf 76' lang='grc' dir='ltr'><em>Πρόβατα</em></span> <span class='ocrx_word' id='word_1_185' title='bbox 624 3258 683 3306; x_wconf 82' lang='grc' dir='ltr'><strong>χρυ·</strong></span> 
     </span>
     <span class='ocr_line' id='line_1_34' title="bbox 183 3314 683 3380; baseline 0.002 -15"><span class='ocrx_word' id='word_1_186' title='bbox 183 3316 279 3380; x_wconf 82' lang='grc' dir='ltr'><strong>σόχροα</strong></span> <span class='ocrx_word' id='word_1_187' title='bbox 297 3314 402 3380; x_wconf 76' lang='grc' dir='ltr'>φέροντα</span> <span class='ocrx_word' id='word_1_188' title='bbox 419 3317 469 3376; x_wconf 76' lang='grc' dir='ltr'>τὴν</span> <span class='ocrx_word' id='word_1_189' title='bbox 485 3315 574 3379; x_wconf 67' lang='grc' dir='ltr'><strong>ἐρίανῖ</strong></span> <span class='ocrx_word' id='word_1_190' title='bbox 589 3316 630 3364; x_wconf 84' lang='lat' dir='ltr'>An</span> <span class='ocrx_word' id='word_1_191' title='bbox 642 3332 683 3366; x_wconf 85' lang='lat' dir='ltr'>na·</span> 
     </span>
     <span class='ocr_line' id='line_1_35' title="bbox 182 3388 683 3454; baseline 0.008 -18"><span class='ocrx_word' id='word_1_192' title='bbox 182 3389 232 3438; x_wconf 86' lang='lat' dir='ltr'>tivo</span> <span class='ocrx_word' id='word_1_193' title='bbox 246 3388 350 3453; x_wconf 85' lang='lat' dir='ltr'>insignia</span> <span class='ocrx_word' id='word_1_194' title='bbox 359 3390 440 3446; x_wconf 82' lang='lat' dir='ltr'>rutilo,</span> <span class='ocrx_word' id='word_1_195' title='bbox 453 3390 535 3454; x_wconf 85' lang='lat' dir='ltr'>qualia</span> <span class='ocrx_word' id='word_1_196' title='bbox 544 3390 618 3440; x_wconf 83' lang='lat' dir='ltr'>babet</span> <span class='ocrx_word' id='word_1_197' title='bbox 629 3392 683 3440; x_wconf 90' lang='lat' dir='ltr'>Ibe-</span> 
     </span>
     <span class='ocr_line' id='line_1_36' title="bbox 183 3462 683 3529; baseline -0.002 -16"><span class='ocrx_word' id='word_1_198' title='bbox 183 3463 237 3513; x_wconf 82' lang='lat' dir='ltr'>rial</span> <span class='ocrx_word' id='word_1_199' title='bbox 254 3462 343 3528; x_wconf 91' lang='lat' dir='ltr'>quippe</span> <span class='ocrx_word' id='word_1_200' title='bbox 359 3462 394 3512; x_wconf 94' lang='lat' dir='ltr'>ibi</span> <span class='ocrx_word' id='word_1_201' title='bbox 409 3463 499 3514; x_wconf 89' lang='lat' dir='ltr'>talento</span> <span class='ocrx_word' id='word_1_202' title='bbox 516 3463 622 3529; x_wconf 84' lang='lat' dir='ltr'>singulos</span> <span class='ocrx_word' id='word_1_203' title='bbox 638 3463 683 3512; x_wconf 92' lang='lat' dir='ltr'>emi</span> 
     </span>
     <span class='ocr_line' id='line_1_37' title="bbox 183 3537 683 3603; baseline 0.002 -16"><span class='ocrx_word' id='word_1_204' title='bbox 183 3538 270 3589; x_wconf 84' lang='lat' dir='ltr'>arietes</span> <span class='ocrx_word' id='word_1_205' title='bbox 279 3538 313 3596; x_wconf 76' lang='grc' dir='ltr'>εἰς</span> <span class='ocrx_word' id='word_1_206' title='bbox 322 3538 366 3596; x_wconf 76' lang='grc' dir='ltr'>τὰς</span> <span class='ocrx_word' id='word_1_207' title='bbox 377 3537 495 3603; x_wconf 77' lang='grc' dir='ltr'>ὀσχείρας</span> <span class='ocrx_word' id='word_1_208' title='bbox 505 3539 575 3588; x_wconf 83' lang='lat' dir='ltr'>refert</span> <span class='ocrx_word' id='word_1_209' title='bbox 590 3539 683 3596; x_wconf 88' lang='lat' dir='ltr'>Strabo,</span> 
     </span>
     <span class='ocr_line' id='line_1_38' title="bbox 184 3612 685 3679; baseline 0.004 -19"><span class='ocrx_word' id='word_1_210' title='bbox 184 3613 227 3662; x_wconf 91' lang='lat' dir='ltr'>lib.</span> <span class='ocrx_word' id='word_1_211' title='bbox 245 3612 280 3661; x_wconf 86' lang='lat' dir='ltr'>iii.</span> <span class='ocrx_word' id='word_1_212' title='bbox 311 3614 390 3679; x_wconf 85' lang='lat' dir='ltr'>Spart.</span> <span class='ocrx_word' id='word_1_213' title='bbox 410 3614 435 3660; x_wconf 89' lang='lat' dir='ltr'>in</span> <span class='ocrx_word' id='word_1_214' title='bbox 454 3613 503 3663; x_wconf 86' lang='lat' dir='ltr'>vita</span> <span class='ocrx_word' id='word_1_215' title='bbox 517 3612 685 3671; x_wconf 70' lang='lat' dir='ltr'>Diadumeni,</span> 
     </span>
     <span class='ocr_line' id='line_1_39' title="bbox 183 3687 685 3752; baseline 0.004 -16"><span class='ocrx_word' id='word_1_216' title='bbox 183 3687 245 3738; x_wconf 88' lang='lat' dir='ltr'>inter</span> <span class='ocrx_word' id='word_1_217' title='bbox 262 3687 357 3752; x_wconf 89' lang='lat' dir='ltr'>imperii</span> <span class='ocrx_word' id='word_1_218' title='bbox 374 3688 521 3752; x_wconf 87' lang='lat' dir='ltr'>adipiscendi</span> <span class='ocrx_word' id='word_1_219' title='bbox 542 3688 629 3744; x_wconf 87' lang='lat' dir='ltr'>omina,</span> <span class='ocrx_word' id='word_1_220' title='bbox 649 3704 685 3738; x_wconf 89' lang='lat' dir='ltr'>re·</span> 
     </span>
     <span class='ocr_line' id='line_1_40' title="bbox 184 3762 686 3828; baseline -0.002 -16"><span class='ocrx_word' id='word_1_221' title='bbox 184 3770 266 3812; x_wconf 89' lang='lat' dir='ltr'>censet</span> <span class='ocrx_word' id='word_1_222' title='bbox 276 3762 302 3812; x_wconf 88' lang='lat' dir='ltr'>in</span> <span class='ocrx_word' id='word_1_223' title='bbox 314 3777 370 3826; x_wconf 88' lang='lat' dir='ltr'>agro</span> <span class='ocrx_word' id='word_1_224' title='bbox 381 3762 456 3827; x_wconf 89' lang='lat' dir='ltr'>patris</span> <span class='ocrx_word' id='word_1_225' title='bbox 467 3763 519 3828; x_wconf 84' lang='lat' dir='ltr'>ejus</span> <span class='ocrx_word' id='word_1_226' title='bbox 530 3779 586 3811; x_wconf 89' lang='lat' dir='ltr'>oves</span> <span class='ocrx_word' id='word_1_227' title='bbox 597 3779 686 3827; x_wconf 91' lang='lat' dir='ltr'>purpu-</span> 
     </span>
     <span class='ocr_line' id='line_1_41' title="bbox 184 3836 687 3902; baseline 0.002 -17"><span class='ocrx_word' id='word_1_228' title='bbox 184 3853 237 3887; x_wconf 86' lang='lat' dir='ltr'>reas</span> <span class='ocrx_word' id='word_1_229' title='bbox 248 3845 324 3887; x_wconf 85' lang='lat' dir='ltr'>natas.</span> <span class='ocrx_word' id='word_1_230' title='bbox 357 3837 421 3887; x_wconf 88' lang='lat' dir='ltr'>Vide</span> <span class='ocrx_word' id='word_1_231' title='bbox 432 3853 486 3902; x_wconf 78' lang='lat' dir='ltr'>quae</span> <span class='ocrx_word' id='word_1_232' title='bbox 501 3853 543 3885; x_wconf 88' lang='lat' dir='ltr'>nos</span> <span class='ocrx_word' id='word_1_233' title='bbox 555 3836 586 3886; x_wconf 89' lang='lat' dir='ltr'>ad</span> <span class='ocrx_word' id='word_1_234' title='bbox 597 3837 687 3902; x_wconf 84' lang='lat' dir='ltr'>Thyes·</span> 
     </span>
     <span class='ocr_line' id='line_1_42' title="bbox 185 3912 685 3970; baseline -0.004 -8"><span class='ocrx_word' id='word_1_235' title='bbox 185 3922 226 3962; x_wconf 89' lang='lat' dir='ltr'>ten</span> <span class='ocrx_word' id='word_1_236' title='bbox 247 3913 355 3970; x_wconf 74' lang='lat' dir='ltr'>Seneca,</span> <span class='ocrx_word' id='word_1_237' title='bbox 376 3928 446 3962; x_wconf 86' lang='lat' dir='ltr'>versu</span> <span class='ocrx_word' id='word_1_238' title='bbox 467 3914 525 3960; x_wconf 78' lang='lat'>222.</span> <span class='ocrx_word' id='word_1_239' title='bbox 547 3912 578 3960; x_wconf 92' lang='lat' dir='ltr'>de</span> <span class='ocrx_word' id='word_1_240' title='bbox 600 3926 685 3961; x_wconf 89' lang='lat' dir='ltr'>arcano</span> 
     </span>
     <span class='ocr_line' id='line_1_43' title="bbox 184 3986 686 4051; baseline 0 -17"><span class='ocrx_word' id='word_1_241' title='bbox 184 3986 366 4036; x_wconf 85' lang='lat' dir='ltr'>Tantalidarum</span> <span class='ocrx_word' id='word_1_242' title='bbox 389 3986 463 4037; x_wconf 84' lang='lat' dir='ltr'>ariete</span> <span class='ocrx_word' id='word_1_243' title='bbox 485 3995 509 4035; x_wconf 88' lang='lat' dir='ltr'>et</span> <span class='ocrx_word' id='word_1_244' title='bbox 530 3994 623 4051; x_wconf 85' lang='lat' dir='ltr'>sceptro</span> <span class='ocrx_word' id='word_1_245' title='bbox 643 4001 686 4034; x_wconf 89' lang='lat' dir='ltr'>au-</span> 
     </span>
     <span class='ocr_line' id='line_1_44' title="bbox 184 4060 686 4126; baseline -0.004 -17"><span class='ocrx_word' id='word_1_246' title='bbox 184 4070 244 4110; x_wconf 86' lang='lat' dir='ltr'>rato.</span> <span class='ocrx_word' id='word_1_247' title='bbox 277 4060 319 4109; x_wconf 86' lang='lat' dir='ltr'>An</span> <span class='ocrx_word' id='word_1_248' title='bbox 338 4062 397 4110; x_wconf 87' lang='lat' dir='ltr'>forte</span> <span class='ocrx_word' id='word_1_249' title='bbox 417 4061 499 4126; x_wconf 86' lang='lat' dir='ltr'>phiala</span> <span class='ocrx_word' id='word_1_250' title='bbox 517 4070 585 4110; x_wconf 87' lang='lat' dir='ltr'>erant</span> <span class='ocrx_word' id='word_1_251' title='bbox 606 4076 686 4116; x_wconf 89' lang='lat' dir='ltr'>aurea,</span> 
     </span>
     <span class='ocr_line' id='line_1_45' title="bbox 186 4135 687 4202; baseline -0.002 -18"><span class='ocrx_word' id='word_1_252' title='bbox 186 4136 255 4200; x_wconf 84' lang='lat' dir='ltr'>cujus</span> <span class='ocrx_word' id='word_1_253' title='bbox 269 4135 295 4185; x_wconf 90' lang='lat' dir='ltr'>in</span> <span class='ocrx_word' id='word_1_254' title='bbox 306 4136 384 4185; x_wconf 92' lang='lat' dir='ltr'>medio</span> <span class='ocrx_word' id='word_1_255' title='bbox 395 4136 634 4202; x_wconf 87' lang='lat' dir='ltr'>prominebatcaper,</span> <span class='ocrx_word' id='word_1_256' title='bbox 646 4142 687 4183; x_wconf 87' lang='lat' dir='ltr'>aut</span> 
     </span>
     <span class='ocr_line' id='line_1_46' title="bbox 187 4209 687 4275; baseline -0.006 -14"><span class='ocrx_word' id='word_1_257' title='bbox 187 4226 264 4275; x_wconf 53' lang='lat' dir='ltr'>mnus</span> <span class='ocrx_word' id='word_1_258' title='bbox 282 4212 386 4260; x_wconf 73' lang='lat' dir='ltr'>aureosi</span> <span class='ocrx_word' id='word_1_259' title='bbox 408 4219 434 4260; x_wconf 90' lang='lat' dir='ltr'>ut</span> <span class='ocrx_word' id='word_1_260' title='bbox 453 4211 525 4260; x_wconf 85' lang='lat' dir='ltr'>habet</span> <span class='ocrx_word' id='word_1_261' title='bbox 547 4209 687 4266; x_wconf 78' lang='lat' dir='ltr'>Athenaeus,</span> 
     </span>
    </p>
   </div>
   <div class='ocr_carea' id='block_1_4' title="bbox 727 1533 1233 3229">
    <p class='ocr_par' dir='ltr' id='par_1_5' title="bbox 727 1533 1233 3229">
     <span class='ocr_line' id='line_1_47' title="bbox 727 1533 1228 1602; baseline -0.006 -16"><span class='ocrx_word' id='word_1_262' title='bbox 727 1538 770 1587; x_wconf 89' lang='lat' dir='ltr'>lib.</span> <span class='ocrx_word' id='word_1_263' title='bbox 784 1537 817 1587; x_wconf 84' lang='lat' dir='ltr'>vi.</span> <span class='ocrx_word' id='word_1_264' title='bbox 832 1538 856 1585; x_wconf 81' lang='lat'>4.</span> <span class='ocrx_word' id='word_1_265' title='bbox 883 1536 923 1584; x_wconf 84' lang='lat' dir='ltr'>An</span> <span class='ocrx_word' id='word_1_266' title='bbox 938 1534 1060 1602; x_wconf 66' lang='lat' dir='ltr'>opulentia</span> <span class='ocrx_word' id='word_1_267' title='bbox 1077 1533 1228 1600; x_wconf 85' lang='lat' dir='ltr'>Scytharum,</span> 
     </span>
     <span class='ocr_line' id='line_1_48' title="bbox 728 1609 1226 1678; baseline -0.006 -17"><span class='ocrx_word' id='word_1_268' title='bbox 728 1612 792 1678; x_wconf 89' lang='lat' dir='ltr'>apud</span> <span class='ocrx_word' id='word_1_269' title='bbox 813 1627 872 1676; x_wconf 88' lang='lat' dir='ltr'>quos</span> <span class='ocrx_word' id='word_1_270' title='bbox 892 1609 1047 1668; x_wconf 82' lang='lat' dir='ltr'>aurifodinae;</span> <span class='ocrx_word' id='word_1_271' title='bbox 1063 1624 1108 1658; x_wconf 88' lang='lat' dir='ltr'>nec</span> <span class='ocrx_word' id='word_1_272' title='bbox 1124 1624 1172 1658; x_wconf 89' lang='lat' dir='ltr'>oon</span> <span class='ocrx_word' id='word_1_273' title='bbox 1189 1624 1226 1658; x_wconf 85' lang='lat' dir='ltr'>ra-</span> 
     </span>
     <span class='ocr_line' id='line_1_49' title="bbox 728 1684 1228 1742; baseline -0.008 -6"><span class='ocrx_word' id='word_1_274' title='bbox 728 1696 809 1736; x_wconf 88' lang='lat' dir='ltr'>menta</span> <span class='ocrx_word' id='word_1_275' title='bbox 823 1687 874 1735; x_wconf 86' lang='lat' dir='ltr'>auri</span> <span class='ocrx_word' id='word_1_276' title='bbox 890 1685 1028 1734; x_wconf 87' lang='lat' dir='ltr'>fluminibus</span> <span class='ocrx_word' id='word_1_277' title='bbox 1043 1684 1152 1742; x_wconf 86' lang='lat' dir='ltr'>devecta,</span> <span class='ocrx_word' id='word_1_278' title='bbox 1162 1693 1187 1737; x_wconf 87' lang='lat' dir='ltr'>et</span> <span class='ocrx_word' id='word_1_279' title='bbox 1196 1685 1228 1733; x_wconf 85' lang='lat' dir='ltr'>ab</span> 
     </span>
     <span class='ocr_line' id='line_1_50' title="bbox 728 1757 1230 1826; baseline -0.008 -16"><span class='ocrx_word' id='word_1_280' title='bbox 728 1762 812 1811; x_wconf 91' lang='lat' dir='ltr'>incolis</span> <span class='ocrx_word' id='word_1_281' title='bbox 830 1769 944 1826; x_wconf 80' lang='lat' dir='ltr'>excerpta</span> <span class='ocrx_word' id='word_1_282' title='bbox 958 1759 1047 1808; x_wconf 89' lang='lat' dir='ltr'>tabulis</span> <span class='ocrx_word' id='word_1_283' title='bbox 1064 1757 1187 1824; x_wconf 79' lang='lat' dir='ltr'>perforatis</span> <span class='ocrx_word' id='word_1_284' title='bbox 1204 1765 1230 1808; x_wconf 86' lang='lat' dir='ltr'>et</span> 
     </span>
     <span class='ocr_line' id='line_1_51' title="bbox 729 1832 1228 1899; baseline -0.01 -14"><span class='ocrx_word' id='word_1_285' title='bbox 729 1836 856 1885; x_wconf 87' lang='lat' dir='ltr'>velleribus</span> <span class='ocrx_word' id='word_1_286' title='bbox 871 1842 1005 1884; x_wconf 85' lang='lat' dir='ltr'>transverso</span> <span class='ocrx_word' id='word_1_287' title='bbox 1019 1832 1117 1882; x_wconf 86' lang='lat' dir='ltr'>flumine</span> <span class='ocrx_word' id='word_1_288' title='bbox 1128 1847 1228 1899; x_wconf 85' lang='lat' dir='ltr'>suspen·</span> 
     </span>
     <span class='ocr_line' id='line_1_52' title="bbox 730 1907 1229 1974; baseline -0.002 -17"><span class='ocrx_word' id='word_1_289' title='bbox 730 1912 770 1967; x_wconf 87' lang='lat' dir='ltr'>sis,</span> <span class='ocrx_word' id='word_1_290' title='bbox 785 1910 880 1974; x_wconf 82' lang='lat' dir='ltr'>Phryxo</span> <span class='ocrx_word' id='word_1_291' title='bbox 899 1908 973 1974; x_wconf 86' lang='lat' dir='ltr'>prius,</span> <span class='ocrx_word' id='word_1_292' title='bbox 989 1908 1077 1957; x_wconf 91' lang='lat' dir='ltr'>deinde</span> <span class='ocrx_word' id='word_1_293' title='bbox 1093 1907 1173 1956; x_wconf 88' lang='lat' dir='ltr'>Iasoni</span> <span class='ocrx_word' id='word_1_294' title='bbox 1187 1923 1229 1956; x_wconf 83' lang='lat' dir='ltr'>ex-</span> 
     </span>
     <span class='ocr_line' id='line_1_53' title="bbox 729 1980 1230 2047; baseline -0.002 -16"><span class='ocrx_word' id='word_1_295' title='bbox 729 1983 856 2047; x_wconf 88' lang='lat' dir='ltr'>peditionis</span> <span class='ocrx_word' id='word_1_296' title='bbox 879 1997 984 2039; x_wconf 90' lang='lat' dir='ltr'>causam,</span> <span class='ocrx_word' id='word_1_297' title='bbox 1005 1981 1082 2046; x_wconf 91' lang='lat' dir='ltr'>poetis</span> <span class='ocrx_word' id='word_1_298' title='bbox 1105 1980 1230 2030; x_wconf 90' lang='lat' dir='ltr'>fabulandi</span> 
     </span>
     <span class='ocr_line' id='line_1_54' title="bbox 729 2054 1229 2120; baseline -0.004 -15"><span class='ocrx_word' id='word_1_299' title='bbox 729 2064 895 2120; x_wconf 81' lang='lat' dir='ltr'>argumentum</span> <span class='ocrx_word' id='word_1_300' title='bbox 916 2056 1049 2104; x_wconf 82' lang='lat' dir='ltr'>dedemntl</span> <span class='ocrx_word' id='word_1_301' title='bbox 1081 2056 1123 2102; x_wconf 84' lang='lat' dir='ltr'>An</span> <span class='ocrx_word' id='word_1_302' title='bbox 1145 2054 1229 2118; x_wconf 86' lang='lat' dir='ltr'>utique</span> 
     </span>
     <span class='ocr_line' id='line_1_55' title="bbox 729 2128 1226 2196; baseline -0.006 -17"><span class='ocrx_word' id='word_1_303' title='bbox 729 2131 846 2196; x_wconf 90' lang='lat' dir='ltr'>templum</span> <span class='ocrx_word' id='word_1_304' title='bbox 867 2138 918 2178; x_wconf 89' lang='lat' dir='ltr'>erat</span> <span class='ocrx_word' id='word_1_305' title='bbox 938 2146 953 2178; x_wconf 88' lang='lat' dir='ltr'>a</span> <span class='ocrx_word' id='word_1_306' title='bbox 970 2130 1073 2194; x_wconf 85' lang='lat' dir='ltr'>Phryxo,</span> <span class='ocrx_word' id='word_1_307' title='bbox 1094 2129 1135 2193; x_wconf 90' lang='lat' dir='ltr'>qui</span> <span class='ocrx_word' id='word_1_308' title='bbox 1154 2128 1226 2178; x_wconf 88' lang='lat' dir='ltr'>Chal-</span> 
     </span>
     <span class='ocr_line' id='line_1_56' title="bbox 729 2203 1229 2270; baseline -0.002 -17"><span class='ocrx_word' id='word_1_309' title='bbox 729 2204 813 2270; x_wconf 88' lang='lat' dir='ltr'>ciopen</span> <span class='ocrx_word' id='word_1_310' title='bbox 828 2205 890 2268; x_wconf 84' lang='lat' dir='ltr'>regis</span> <span class='ocrx_word' id='word_1_311' title='bbox 905 2203 1012 2253; x_wconf 90' lang='lat' dir='ltr'>Colchici</span> <span class='ocrx_word' id='word_1_312' title='bbox 1028 2203 1101 2252; x_wconf 88' lang='lat' dir='ltr'>filiam</span> <span class='ocrx_word' id='word_1_313' title='bbox 1118 2203 1229 2263; x_wconf 87' lang='lat' dir='ltr'>duxerat,</span> 
     </span>
     <span class='ocr_line' id='line_1_57' title="bbox 729 2277 1229 2346; baseline 0 -18"><span class='ocrx_word' id='word_1_314' title='bbox 729 2279 860 2336; x_wconf 89' lang='lat' dir='ltr'>conditum,</span> <span class='ocrx_word' id='word_1_315' title='bbox 878 2278 1064 2346; x_wconf 21' lang='lat' dir='ltr'>auroque-quod</span> <span class='ocrx_word' id='word_1_316' title='bbox 1084 2295 1114 2328; x_wconf 85' lang='lat' dir='ltr'>ex</span> <span class='ocrx_word' id='word_1_317' title='bbox 1133 2277 1229 2328; x_wconf 76' lang='lat' dir='ltr'>Graecia</span> 
     </span>
     <span class='ocr_line' id='line_1_58' title="bbox 729 2351 1231 2418; baseline -0.002 -16"><span class='ocrx_word' id='word_1_318' title='bbox 729 2369 811 2402; x_wconf 88' lang='lat' dir='ltr'>secum</span> <span class='ocrx_word' id='word_1_319' title='bbox 822 2353 960 2409; x_wconf 86' lang='lat' dir='ltr'>abstulerat,</span> <span class='ocrx_word' id='word_1_320' title='bbox 973 2352 1073 2418; x_wconf 87' lang='lat' dir='ltr'>aliisque</span> <span class='ocrx_word' id='word_1_321' title='bbox 1083 2351 1231 2417; x_wconf 77' lang='grc' dir='ltr'>ἀναθήμασι</span> 
     </span>
     <span class='ocr_line' id='line_1_59' title="bbox 729 2425 1230 2492; baseline -0.002 -16"><span class='ocrx_word' id='word_1_322' title='bbox 729 2427 840 2484; x_wconf 87' lang='lat' dir='ltr'>ditatum,</span> <span class='ocrx_word' id='word_1_323' title='bbox 851 2428 883 2476; x_wconf 89' lang='lat' dir='ltr'>ad</span> <span class='ocrx_word' id='word_1_324' title='bbox 894 2426 958 2491; x_wconf 87' lang='lat' dir='ltr'>quod</span> <span class='ocrx_word' id='word_1_325' title='bbox 968 2426 1007 2476; x_wconf 86' lang='lat' dir='ltr'>vel</span> <span class='ocrx_word' id='word_1_326' title='bbox 1016 2425 1180 2492; x_wconf 89' lang='lat' dir='ltr'>repetendum,</span> <span class='ocrx_word' id='word_1_327' title='bbox 1191 2427 1230 2475; x_wconf 90' lang='lat' dir='ltr'>vel</span> 
     </span>
     <span class='ocr_line' id='line_1_60' title="bbox 730 2499 1229 2566; baseline -0.004 -16"><span class='ocrx_word' id='word_1_328' title='bbox 730 2501 802 2551; x_wconf 88' lang='lat' dir='ltr'>etiam</span> <span class='ocrx_word' id='word_1_329' title='bbox 820 2501 976 2566; x_wconf 72' lang='lat' dir='ltr'>praedandum</span> <span class='ocrx_word' id='word_1_330' title='bbox 993 2500 1135 2564; x_wconf 70' lang='lat' dir='ltr'>navigarunt</span> <span class='ocrx_word' id='word_1_331' title='bbox 1151 2499 1229 2563; x_wconf 82' lang='lat' dir='ltr'>Argo-</span> 
     </span>
     <span class='ocr_line' id='line_1_61' title="bbox 731 2573 1231 2640; baseline -0.002 -16"><span class='ocrx_word' id='word_1_332' title='bbox 731 2579 831 2624; x_wconf 79' lang='lat' dir='ltr'>nautaet</span> <span class='ocrx_word' id='word_1_333' title='bbox 857 2575 983 2640; x_wconf 85' lang='lat' dir='ltr'>spoliatum</span> <span class='ocrx_word' id='word_1_334' title='bbox 1010 2573 1035 2622; x_wconf 92' lang='lat' dir='ltr'>id</span> <span class='ocrx_word' id='word_1_335' title='bbox 1063 2589 1078 2622; x_wconf 88' lang='lat' dir='ltr'>a</span> <span class='ocrx_word' id='word_1_336' title='bbox 1106 2573 1231 2623; x_wconf 81' lang='lat' dir='ltr'>Pharnace</span> 
     </span>
     <span class='ocr_line' id='line_1_62' title="bbox 731 2648 1230 2716; baseline -0.006 -17"><span class='ocrx_word' id='word_1_337' title='bbox 731 2649 805 2716; x_wconf 82' lang='lat' dir='ltr'>prius,</span> <span class='ocrx_word' id='word_1_338' title='bbox 822 2649 909 2703; x_wconf 86' lang='lat' dir='ltr'>deinde</span> <span class='ocrx_word' id='word_1_339' title='bbox 938 2665 952 2698; x_wconf 90' lang='lat' dir='ltr'>a</span> <span class='ocrx_word' id='word_1_340' title='bbox 979 2648 1119 2697; x_wconf 86' lang='lat' dir='ltr'>Mithridate</span> <span class='ocrx_word' id='word_1_341' title='bbox 1140 2649 1230 2712; x_wconf 83' lang='lat' dir='ltr'>Perga·</span> 
     </span>
     <span class='ocr_line' id='line_1_63' title="bbox 729 2721 1230 2780; baseline -0.002 -8"><span class='ocrx_word' id='word_1_342' title='bbox 729 2736 801 2773; x_wconf 90' lang='lat' dir='ltr'>meno</span> <span class='ocrx_word' id='word_1_343' title='bbox 817 2724 891 2773; x_wconf 88' lang='lat' dir='ltr'>tradit</span> <span class='ocrx_word' id='word_1_344' title='bbox 907 2725 999 2780; x_wconf 86' lang='lat' dir='ltr'>Strabo,</span> <span class='ocrx_word' id='word_1_345' title='bbox 1010 2722 1052 2771; x_wconf 92' lang='lat' dir='ltr'>lib.</span> <span class='ocrx_word' id='word_1_346' title='bbox 1063 2722 1096 2775; x_wconf 84' lang='lat' dir='ltr'>xi.</span> <span class='ocrx_word' id='word_1_347' title='bbox 1129 2721 1170 2770; x_wconf 86' lang='lat' dir='ltr'>An</span> <span class='ocrx_word' id='word_1_348' title='bbox 1187 2724 1230 2772; x_wconf 90' lang='lat' dir='ltr'>de-</span> 
     </span>
     <span class='ocr_line' id='line_1_64' title="bbox 732 2795 1231 2862; baseline -0.002 -16"><span class='ocrx_word' id='word_1_349' title='bbox 732 2797 805 2862; x_wconf 87' lang='lat' dir='ltr'>nique</span> <span class='ocrx_word' id='word_1_350' title='bbox 822 2797 883 2847; x_wconf 89' lang='lat' dir='ltr'>liber</span> <span class='ocrx_word' id='word_1_351' title='bbox 901 2799 1096 2847; x_wconf 84' lang='lat' dir='ltr'>membranaceus</span> <span class='ocrx_word' id='word_1_352' title='bbox 1118 2812 1147 2845; x_wconf 85' lang='lat' dir='ltr'>ex</span> <span class='ocrx_word' id='word_1_353' title='bbox 1169 2795 1231 2845; x_wconf 85' lang='lat' dir='ltr'>arie-</span> 
     </span>
     <span class='ocr_line' id='line_1_65' title="bbox 732 2869 1231 2936; baseline -0.004 -16"><span class='ocrx_word' id='word_1_354' title='bbox 732 2880 784 2920; x_wconf 92' lang='lat' dir='ltr'>tum</span> <span class='ocrx_word' id='word_1_355' title='bbox 811 2872 914 2936; x_wconf 88' lang='lat' dir='ltr'>pellibus</span> <span class='ocrx_word' id='word_1_356' title='bbox 948 2880 1081 2928; x_wconf 83' lang='lat' dir='ltr'>contextus,</span> <span class='ocrx_word' id='word_1_357' title='bbox 1109 2869 1161 2919; x_wconf 90' lang='lat' dir='ltr'>auri</span> <span class='ocrx_word' id='word_1_358' title='bbox 1186 2886 1231 2936; x_wconf 89' lang='lat' dir='ltr'>per</span> 
     </span>
     <span class='ocr_line' id='line_1_66' title="bbox 733 2944 1233 3010; baseline -0.004 -16"><span class='ocrx_word' id='word_1_359' title='bbox 733 2944 853 3010; x_wconf 82' lang='lat' dir='ltr'>chymiam</span> <span class='ocrx_word' id='word_1_360' title='bbox 883 2944 1024 2994; x_wconf 87' lang='lat' dir='ltr'>conficiendi</span> <span class='ocrx_word' id='word_1_361' title='bbox 1055 2954 1130 2994; x_wconf 85' lang='lat' dir='ltr'>artem</span> <span class='ocrx_word' id='word_1_362' title='bbox 1157 2944 1233 2994; x_wconf 89' lang='lat' dir='ltr'>conti·</span> 
     </span>
     <span class='ocr_line' id='line_1_67' title="bbox 733 3018 1232 3085; baseline 0.004 -17"><span class='ocrx_word' id='word_1_363' title='bbox 733 3023 809 3068; x_wconf 85' lang='lat' dir='ltr'>nensl</span> <span class='ocrx_word' id='word_1_364' title='bbox 826 3028 853 3069; x_wconf 91' lang='lat' dir='ltr'>ut</span> <span class='ocrx_word' id='word_1_365' title='bbox 862 3019 924 3069; x_wconf 90' lang='lat' dir='ltr'>inter</span> <span class='ocrx_word' id='word_1_366' title='bbox 935 3019 1002 3078; x_wconf 88' lang='lat' dir='ltr'>alios,</span> <span class='ocrx_word' id='word_1_367' title='bbox 1012 3019 1036 3068; x_wconf 90' lang='lat' dir='ltr'>in</span> <span class='ocrx_word' id='word_1_368' title='bbox 1052 3018 1124 3085; x_wconf 77' lang='grc' dir='ltr'><strong><em>δέφας</em></strong></span> <span class='ocrx_word' id='word_1_369' title='bbox 1137 3020 1232 3070; x_wconf 87' lang='lat' dir='ltr'>Suidas.</span> 
     </span>
     <span class='ocr_line' id='line_1_68' title="bbox 733 3094 1233 3161; baseline 0.006 -17"><span class='ocrx_word' id='word_1_370' title='bbox 733 3096 771 3144; x_wconf 86' lang='lat' dir='ltr'>De</span> <span class='ocrx_word' id='word_1_371' title='bbox 783 3095 860 3144; x_wconf 87' lang='lat' dir='ltr'>aureis</span> <span class='ocrx_word' id='word_1_372' title='bbox 870 3094 940 3144; x_wconf 85' lang='lat' dir='ltr'>malis</span> <span class='ocrx_word' id='word_1_373' title='bbox 950 3097 1003 3154; x_wconf 79' lang='grc' dir='ltr'>τοῖς</span> <span class='ocrx_word' id='word_1_374' title='bbox 1012 3094 1109 3161; x_wconf 75' lang='grc' dir='ltr'><strong>μήλοις,</strong></span> <span class='ocrx_word' id='word_1_375' title='bbox 1122 3095 1178 3146; x_wconf 89' lang='lat' dir='ltr'>vide</span> <span class='ocrx_word' id='word_1_376' title='bbox 1188 3095 1233 3147; x_wconf 90' lang='lat' dir='ltr'>lib.</span> 
     </span>
     <span class='ocr_line' id='line_1_69' title="bbox 732 3169 1233 3229; baseline 0.01 -14"><span class='ocrx_word' id='word_1_377' title='bbox 732 3170 765 3218; x_wconf 88' lang='lat' dir='ltr'>iv.</span> <span class='ocrx_word' id='word_1_378' title='bbox 778 3172 834 3219; x_wconf 84' lang='grc'><strong>638.</strong></span> <span class='ocrx_word' id='word_1_379' title='bbox 867 3169 916 3229; x_wconf 85' lang='lat' dir='ltr'>Qui</span> <span class='ocrx_word' id='word_1_380' title='bbox 930 3169 960 3218; x_wconf 85' lang='lat' dir='ltr'>ad</span> <span class='ocrx_word' id='word_1_381' title='bbox 977 3185 1053 3218; x_wconf 89' lang='lat' dir='ltr'>mores</span> <span class='ocrx_word' id='word_1_382' title='bbox 1070 3170 1177 3219; x_wconf 86' lang='lat' dir='ltr'>fabulam</span> <span class='ocrx_word' id='word_1_383' title='bbox 1194 3187 1233 3221; x_wconf 87' lang='lat' dir='ltr'>re·</span> 
     </span>
    </p>
   </div>
   <div class='ocr_carea' id='block_1_5' title="bbox 733 3243 1323 3310">
    <p class='ocr_par' dir='ltr' id='par_1_6' title="bbox 733 3243 1323 3310">
     <span class='ocr_line' id='line_1_70' title="bbox 733 3243 1323 3310; baseline 0.002 -17"><span class='ocrx_word' id='word_1_384' title='bbox 733 3244 819 3301; x_wconf 89' lang='lat' dir='ltr'>ferunt,</span> <span class='ocrx_word' id='word_1_385' title='bbox 829 3244 940 3293; x_wconf 90' lang='lat' dir='ltr'>Iasonem</span> <span class='ocrx_word' id='word_1_386' title='bbox 949 3243 1166 3310; x_wconf 76' lang='lat' dir='ltr'>voluntaChlrone</span> <span class='ocrx_word' id='word_1_387' title='bbox 1174 3246 1233 3294; x_wconf 88' lang='lat' dir='ltr'>edu·</span> <span class='ocrx_word' id='word_1_388' title='bbox 1318 3298 1323 3307; x_wconf 63' lang='grc'><strong>,</strong></span> 
     </span>
    </p>
   </div>
   <div class='ocr_carea' id='block_1_6' title="bbox 733 3317 1234 4256">
    <p class='ocr_par' dir='ltr' id='par_1_7' title="bbox 733 3317 1234 3885">
     <span class='ocr_line' id='line_1_71' title="bbox 733 3317 1233 3382; baseline 0.002 -15"><span class='ocrx_word' id='word_1_389' title='bbox 733 3327 822 3375; x_wconf 86' lang='lat' dir='ltr'>catum,</span> <span class='ocrx_word' id='word_1_390' title='bbox 840 3318 984 3382; x_wconf 89' lang='lat' dir='ltr'>doctumque</span> <span class='ocrx_word' id='word_1_391' title='bbox 999 3317 1078 3374; x_wconf 81' lang='grc' dir='ltr'>ἴασιν,</span> <span class='ocrx_word' id='word_1_392' title='bbox 1089 3327 1164 3368; x_wconf 89' lang='lat' dir='ltr'>artem</span> <span class='ocrx_word' id='word_1_393' title='bbox 1182 3335 1233 3368; x_wconf 90' lang='lat' dir='ltr'>me·</span> 
     </span>
     <span class='ocr_line' id='line_1_72' title="bbox 733 3392 1232 3457; baseline 0.002 -15"><span class='ocrx_word' id='word_1_394' title='bbox 733 3392 806 3442; x_wconf 93' lang='lat' dir='ltr'>dendi</span> <span class='ocrx_word' id='word_1_395' title='bbox 825 3392 981 3457; x_wconf 88' lang='lat' dir='ltr'>sanandique,</span> <span class='ocrx_word' id='word_1_396' title='bbox 997 3402 1047 3442; x_wconf 89' lang='lat' dir='ltr'>tum</span> <span class='ocrx_word' id='word_1_397' title='bbox 1067 3392 1161 3450; x_wconf 86' lang='lat' dir='ltr'>mentis,</span> <span class='ocrx_word' id='word_1_398' title='bbox 1180 3402 1232 3443; x_wconf 83' lang='lat' dir='ltr'>tom</span> 
     </span>
     <span class='ocr_line' id='line_1_73' title="bbox 733 3466 1232 3531; baseline 0.002 -17"><span class='ocrx_word' id='word_1_399' title='bbox 733 3466 836 3531; x_wconf 88' lang='lat' dir='ltr'>corporis</span> <span class='ocrx_word' id='word_1_400' title='bbox 856 3467 949 3515; x_wconf 91' lang='lat' dir='ltr'>morbos</span> <span class='ocrx_word' id='word_1_401' title='bbox 969 3467 1099 3531; x_wconf 87' lang='lat' dir='ltr'>accepisse.</span> <span class='ocrx_word' id='word_1_402' title='bbox 1135 3467 1232 3516; x_wconf 74' lang='lat' dir='ltr'>Medeae</span> 
     </span>
     <span class='ocr_line' id='line_1_74' title="bbox 733 3537 1232 3605; baseline 0.004 -17"><span class='ocrx_word' id='word_1_403' title='bbox 733 3540 824 3604; x_wconf 84' lang='lat' dir='ltr'>itaque,</span> <span class='ocrx_word' id='word_1_404' title='bbox 844 3539 870 3588; x_wconf 90' lang='lat' dir='ltr'>id</span> <span class='ocrx_word' id='word_1_405' title='bbox 891 3548 927 3589; x_wconf 90' lang='lat' dir='ltr'>est</span> <span class='ocrx_word' id='word_1_406' title='bbox 949 3537 1047 3605; x_wconf 81' lang='grc' dir='ltr'><strong><em>μὴὂεος,</em></strong></span> <span class='ocrx_word' id='word_1_407' title='bbox 1067 3539 1159 3588; x_wconf 86' lang='lat' dir='ltr'>consilii</span> <span class='ocrx_word' id='word_1_408' title='bbox 1186 3555 1232 3605; x_wconf 90' lang='lat' dir='ltr'>ope</span> 
     </span>
     <span class='ocr_line' id='line_1_75' title="bbox 734 3613 1234 3679; baseline 0.002 -16"><span class='ocrx_word' id='word_1_409' title='bbox 734 3614 890 3663; x_wconf 87' lang='lat' dir='ltr'>violentomm</span> <span class='ocrx_word' id='word_1_410' title='bbox 912 3613 1041 3662; x_wconf 84' lang='lat' dir='ltr'>affectuum</span> <span class='ocrx_word' id='word_1_411' title='bbox 1060 3620 1150 3668; x_wconf 89' lang='lat' dir='ltr'>tauros,</span> <span class='ocrx_word' id='word_1_412' title='bbox 1170 3613 1234 3679; x_wconf 88' lang='lat' dir='ltr'>inju-</span> 
     </span>
     <span class='ocr_line' id='line_1_76' title="bbox 735 3685 1233 3745; baseline 0 -9"><span class='ocrx_word' id='word_1_413' title='bbox 735 3687 785 3745; x_wconf 83' lang='lat' dir='ltr'>riae,</span> <span class='ocrx_word' id='word_1_414' title='bbox 800 3686 897 3744; x_wconf 89' lang='lat' dir='ltr'>fraudis,</span> <span class='ocrx_word' id='word_1_415' title='bbox 914 3685 1028 3743; x_wconf 77' lang='lat' dir='ltr'>avaritie,</span> <span class='ocrx_word' id='word_1_416' title='bbox 1045 3685 1160 3741; x_wconf 88' lang='lat' dir='ltr'>libidinis,</span> <span class='ocrx_word' id='word_1_417' title='bbox 1174 3687 1233 3736; x_wconf 89' lang='lat' dir='ltr'>alio·</span> 
     </span>
     <span class='ocr_line' id='line_1_77' title="bbox 735 3760 1232 3826; baseline 0.002 -16"><span class='ocrx_word' id='word_1_418' title='bbox 735 3778 835 3826; x_wconf 89' lang='lat' dir='ltr'>mmque</span> <span class='ocrx_word' id='word_1_419' title='bbox 861 3760 970 3809; x_wconf 89' lang='lat' dir='ltr'>vitiomm</span> <span class='ocrx_word' id='word_1_420' title='bbox 1002 3768 1121 3826; x_wconf 88' lang='lat' dir='ltr'>serpentes</span> <span class='ocrx_word' id='word_1_421' title='bbox 1148 3761 1232 3811; x_wconf 88' lang='lat' dir='ltr'>domu·</span> 
     </span>
     <span class='ocr_line' id='line_1_78' title="bbox 736 3835 811 3885; baseline -0.013 -28"><span class='ocrx_word' id='word_1_422' title='bbox 736 3835 811 3885; x_wconf 45' lang='lat' dir='ltr'>imp</span> 
     </span>
    </p>

    <p class='ocr_par' dir='ltr' id='par_1_8' title="bbox 735 3909 1234 4256">
     <span class='ocr_line' id='line_1_79' title="bbox 769 3909 1232 3966; baseline -0.006 -8"><span class='ocrx_word' id='word_1_423' title='bbox 769 3911 825 3960; x_wconf 81' lang='lat'>156.</span> <span class='ocrx_word' id='word_1_424' title='bbox 842 3910 914 3958; x_wconf 78' lang='lat' dir='ltr'>Herm</span> <span class='ocrx_word' id='word_1_425' title='bbox 927 3910 1051 3966; x_wconf 79' lang='lat' dir='ltr'>AEsonius;</span> <span class='ocrx_word' id='word_1_426' title='bbox 1068 3909 1144 3957; x_wconf 89' lang='lat' dir='ltr'>Jason</span> <span class='ocrx_word' id='word_1_427' title='bbox 1162 3911 1232 3960; x_wconf 83' lang='lat' dir='ltr'>AEso·</span> 
     </span>
     <span class='ocr_line' id='line_1_80' title="bbox 735 3980 1234 4043; baseline -0.002 -10"><span class='ocrx_word' id='word_1_428' title='bbox 735 3980 810 4034; x_wconf 85' lang='lat' dir='ltr'>uides.</span> <span class='ocrx_word' id='word_1_429' title='bbox 845 3985 951 4032; x_wconf 73' lang='lat' dir='ltr'>Monens</span> <span class='ocrx_word' id='word_1_430' title='bbox 961 3983 1092 4040; x_wconf 62' lang='lat' dir='ltr'>auctorem</span> <span class='ocrx_word' id='word_1_431' title='bbox 1109 3983 1234 4043; x_wconf 87' lang='lat' dir='ltr'>Medeam,</span> 
     </span>
     <span class='ocr_line' id='line_1_81' title="bbox 735 4058 1234 4124; baseline 0.006 -17"><span class='ocrx_word' id='word_1_432' title='bbox 735 4058 835 4107; x_wconf 90' lang='lat' dir='ltr'>alterum</span> <span class='ocrx_word' id='word_1_433' title='bbox 846 4058 956 4124; x_wconf 89' lang='lat' dir='ltr'>spolium,</span> <span class='ocrx_word' id='word_1_434' title='bbox 967 4073 1021 4122; x_wconf 79' lang='lat' dir='ltr'>quta</span> <span class='ocrx_word' id='word_1_435' title='bbox 1032 4066 1115 4106; x_wconf 88' lang='lat' dir='ltr'>auctor</span> <span class='ocrx_word' id='word_1_436' title='bbox 1125 4067 1149 4106; x_wconf 89' lang='lat' dir='ltr'>et</span> <span class='ocrx_word' id='word_1_437' title='bbox 1159 4075 1234 4110; x_wconf 84' lang='lat' dir='ltr'>causa</span> 
     </span>
     <span class='ocr_line' id='line_1_82' title="bbox 735 4132 1234 4199; baseline 0.006 -18"><span class='ocrx_word' id='word_1_438' title='bbox 735 4134 788 4190; x_wconf 89' lang='lat' dir='ltr'>fuit,</span> <span class='ocrx_word' id='word_1_439' title='bbox 808 4143 836 4183; x_wconf 86' lang='lat' dir='ltr'>ut</span> <span class='ocrx_word' id='word_1_440' title='bbox 856 4134 926 4183; x_wconf 87' lang='lat' dir='ltr'>Isson</span> <span class='ocrx_word' id='word_1_441' title='bbox 947 4132 1035 4195; x_wconf 78' lang='lat' dir='ltr'>vellere</span> <span class='ocrx_word' id='word_1_442' title='bbox 1057 4147 1128 4181; x_wconf 88' lang='lat' dir='ltr'>aureo</span> <span class='ocrx_word' id='word_1_443' title='bbox 1148 4133 1234 4199; x_wconf 85' lang='lat' dir='ltr'>potire-</span> 
     </span>
     <span class='ocr_line' id='line_1_83' title="bbox 736 4216 782 4256; baseline 0.043 -2"><span class='ocrx_word' id='word_1_444' title='bbox 736 4216 782 4256; x_wconf 82' lang='lat' dir='ltr'>tur·</span> 
     </span>
    </p>
   </div>
   <div class='ocr_carea' id='block_1_7' title="bbox 0 0 1424 5010">
    <p class='ocr_par' dir='ltr' id='par_1_9' title="bbox 0 0 1424 5010">
     <span class='ocr_line' id='line_1_84' title="bbox 0 0 1424 5010; baseline 0 0"><span class='ocrx_word' id='word_1_445' title='bbox 0 0 1424 5010; x_wconf 95' lang='lat' dir='ltr'> </span> 
     </span>
    </p>
   </div>
  </div>
 </body>
</html>
