2812 5010
268 336 312 400 74
504 374 507 379 ,
563 330 604 396 P.
621 330 788 397 'OVIDII
814 330 1024 399 NASONIS

271 506 358 580 Non
377 506 506 602 galeae,
526 530 601 580 non
619 505 732 591 cusia,
752 515 881 579 eraut:
912 505 994 580 siue
1011 504 1140 579 militis
1158 529 1229 577 usu

271 620 404 694 Mollia
422 645 563 694 securae
581 620 816 718 peragebant
832 620 909 694 otia
926 630 1070 717 gentes.
1245 623 1316 692 100

271 739 362 838 Ipsa
380 763 532 837 quoque
550 739 738 824 immunis,
759 747 954 835 rastroque
969 739 1123 825 intacta,
1138 762 1208 813 nec
1227 738 1315 810 ullis

272 854 410 928 Saucia
425 854 651 940 vomeribus,
672 877 738 952 per
756 877 797 928 se
815 853 932 928 dabat
948 853 1075 928 omnia
1092 854 1226 940 tellus3

271 971 527 1070 Contentique
545 970 651 1059 cibis,
671 970 773 1042 nullo
791 980 964 1066 cogente,
980 970 1129 1056 creatiS,

268 1086 457 1164 Arbuteos
474 1088 600 1174 foetus,
619 1096 872 1185 montanaque
890 1085 995 1184 fraga
1010 1087 1200 1184 legebant,

268 1372 332 1412 vetut
350 1378 402 1410 ere.
436 1361 500 1409 Tubu
517 1364 607 1419 directi,
619 1370 666 1410 etc.
697 1362 767 1411 Tube
816 1358 908 1409 duobus
918 1368 959 1409 aut
970 1368 1072 1425 quatuor
1081 1359 1201 1417 dentibus,
1209 1374 1257 1423 quo
1265 1358 1316 1424 gle-

268 1436 384 1503 peditum,
390 1444 415 1485 et
422 1443 458 1484 est
464 1434 567 1486 directa:
580 1436 653 1484 lituus
659 1437 766 1500 equiturn
816 1434 853 1482 bra
864 1434 890 1483 in
900 1435 963 1501 agris
975 1434 1209 1485 comminuebantur:
1227 1433 1316 1498 Virgil.

267 1513 392 1570 incurvum
415 1512 498 1559 Horat.
514 1509 531 1559 i.
548 1510 628 1558 Carm.
645 1510 662 1558 i.
679 1512 725 1559 23:
745 1520 767 1559 et
818 1506 904 1574 Georg.
914 1508 933 1556 i.
944 1510 991 1558 94:
1009 1521 1146 1573 quanquam
1161 1514 1186 1556 et
1198 1506 1316 1556 sarritioni

268 1587 520 1646 lituotnbaepermistns
529 1587 622 1632 sonitus.
817 1580 968 1639 inserviebat,
978 1597 1026 1631 ver.
1036 1583 1091 1631 155.

303 1661 356 1708 100.
382 1658 486 1721 Gentes]
516 1657 599 1707 Heius.
621 1659 767 1723 approbante
852 1658 906 1706 102.
917 1651 1025 1720 Saucia]
1044 1654 1110 1704 Sulci
1119 1654 1256 1705 suntveluti
1264 1655 1317 1704 vul·

267 1735 351 1783 Burm.
361 1750 391 1783 er
403 1749 450 1782 uno
461 1733 565 1782 Gronov.
576 1732 666 1782 invexit
676 1743 767 1791 mentes,
816 1746 880 1788 nera,
890 1730 976 1796 quibus
986 1730 1128 1779 dilaceratur
1137 1737 1229 1794 tergum
1239 1737 1319 1778 terrm.

267 1805 325 1872 quia
341 1805 446 1855 homines
463 1814 513 1855 tum
529 1806 633 1854 nondum
650 1806 675 1855 in
690 1817 768 1871 gentes
816 1804 899 1853 Latius
916 1805 968 1854 bac
985 1804 1049 1853 Plin.
1060 1805 1093 1852 Η.
1104 1805 1137 1853 Ν.
1147 1804 1173 1852 11.
1184 1805 1224 1852 63.
1236 1820 1317 1868 perse·

157 1885 162 1894 '
267 1879 433 1930 discesserint:
445 1879 617 1929 vid.not.102.
637 1881 720 1938 Gentes
730 1897 766 1930 re·
816 1879 904 1942 quitur,
913 1888 937 1928 et
947 1880 1015 1945 plura
1025 1878 1176 1928 lacerationis
1184 1893 1272 1943 genera
1280 1877 1318 1928 in·

221 1959 224 1962 ’
267 1953 427 2020 vocavi,quia
442 1954 766 2020 etSeuec.Hippolyt.527·
817 1951 906 2002 vidisse
928 1961 1105 2002 commemorat.
1148 1953 1205 2001 Non
1231 1952 1318 2002 mirum

267 2029 325 2076 636.
343 2027 384 2076 ubi
401 2035 505 2076 nostrum
522 2028 601 2077 locum
618 2036 672 2078 ante
686 2031 767 2078 oculos
816 2036 895 2076 autem
908 2037 951 2086 est,
963 2027 1131 2094 agricultmam
1146 2027 1188 2076 diu
1199 2027 1271 2076 fuisse
1281 2026 1319 2092 ig·

267 2101 362 2157 babuit,
373 2112 452 2167 gentes
465 2110 490 2151 st
502 2104 594 2165 populos
608 2118 686 2151 aurem
702 2102 767 2152 atati
817 2102 1092 2167 noratam,quippequn
1100 2101 1228 2150 multarum
1239 2117 1318 2150 rerum

268 2174 358 2225 tribuit.
391 2176 471 2225 Etiam
486 2177 553 2241 virg.
564 2178 622 2224 AEn.
635 2176 686 2226 viii.
705 2178 764 2228 325:
816 2175 949 2235 scientiam,
968 2191 1080 2240 magnam
1104 2191 1193 2232 curam,
1213 2176 1317 2225 multum

268 2251 385 2300 &turnus
391 2252 485 2313 placida
498 2253 590 2313 populos
604 2253 629 2300 in
637 2269 694 2314 poce
704 2268 768 2318 rege·
816 2250 903 2299 laboris
912 2249 1026 2315 requirat.

268 2326 317 2374 bnt.
336 2325 766 2392 Intraver.sasantimpostresnu-
852 2325 906 2373 103.
920 2324 994 2372 Nullo
1004 2323 1116 2389 argenta]
1136 2321 1319 2388 VirgiLGeorg.

267 2407 345 2448 ratum
366 2415 441 2464 genus
461 2399 590 2449 humanum
613 2403 692 2463 populi
716 2391 768 2450 aovi
818 2398 834 2447 i.
845 2400 899 2448 123.
911 2398 963 2464 pari
978 2396 1105 2462 elegantia,
1118 2399 1184 2446 nullo
1197 2407 1301 2459 poscente
1308 2416 1317 2456 ,-

268 2482 488 2522 commemorantur.
520 2473 550 2522 In
565 2473 603 2522 his
617 2474 715 2540 pluralis
726 2491 768 2541 pro
819 2489 955 2539 quanquam
971 2471 1035 2521 idem
1052 2480 1077 2521 et
1094 2474 1166 2520 nullis
1179 2474 1319 2536 cogentibus,

267 2546 356 2611 singul.
389 2547 506 2596 Securitas
529 2546 572 2597 illa
596 2549 626 2596 ab
646 2547 768 2598 invasione
818 2546 941 2612 Georg.ii.
954 2548 996 2595 10:
1014 2553 1140 2611 utrumque
1154 2546 1253 2594 verbum
1271 2547 1319 2596 uon

267 2620 348 2670 hostili
364 2621 488 2687 turbisque
506 2621 650 2678 domesticis,
665 2638 767 2673 comme·
817 2621 896 2671 minus
905 2621 1035 2685 eleganter,
1044 2636 1116 2685 quam
1127 2624 1239 2682 imperare
1251 2623 1321 2678 arob,

268 2705 372 2745 moratur
381 2705 406 2745 et
420 2698 451 2745 ab
465 2695 525 2745 aliis.
558 2698 637 2746 Sever.
647 2697 672 2746 in
681 2699 766 2754 AEtna‚
817 2695 848 2744 de
864 2695 972 2760 agricolis
986 2695 1082 2752 dicitur,
1092 2694 1134 2759 qui
1144 2693 1219 2743 veluti
1234 2705 1321 2760 cogunt

267 2786 317 2818 ver.
328 2772 358 2818 9:
378 2771 456 2818 Aureo
466 2773 540 2819 securi
550 2775 599 2835 quis
610 2774 680 2819 nescit
690 2773 768 2820 secolo
817 2777 903 2818 terram
913 2768 990 2833 fruges
1001 2768 1099 2818 reddere
1110 2768 1250 2818 cultoribus:
1263 2767 1319 2819 vide
1337 2779 1341 2788 “

268 2846 354 2908 tugis?
374 2843 456 2893 Tibul.
469 2843 521 2893 d.l.
541 2845 768 2910 Ultroqueferebunt
817 2845 948 2893 Burmann.
980 2843 1046 2894 Arva
1066 2859 1122 2893 vero
1144 2860 1218 2908 quum
1240 2844 1320 2909 smges

262 2920 342 2968 Obvia
351 2921 514 2968 accuratiora
523 2922 588 2968 luctis
598 2937 655 2969 oum.
676 2920 769 2969 Eadem
817 2917 928 2975 reddunt,
945 2917 1057 2969 dicuntur
1072 2935 1160 2980 parere,
1177 2923 1320 2982 respondero,

268 3002 293 3044 ct
307 2994 445 3043 fruebantur
454 2994 567 3060 pecudes.
598 2994 667 3044 Idem
677 2994 699 3044 1.
710 3013 734 3044 x.
742 2997 769 3045 9.
817 3001 864 3042 etc.
891 2993 938 3042 Sed
952 2996 1005 3052 cibi,
1016 2993 1057 3059 qni
1069 2994 1120 3059 jam
1132 2994 1320 3051 narrantur,mi-

269 3069 330 3118 Inde
340 3071 418 3117 mollio
428 3072 483 3126 otio,
494 3068 666 3135 perjucunda.
698 3070 769 3135 Virg.
794 3066 881 3117 'nime
897 3066 957 3117 lauti
975 3076 1037 3125 sunt,
1055 3084 1133 3135 neque
1150 3069 1181 3117 ub
1200 3085 1241 3117 eos
1257 3068 1319 3118 invi·

268 3144 362 3206 placido
370 3159 423 3205 por.
819 3141 1055 3191 dandaaureaastas.

246 3239 249 3247 ·
304 3219 359 3266 101.
377 3216 430 3279 Ipsa
447 3233 532 3281 quoque
549 3217 676 3282 immanis]
702 3219 770 3266 Non·
855 3216 1232 3282 104.Arlmteosfoetns.]Arbuta.
1243 3219 1321 3265 Arbu-

215 3296 221 3312 '
270 3290 328 3340 dum
345 3289 498 3354 agricultura.
531 3289 629 3340 Hesiod.
647 3307 696 3341 ver.
716 3292 769 3341 118.
804 3301 865 3354 ntus,
877 3292 945 3340 arbor
955 3289 1074 3347 fruticosa,
1082 3290 1107 3338 iu
1117 3289 1190 3338 Italia
1199 3291 1321 3355 frequens,

269 3379 322 3428 sqq.
335 3361 469 3429 Kupsrdvd'
481 3363 545 3431 ἔφερε
554 3363 667 3431 ζείδωρος
676 3366 770 3434 ἄρουρα
820 3382 891 3435 poma
908 3365 983 3414 serens
999 3364 1108 3414 rubentia
1125 3365 1163 3429 (x.
1175 3365 1236 3428 101)
1247 3365 1321 3431 fragis

269 3438 402 3504 Αὐτομὰτη
425 3438 523 3489 πολλόν
540 3457 566 3489 τε
589 3440 631 3489 καὶ
651 3440 770 3506 ἄφθονον.
820 3439 916 3496 similia,
926 3446 951 3487 et
962 3437 1070 3487 difficilia
1084 3438 1231 3488 concoctioni
1242 3439 1321 3503 (Pliu.

271 3513 333 3575 lpsu,
349 3528 392 3563 sua
407 3520 506 3578 sponte:
524 3512 572 3563 vid.
590 3513 683 3562 Ernesti
701 3514 769 3565 Clas.
820 3512 886 3563 xxiii.
897 3511 933 3576 0.)
944 3512 1031 3576 quibus
1042 3511 1154 3561 tenuioris
1164 3511 1232 3561 sortis
1244 3513 1321 3561 homi-

270 3587 323 3638 cic.
331 3588 386 3637 h.v.
396 3604 450 3636 mox
460 3605 502 3650 par
511 3605 541 3647 se,
552 3597 579 3637 ut
587 3587 615 3637 δι’
624 3589 721 3647 ἑαυτοῦ,
731 3607 769 3639 eo·
820 3605 862 3638 nes
878 3589 943 3639 vesci
960 3589 1082 3638 solebant:
1101 3587 1150 3636 vid.
1166 3589 1274 3653 Martyn.
1289 3588 1321 3637 sd

270 3661 325 3711 dem
344 3661 420 3711 redit:
438 3662 487 3712 vid.
497 3661 605 3712 Curtium
624 3662 654 3712 ad
671 3664 770 3714 Sallust.
820 3662 932 3728 Virgini.
945 3664 999 3712 140.
1021 3662 1100 3711 Etiam
1111 3663 1195 3719 Varro,
1207 3663 1239 3711 R.
1250 3663 1285 3712 R.
1295 3662 1322 3712 11.

270 3737 328 3799 Jug.
341 3736 375 3784 ix.
387 3737 428 3784 62.
461 3736 541 3785 Etiam
559 3736 627 3800 Virg.
643 3738 731 3803 Georg.
742 3737 768 3788 ii.
819 3738 835 3788 i.
845 3746 870 3788 et
878 3737 963 3803 Virgil.
973 3737 997 3788 d.
1008 3737 1025 3787 l.
1036 3753 1077 3786 eos
1087 3737 1160 3785 loetus
1170 3736 1196 3785 in
1204 3736 1320 3800 antiquis-

273 3809 317 3867 1οι
337 3809 390 3870 Ipso
404 3826 446 3871 per
463 3827 495 3859 sa.
529 3809 648 3867 Immanis,
664 3828 740 3861 vacua
754 3829 770 3862 a
818 3812 930 3862 simorum
948 3811 1070 3860 hominum
1088 3810 1155 3859 victu
1174 3825 1320 3859 commemo-

270 3881 378 3938 miseriis,
389 3881 499 3944 ἀπαθὴς.
531 3885 653 3950 Expressit
668 3886 767 3936 Homer.
818 3895 879 3936 rant.
900 3885 947 3934 Sed
955 3888 1042 3933 arborei
1046 3885 1130 3950 sntio,
1138 3899 1191 3948 quas
1199 3892 1237 3932 est
1245 3885 1322 3934 altera

270 3956 319 4005 od.
327 3956 352 4004 ii.
364 3957 546 4008 lanuuium
561 3960 640 4010 omnia
649 3961 768 4027 ἄσπαρτα
817 3960 896 4016 lectio,
908 3959 984 4008 forent
992 3975 1064 4025 poma
1074 3977 1098 4009 x.
1106 3961 1162 4009 669.
1196 3958 1256 4008 Haec
1266 3976 1322 4009 vero

269 4033 311 4080 rai
325 4030 437 4096 ἀνήροτα
448 4032 543 4097 profert.
574 4035 666 4084 Rostro.
700 4036 768 4100 Virg.
818 4033 894 4097 magis
910 4033 1028 4083 culturam
1046 4035 1176 4099 postulant,
1192 4033 1320 4099 minusque

271 4104 324 4154 scr.
355 4105 409 4155 Non
443 4116 528 4156 rastros
551 4112 653 4171 patietur
680 4111 767 4158 lomus.
818 4107 877 4157 adeo
887 4107 963 4173 primo
973 4109 1053 4158 seculo
1064 4109 1224 4159 conveniunt:
1243 4106 1319 4156 tribu·

204 4225 206 4227 ,
270 4179 387 4238 Rustrttm,
405 4181 562 4247 ponderosum
584 4183 765 4232 instrumentum
820 4192 888 4232 untur
905 4183 927 4232 ei
942 4192 1031 4242 tamen,
1048 4202 1086 4234 xv.
1100 4183 1238 4234 salletas.
1255 4183 1318 4248 conj.
