2812 5010
363 328 834 396 METAMORPHOSEON
860 327 951 393 LIB.
976 327 1027 393 II.
1158 331 1223 396 193

175 507 477 606 sperantemque
497 505 569 580 sibi
586 529 661 578 non
678 503 781 577 salsae
799 503 956 602 praemia
971 503 1121 599 linguae,

174 623 278 696 Inter
296 647 385 696 aves
403 623 509 718 albas
527 623 647 696 vetuit
664 621 860 695 considere
878 645 1043 694 corvum.

222 739 271 813 V.
302 737 462 812 Semifer
476 738 621 813 interea
636 739 771 813 divinae
790 738 916 836 stirpis
936 739 1086 812 alumno

176 853 302 928 Laetus
321 866 422 943 erat3
451 855 647 952 mixtoque
666 855 769 929 oneri
787 855 977 950 gaudebat
994 854 1147 929 honore.

176 970 277 1045 Ecce
295 972 400 1045 venit
416 970 537 1044 rutilis
556 971 731 1044 humeros
751 980 923 1067 protecta
940 970 1086 1068 capillis
1151 976 1224 1046 635

176 1087 271 1160 Filia
282 1088 483 1175 Centauri;
505 1110 620 1184 quarn
634 1086 826 1183 quondam
842 1085 1022 1184 Nympha
1034 1086 1223 1174 Chariclo,

176 1202 360 1276 Fluminis
379 1203 417 1274 in
435 1201 556 1300 rapidi
575 1201 666 1302 ripis
685 1202 809 1288 enixa,
828 1202 977 1275 vocavit

175 1318 403 1417 Ocyrhoeu:
433 1344 509 1393 non
527 1321 607 1392 haec
626 1330 725 1393 artes
743 1330 922 1392 contenta
938 1328 1114 1417 paternas

178 1433 392 1509 Edidicisse
407 1435 498 1510 fuit:
528 1436 687 1509 fatorum
707 1459 842 1510 arcana
859 1435 1032 1508 canebat.

180 1549 280 1648 Ergo
300 1550 366 1624 uhi
382 1551 566 1625 vaticinos
585 1551 760 1652 concepit
777 1562 903 1626 mente
920 1549 1075 1637 furores
1153 1556 1227 1626 640

179 1761 275 1809 metam,
287 1752 318 1800 P.
328 1751 346 1800 i.
357 1770 383 1819 p.
396 1755 438 1801 33.
456 1753 590 1801 Habitnbat
600 1761 680 1802 autem
763 1753 821 1801 638.
841 1753 984 1816 Caprariam]
1006 1751 1054 1809 Sic,
1063 1750 1151 1801 ineerta
1160 1752 1230 1804 litera

180 1825 268 1875 Chiron
284 1826 309 1874 in
323 1827 381 1893 jugo
395 1827 458 1878 Pelii
471 1829 567 1877 montis.
585 1828 680 1878 Callim.
731 1828 754 1885 a,
765 1828 914 1877 scribendum
925 1828 1069 1892 putavimus.
1097 1828 1157 1877 Hac
1169 1829 1229 1892 Ocy-

181 1899 204 1947 h.
215 1899 273 1948 Del.
284 1902 399 1950 ver.101.
731 1903 784 1949 rhae
798 1901 844 1950 tuit
859 1901 971 1966 nympha,
983 1901 1074 1950 Oceani
1088 1910 1112 1951 et
1127 1903 1231 1967 Tethyos

212 1975 269 2024 632.
288 1975 355 2023 later
365 1993 416 2024 aver
425 1977 508 2040 aaa]
536 1978 620 2027 Vetuit
630 1993 681 2026 esse
731 1977 788 2034 filia,
800 1976 834 2025 sic
844 1977 910 2025 dicta
926 1978 956 2025 ab
972 1977 1043 2034 ὠκὺς,
1054 1979 1121 2034 celer,
1133 1985 1157 2025 et
1172 1976 1229 2042 ῥοὴ,

182 2065 249 2097 avem
261 2049 343 2098 albam
350 2068 358 2110 ;
374 2051 415 2099 sed
425 2052 488 2100 bene
499 2055 620 2109 considere,
631 2052 681 2101 avi·
724 2053 823 2116 flatum·
841 2050 1136 2100 esteuimveloxfluvins.
1171 2054 1231 2116 Ocy-

181 2123 224 2171 bue
233 2123 299 2172 enim
308 2124 442 2173 tribuuntur
451 2130 519 2175 sedes.
544 2126 649 2184 Phaedri,
660 2127 681 2174 Ι.
732 2127 785 2174 rhoe
796 2134 841 2179 est.
853 2125 930 2173 sirim
940 2125 1006 2173 verbi
1015 2133 1116 2190 spectes,
1128 2142 1182 2190 que
1193 2143 1232 2175 ra·

183 2196 336 2259 fab.iii.13;
352 2199 394 2247 ubi
407 2199 460 2248 vide
470 2202 553 2249 Burm.
732 2201 788 2265 pide
809 2201 870 2248 fluit.
911 2200 989 2248 Causa
1008 2198 1107 2248 nominis
1127 2200 1232 2258 additur,

214 2273 273 2321 633.
283 2272 379 2338 Semifer
386 2276 483 2330 interea,
492 2274 552 2337 etc]
573 2276 683 2338 Ocyrhoe,

185 2344 293 2395 Chironis
308 2347 368 2403 lilia,
381 2365 427 2396 non
443 2357 554 2397 contenta
569 2348 683 2414 chirurgi-

184 2434 235 2468 cam
253 2430 327 2470 artem
345 2438 360 2470 a
376 2431 443 2487 patre
458 2423 578 2479 didicisse,
594 2424 683 2472 futuro-

185 2510 234 2542 rum
249 2496 323 2544 etiam
337 2496 464 2545 scientiam
475 2513 490 2545 a
503 2498 557 2545 Diis
572 2497 683 2563 impetra·

186 2579 258 2619 verat.
293 2571 340 2620 Sed
357 2588 431 2636 quum
449 2573 587 2636 aliquando,
605 2572 684 2621 invitis

187 2641 247 2700 Diis,
254 2653 279 2693 et
286 2645 348 2710 patri
358 2653 383 2694 et
390 2646 529 2712 AEsculapio
541 2645 625 2694 infanti
636 2647 686 2695 fata

186 2715 297 2767 instantia
308 2728 411 2775 caueret,
420 2729 517 2784 repente
528 2736 642 2768 conversa
649 2729 686 2769 est

187 2791 211 2839 in
219 2807 315 2857 equam.
350 2793 413 2843 Vide
424 2794 515 2858 Hygia.
526 2795 556 2842 P.
565 2794 596 2842 A.
607 2793 632 2843 ii.
644 2796 684 2843 18.

188 2865 226 2928 qui
237 2866 316 2914 varias
327 2867 396 2933 hujus
408 2868 495 2917 fabulae
507 2867 601 2924 formas,
613 2868 685 2916 etiam

188 2954 216 2987 ex
225 2938 310 3004 Eurip.
344 2941 486 3007 Melanippa
502 2951 527 2990 et
538 2942 686 2991 Callimacho

188 3015 272 3074 refert;
289 3024 340 3063 tum
350 3017 469 3064 Eratosth.
482 3019 520 3064 18.
543 3017 599 3066 Sine
613 3017 686 3067 dubio

189 3103 268 3137 verum
287 3088 393 3138 mulieris
414 3107 501 3139 nornen
524 3092 569 3139 luit
596 3092 686 3154 Hippo:

190 3160 241 3211 vide
257 3164 315 3211 633.
334 3171 358 3211 et
372 3163 427 3212 inde
442 3165 616 3214 transformatio
632 3167 688 3214 ficta

190 3245 233 3284 est.
274 3238 379 3301 Semifer,
398 3239 456 3303 qnia
471 3240 568 3288 inferior
585 3240 688 3305 corporis

190 3311 307 3375 passferi,
318 3313 382 3375 equi,
393 3312 493 3377 figuram
503 3315 630 3362 referebat.

220 3387 277 3434 634.
296 3387 388 3450 Onera]
420 3388 514 3454 Nempe
525 3388 673 3437 educationis
681 3408 688 3450 ;

191 3458 219 3507 de
236 3475 284 3524 qua
303 3465 425 3517 marasim,
445 3460 479 3509 ix.
499 3464 554 3511 675.
580 3462 690 3512 Chironis

192 3535 691 3602 opeAEscnlapiusfactusestxmpovpyucdc

191 3616 214 3655 et
223 3617 330 3656 venator.
347 3609 459 3675 Apollod.
470 3611 518 3658 III.
530 3627 554 3659 x.
565 3612 589 3658 3.
613 3612 689 3668 Venit,

193 3682 291 3732 accessit
307 3682 338 3730 ad
355 3683 429 3748 patris
445 3692 547 3740 antrum,
557 3683 583 3732 in
598 3701 644 3749 quo
655 3685 691 3733 in·

193 3755 253 3804 laus.
288 3757 408 3814 Proteata,
428 3766 500 3806 tecta.
527 3758 631 3823 Capillos
650 3759 692 3806 ha·

735 2275 850 2324 Flaminis
863 2279 889 2323 ia
902 2277 987 2336 rapidi,
999 2283 1046 2323 etc.
1078 2275 1145 2324 Male
1159 2275 1232 2339 igitur

734 2350 819 2398 Heius.
830 2352 907 2410 rapidi
918 2349 942 2397 in
956 2353 1028 2410 patrii
1039 2357 1155 2397 mutatum
1166 2350 1232 2398 vole-

733 2425 783 2480 bat,
803 2431 829 2471 ut
847 2422 912 2471 fluvii
930 2423 980 2471 lilia
996 2423 1068 2471 fuisse
1085 2423 1232 2486 designetur.

735 2498 824 2562 Hygia.
835 2497 860 2547 d.
868 2497 899 2545 l.:
920 2498 1041 2559 Euripides
1050 2501 1076 2545 ia
1088 2498 1231 2560 Menalippa,

735 2572 836 2634 Hippea,
852 2572 957 2620 Chironis
965 2573 1054 2633 filiam,
1073 2571 1151 2619 Theca
1164 2582 1234 2621 antea

735 2648 871 2707 appellatam
901 2648 968 2693 dicit.
1016 2646 1096 2693 Etiam
1121 2645 1234 2695 Clemens

735 2718 805 2768 Alex.
828 2719 852 2767 d.
869 2719 887 2767 l.
907 2718 986 2775 tradit,
1007 2718 1143 2783 Hipponem
1161 2716 1234 2770 fuisse

735 2793 844 2842 Chironis
862 2793 943 2850 filiam,
959 2810 1013 2857 quae
1029 2793 1100 2840 AEolo
1120 2793 1234 2858 nupserit.

736 2870 803 2916 Artes
819 2878 933 2930 poteratur,
951 2867 1107 2923 Medicinam,
1121 2867 1234 2917 Astrono·

735 2942 816 2997 mimo,
833 2942 964 2989 Musicam.
999 2942 1132 2990 Edidicirse.
1148 2943 1237 2991 Noster

736 3015 1235 3080 hocrocabulumtrequentatpro,discere,

737 3106 885 3154 cognoscere,
894 3089 934 3138 vii.
945 3091 977 3139 99
986 3107 992 3150 ;
1000 3089 1054 3138 aiii.
1064 3090 1126 3150 ato;
1137 3090 1237 3141 Heroid.

737 3164 780 3212 vii.
794 3166 854 3222 1803
872 3164 921 3210 ΙΙΙ.
935 3165 1005 3212 Pont.
1014 3163 1056 3212 vii.
1069 3165 1094 3211 4.
1111 3165 1198 3229 quibus
1210 3164 1236 3214 in

737 3237 796 3286 locis
814 3238 916 3286 varietas
935 3245 1024 3286 notata.
1057 3237 1144 3301 Neque
1163 3239 1236 3287 Ovid.

737 3312 800 3359 hunc
822 3311 872 3376 ejus
893 3328 962 3360 usum
983 3308 1088 3368 novavit,
1108 3321 1135 3360 ut
1154 3313 1238 3361 Burm.

737 3386 838 3451 putabat
846 3403 853 3444 ;
877 3386 919 3433 sed
934 3385 968 3433 ita
983 3394 1007 3433 et
1018 3385 1072 3433 Cic.
1087 3385 1147 3434 Div.
1158 3385 1176 3433 i.
1189 3388 1237 3447 473

737 3459 819 3507 Tibul.
839 3460 875 3507 II.
895 3459 922 3507 ii.
942 3461 978 3507 lt.
1019 3459 1129 3506 Fatorum
1150 3476 1238 3506 arcana

738 3535 840 3590 currebat,
854 3541 920 3581 vates
934 3544 992 3580 erat.
1027 3533 1114 3578 Camere
1131 3530 1162 3579 de
1175 3531 1237 3579 vati-

739 3606 808 3656 ciniis
826 3615 851 3655 et
866 3607 975 3662 oraculis,
992 3622 1045 3670 qua
1061 3605 1118 3653 olim
1133 3604 1239 3654 versibus

740 3683 879 3746 consignata
897 3681 1036 3731 edebantur.
1081 3681 1134 3728 Nec
1159 3688 1239 3728 tamen

740 3755 835 3804 omnino
852 3754 963 3819 displicet
980 3753 1055 3803 altera
1071 3753 1150 3811 lectio,
1164 3771 1238 3802 mone-

193 3830 366 3896 bebatsparsos
376 3832 401 3879 in
413 3832 524 3889 humeris,
536 3833 691 3880 morevatici-
742 3832 788 3878 hat.
822 3831 916 3876 Monere
936 3830 999 3876 enirn
1018 3827 1111 3892 proprie
1128 3827 1240 3878 dicuntur

195 3905 310 3954 nantium.
337 3906 377 3955 Cf.
393 3906 451 3954 673.
471 3907 534 3957 Fast.
548 3907 569 3955 I.
585 3909 642 3956 503.
661 3907 691 3956 de
742 3919 789 3951 non
808 3901 877 3951 modo
893 3918 994 3967 augures
1011 3911 1035 3950 et
1054 3903 1181 3967 aruspices,
1198 3903 1240 3952 sed

196 3979 330 4036 Carmenta,
341 3983 443 4028 immissis
456 3986 550 4043 puppim
565 3986 628 4029 stetit
639 3991 693 4029 aate
742 3979 814 4025 etiarn
825 3977 863 4025 vel
873 3977 975 4024 maxime
985 3977 1082 4025 oracula
1091 3986 1115 4025 et
1125 3985 1201 4026 vates.

196 4056 289 4115 capillis.
299 4054 387 4102 Tibul.
397 4053 466 4102 II.v.
476 4056 521 4103 66:
540 4055 692 4119 lactavitfu-
776 4052 831 4099 640.
850 4051 912 4115 Ergo
929 4052 978 4108 abi,
995 4051 1055 4114 etc]
1091 4051 1242 4099 Describitur

196 4143 227 4176 tar
247 4139 270 4177 et
289 4138 359 4191 capat
377 4132 529 4179 auricomas.
557 4131 597 4178 De
615 4131 694 4178 rrrtilis
744 4127 828 4190 mulier¹
840 4128 1005 4191 φρενομανής,
1017 4124 1122 4174 fatidica.
1148 4125 1241 4176 Vatici-

197 4201 295 4267 tepillie,
307 4202 361 4251 vide
372 4202 403 4251 ad
415 4204 472 4251 319.
745 4207 828 4248 nautes
843 4201 906 4248 enirn
921 4201 997 4249 lurore
1011 4199 1091 4248 divino
1104 4198 1165 4264 rapi,
1176 4215 1241 4247 meu-
