<?xml version="1.0" encoding="UTF-8"?>
<!DOCTYPE html PUBLIC "-//W3C//DTD XHTML 1.0 Transitional//EN"
    "http://www.w3.org/TR/xhtml1/DTD/xhtml1-transitional.dtd">
<html xmlns="http://www.w3.org/1999/xhtml" xml:lang="en" lang="en">
 <head>
  <title>
</title>
<meta http-equiv="Content-Type" content="text/html;charset=utf-8" />
  <meta name='ocr-system' content='tesseract 3.04.00' />
  <meta name='ocr-capabilities' content='ocr_page ocr_carea ocr_par ocr_line ocrx_word'/>
</head>
<body>
  <div class='ocr_page' id='page_1' title='image "./povidiinasoniso04burmgoog_0230.png"; bbox 0 0 2812 5010; ppageno 0'>
   <div class='ocr_carea' id='block_1_1' title="bbox 378 311 1052 381">
    <p class='ocr_par' dir='ltr' id='par_1_1' title="bbox 378 311 1052 381">
     <span class='ocr_line' id='line_1_1' title="bbox 378 311 1052 381; baseline 0.003 -3"><span class='ocrx_word' id='word_1_1' title='bbox 378 311 848 379; x_wconf 82' lang='lat' dir='ltr'><strong>METAMORPHOSEON</strong></span> <span class='ocrx_word' id='word_1_2' title='bbox 871 312 962 381; x_wconf 77' lang='grc' dir='ltr'>ΠΒ.</span> <span class='ocrx_word' id='word_1_3' title='bbox 983 314 1052 380; x_wconf 93' lang='lat' dir='ltr'>III.</span> 
     </span>
    </p>
   </div>
   <div class='ocr_carea' id='block_1_2' title="bbox 1161 320 1228 429">
    <p class='ocr_par' dir='ltr' id='par_1_2' title="bbox 1161 320 1228 429">
     <span class='ocr_line' id='line_1_2' title="bbox 1161 320 1228 429; baseline 0 -38"><span class='ocrx_word' id='word_1_4' title='bbox 1161 320 1228 429; x_wconf 71' lang='lat' dir='ltr'>us</span> 
     </span>
    </p>
   </div>
   <div class='ocr_carea' id='block_1_3' title="bbox 184 486 1308 2317">
    <p class='ocr_par' dir='ltr' id='par_1_3' title="bbox 186 486 1308 934">
     <span class='ocr_line' id='line_1_3' title="bbox 188 486 1054 587; baseline 0.003 -27"><span class='ocrx_word' id='word_1_5' title='bbox 188 488 293 562; x_wconf 90' lang='lat' dir='ltr'>Illius</span> <span class='ocrx_word' id='word_1_6' title='bbox 310 489 475 587; x_wconf 88' lang='lat' dir='ltr'>impulsu</span> <span class='ocrx_word' id='word_1_7' title='bbox 494 510 610 585; x_wconf 91' lang='lat' dir='ltr'>quum</span> <span class='ocrx_word' id='word_1_8' title='bbox 628 486 791 561; x_wconf 90' lang='lat' dir='ltr'>turribus</span> <span class='ocrx_word' id='word_1_9' title='bbox 809 487 926 561; x_wconf 90' lang='lat' dir='ltr'>ardua</span> <span class='ocrx_word' id='word_1_10' title='bbox 943 488 1054 564; x_wconf 89' lang='lat' dir='ltr'>celsis</span> 
     </span>
     <span class='ocr_line' id='line_1_4' title="bbox 187 601 1227 701; baseline 0.008 -25"><span class='ocrx_word' id='word_1_11' title='bbox 187 603 329 679; x_wconf 87' lang='lat' dir='ltr'>Moenia</span> <span class='ocrx_word' id='word_1_12' title='bbox 346 613 448 680; x_wconf 89' lang='lat' dir='ltr'>mota</span> <span class='ocrx_word' id='word_1_13' title='bbox 464 602 605 692; x_wconf 83' lang='lat' dir='ltr'>forent3</span> <span class='ocrx_word' id='word_1_14' title='bbox 636 625 792 701; x_wconf 86' lang='lat' dir='ltr'>serpens</span> <span class='ocrx_word' id='word_1_15' title='bbox 810 601 891 676; x_wconf 92' lang='lat' dir='ltr'>sine</span> <span class='ocrx_word' id='word_1_16' title='bbox 906 604 1057 679; x_wconf 86' lang='lat' dir='ltr'>vulnere</span> <span class='ocrx_word' id='word_1_17' title='bbox 1075 609 1227 697; x_wconf 89' lang='lat' dir='ltr'>mansi-t,</span> 
     </span>
     <span class='ocr_line' id='line_1_5' title="bbox 186 709 1308 821; baseline 0.002 -28"><span class='ocrx_word' id='word_1_18' title='bbox 186 718 404 818; x_wconf 83' lang='lat' dir='ltr'>Lorioaeque</span> <span class='ocrx_word' id='word_1_19' title='bbox 420 718 533 794; x_wconf 93' lang='lat' dir='ltr'>modo</span> <span class='ocrx_word' id='word_1_20' title='bbox 550 717 719 816; x_wconf 85' lang='lat' dir='ltr'>squamis</span> <span class='ocrx_word' id='word_1_21' title='bbox 737 717 927 805; x_wconf 69' lang='lat' dir='ltr'>defensus</span> <span class='ocrx_word' id='word_1_22' title='bbox 945 730 986 821; x_wconf 84' lang='lat' dir='ltr'>et</span> <span class='ocrx_word' id='word_1_23' title='bbox 1003 730 1093 797; x_wconf 85' lang='lat' dir='ltr'>atrae</span> <span class='ocrx_word' id='word_1_24' title='bbox 1301 709 1308 719; x_wconf 72' lang='grc'><strong>’</strong></span> 
     </span>
     <span class='ocr_line' id='line_1_6' title="bbox 186 833 1051 934; baseline 0.003 -25"><span class='ocrx_word' id='word_1_25' title='bbox 186 834 333 909; x_wconf 86' lang='lat' dir='ltr'>Duritia</span> <span class='ocrx_word' id='word_1_26' title='bbox 349 835 475 934; x_wconf 88' lang='lat' dir='ltr'>pellis,</span> <span class='ocrx_word' id='word_1_27' title='bbox 492 833 634 909; x_wconf 89' lang='lat' dir='ltr'>validos</span> <span class='ocrx_word' id='word_1_28' title='bbox 653 843 741 909; x_wconf 89' lang='lat' dir='ltr'>cute</span> <span class='ocrx_word' id='word_1_29' title='bbox 759 834 924 933; x_wconf 87' lang='lat' dir='ltr'>reppulit</span> <span class='ocrx_word' id='word_1_30' title='bbox 940 833 1051 912; x_wconf 82' lang='lat' dir='ltr'>ictus.</span> 
     </span>
    </p>

    <p class='ocr_par' dir='ltr' id='par_1_4' title="bbox 184 949 1228 1272">
     <span class='ocr_line' id='line_1_7' title="bbox 184 949 1228 1048; baseline 0.009 -25"><span class='ocrx_word' id='word_1_31' title='bbox 184 950 234 1024; x_wconf 89' lang='lat' dir='ltr'>At</span> <span class='ocrx_word' id='word_1_32' title='bbox 251 976 327 1024; x_wconf 93' lang='lat' dir='ltr'>non</span> <span class='ocrx_word' id='word_1_33' title='bbox 344 949 482 1026; x_wconf 88' lang='lat' dir='ltr'>duritia</span> <span class='ocrx_word' id='word_1_34' title='bbox 494 949 661 1048; x_wconf 91' lang='lat' dir='ltr'>jaculum</span> <span class='ocrx_word' id='word_1_35' title='bbox 680 973 832 1047; x_wconf 88' lang='lat' dir='ltr'>quoque</span> <span class='ocrx_word' id='word_1_36' title='bbox 846 950 962 1025; x_wconf 85' lang='lat' dir='ltr'>vineit</span> <span class='ocrx_word' id='word_1_37' title='bbox 981 953 1125 1041; x_wconf 87' lang='lat' dir='ltr'>eadem,</span> <span class='ocrx_word' id='word_1_38' title='bbox 1178 961 1228 1032; x_wconf 83' lang='lat'>65</span> 
     </span>
     <span class='ocr_line' id='line_1_8' title="bbox 186 1065 1072 1166; baseline 0.003 -26"><span class='ocrx_word' id='word_1_39' title='bbox 186 1065 296 1150; x_wconf 79' lang='lat' dir='ltr'>Quod</span> <span class='ocrx_word' id='word_1_40' title='bbox 312 1067 437 1141; x_wconf 87' lang='lat' dir='ltr'>medio</span> <span class='ocrx_word' id='word_1_41' title='bbox 455 1066 567 1140; x_wconf 88' lang='lat' dir='ltr'>lentae</span> <span class='ocrx_word' id='word_1_42' title='bbox 585 1066 703 1139; x_wconf 88' lang='lat' dir='ltr'>fixum</span> <span class='ocrx_word' id='word_1_43' title='bbox 721 1066 935 1141; x_wconf 87' lang='lat' dir='ltr'>curvamine</span> <span class='ocrx_word' id='word_1_44' title='bbox 953 1067 1072 1166; x_wconf 84' lang='lat' dir='ltr'>spinae</span> 
     </span>
     <span class='ocr_line' id='line_1_9' title="bbox 187 1181 1025 1272; baseline 0.005 -18"><span class='ocrx_word' id='word_1_45' title='bbox 187 1181 388 1272; x_wconf 82' lang='lat' dir='ltr'>Constitit3</span> <span class='ocrx_word' id='word_1_46' title='bbox 419 1192 458 1256; x_wconf 90' lang='lat' dir='ltr'>et</span> <span class='ocrx_word' id='word_1_47' title='bbox 473 1191 553 1256; x_wconf 90' lang='lat' dir='ltr'>toto</span> <span class='ocrx_word' id='word_1_48' title='bbox 571 1183 768 1257; x_wconf 89' lang='lat' dir='ltr'>descendit</span> <span class='ocrx_word' id='word_1_49' title='bbox 782 1184 819 1256; x_wconf 91' lang='lat' dir='ltr'>in</span> <span class='ocrx_word' id='word_1_50' title='bbox 838 1183 901 1258; x_wconf 92' lang='lat' dir='ltr'>ilia</span> <span class='ocrx_word' id='word_1_51' title='bbox 917 1184 1025 1258; x_wconf 88' lang='lat' dir='ltr'>ferro.</span> 
     </span>
    </p>

    <p class='ocr_par' dir='ltr' id='par_1_5' title="bbox 185 1297 1229 2317">
     <span class='ocr_line' id='line_1_10' title="bbox 185 1297 1126 1398; baseline 0.006 -30"><span class='ocrx_word' id='word_1_52' title='bbox 185 1297 264 1384; x_wconf 90' lang='lat' dir='ltr'>Ille,</span> <span class='ocrx_word' id='word_1_53' title='bbox 284 1298 414 1372; x_wconf 85' lang='lat' dir='ltr'>dolore</span> <span class='ocrx_word' id='word_1_54' title='bbox 431 1298 549 1386; x_wconf 88' lang='lat' dir='ltr'>ferox,</span> <span class='ocrx_word' id='word_1_55' title='bbox 569 1309 685 1398; x_wconf 89' lang='lat' dir='ltr'>eaput</span> <span class='ocrx_word' id='word_1_56' title='bbox 701 1298 739 1372; x_wconf 93' lang='lat' dir='ltr'>in</span> <span class='ocrx_word' id='word_1_57' title='bbox 758 1324 826 1373; x_wconf 91' lang='lat' dir='ltr'>sua</span> <span class='ocrx_word' id='word_1_58' title='bbox 842 1310 949 1397; x_wconf 86' lang='lat' dir='ltr'>terga</span> <span class='ocrx_word' id='word_1_59' title='bbox 965 1299 1126 1388; x_wconf 80' lang='lat' dir='ltr'>retorsit,</span> 
     </span>
     <span class='ocr_line' id='line_1_11' title="bbox 185 1411 1198 1513; baseline 0.008 -29"><span class='ocrx_word' id='word_1_60' title='bbox 185 1411 426 1512; x_wconf 84' lang='lat' dir='ltr'>Vulneraque</span> <span class='ocrx_word' id='word_1_61' title='bbox 440 1414 602 1513; x_wconf 81' lang='lat' dir='ltr'>aspexit,</span> <span class='ocrx_word' id='word_1_62' title='bbox 618 1415 812 1513; x_wconf 88' lang='lat' dir='ltr'>fixumque</span> <span class='ocrx_word' id='word_1_63' title='bbox 829 1416 964 1490; x_wconf 88' lang='lat' dir='ltr'>hastile</span> <span class='ocrx_word' id='word_1_64' title='bbox 980 1417 1198 1492; x_wconf 89' lang='lat' dir='ltr'>momordit:</span> 
     </span>
     <span class='ocr_line' id='line_1_12' title="bbox 187 1526 1184 1628; baseline 0.005 -29"><span class='ocrx_word' id='word_1_65' title='bbox 187 1526 320 1625; x_wconf 91' lang='lat' dir='ltr'>quue,</span> <span class='ocrx_word' id='word_1_66' title='bbox 340 1528 405 1601; x_wconf 91' lang='lat' dir='ltr'>ubi</span> <span class='ocrx_word' id='word_1_67' title='bbox 422 1529 458 1603; x_wconf 92' lang='lat' dir='ltr'>vi</span> <span class='ocrx_word' id='word_1_68' title='bbox 475 1531 595 1602; x_wconf 91' lang='lat' dir='ltr'>multa</span> <span class='ocrx_word' id='word_1_69' title='bbox 612 1539 757 1628; x_wconf 90' lang='lat' dir='ltr'>partem</span> <span class='ocrx_word' id='word_1_70' title='bbox 774 1528 950 1610; x_wconf 85' lang='lat' dir='ltr'>labefecit</span> <span class='ocrx_word' id='word_1_71' title='bbox 967 1529 1005 1602; x_wconf 93' lang='lat' dir='ltr'>in</span> <span class='ocrx_word' id='word_1_72' title='bbox 1022 1553 1184 1618; x_wconf 89' lang='lat' dir='ltr'>omnem,</span> 
     </span>
     <span class='ocr_line' id='line_1_13' title="bbox 185 1641 1221 1742; baseline 0.007 -28"><span class='ocrx_word' id='word_1_73' title='bbox 185 1641 257 1716; x_wconf 86' lang='lat' dir='ltr'>Vix</span> <span class='ocrx_word' id='word_1_74' title='bbox 275 1653 381 1740; x_wconf 85' lang='lat' dir='ltr'>tergo</span> <span class='ocrx_word' id='word_1_75' title='bbox 395 1642 548 1742; x_wconf 83' lang='lat' dir='ltr'>eripuit3</span> <span class='ocrx_word' id='word_1_76' title='bbox 568 1643 707 1718; x_wconf 82' lang='lat' dir='ltr'>ferrum</span> <span class='ocrx_word' id='word_1_77' title='bbox 719 1655 845 1720; x_wconf 88' lang='lat' dir='ltr'>tamen</span> <span class='ocrx_word' id='word_1_78' title='bbox 862 1644 1011 1719; x_wconf 90' lang='lat' dir='ltr'>ossibus</span> <span class='ocrx_word' id='word_1_79' title='bbox 1024 1645 1153 1721; x_wconf 81' lang='lat' dir='ltr'>haeret.</span> <span class='ocrx_word' id='word_1_80' title='bbox 1178 1651 1221 1721; x_wconf 89' lang='grc'>71</span> 
     </span>
     <span class='ocr_line' id='line_1_14' title="bbox 185 1756 1102 1857; baseline 0.004 -28"><span class='ocrx_word' id='word_1_81' title='bbox 185 1756 280 1830; x_wconf 83' lang='lat' dir='ltr'>Tum</span> <span class='ocrx_word' id='word_1_82' title='bbox 296 1783 396 1847; x_wconf 87' lang='lat' dir='ltr'>vero,</span> <span class='ocrx_word' id='word_1_83' title='bbox 417 1769 619 1857; x_wconf 87' lang='lat' dir='ltr'>postquam</span> <span class='ocrx_word' id='word_1_84' title='bbox 636 1760 764 1834; x_wconf 88' lang='lat' dir='ltr'>solitas</span> <span class='ocrx_word' id='word_1_85' title='bbox 782 1761 945 1835; x_wconf 84' lang='lat' dir='ltr'>accessit</span> <span class='ocrx_word' id='word_1_86' title='bbox 963 1759 1010 1835; x_wconf 89' lang='lat' dir='ltr'>ad</span> <span class='ocrx_word' id='word_1_87' title='bbox 1028 1760 1102 1834; x_wconf 90' lang='lat' dir='ltr'>iras</span> 
     </span>
     <span class='ocr_line' id='line_1_15' title="bbox 186 1871 1148 1995; baseline 0.006 -51"><span class='ocrx_word' id='word_1_88' title='bbox 186 1871 304 1970; x_wconf 85' lang='lat' dir='ltr'>Plaga</span> <span class='ocrx_word' id='word_1_89' title='bbox 321 1897 464 1960; x_wconf 82' lang='lat' dir='ltr'>recena,</span> <span class='ocrx_word' id='word_1_90' title='bbox 482 1875 603 1972; x_wconf 90' lang='lat' dir='ltr'>plenis</span> <span class='ocrx_word' id='word_1_91' title='bbox 620 1885 837 1995; x_wconf 83' lang='lat' dir='ltr'>tqmuerunt</span> <span class='ocrx_word' id='word_1_92' title='bbox 854 1884 1006 1972; x_wconf 88' lang='lat' dir='ltr'>guttura</span> <span class='ocrx_word' id='word_1_93' title='bbox 1021 1875 1148 1967; x_wconf 89' lang='lat' dir='ltr'>venis;</span> 
     </span>
     <span class='ocr_line' id='line_1_16' title="bbox 187 1985 1164 2087; baseline 0.007 -29"><span class='ocrx_word' id='word_1_94' title='bbox 187 1985 407 2085; x_wconf 87' lang='lat' dir='ltr'>Spumaque</span> <span class='ocrx_word' id='word_1_95' title='bbox 424 1988 623 2087; x_wconf 88' lang='lat' dir='ltr'>pestiferos</span> <span class='ocrx_word' id='word_1_96' title='bbox 640 1988 865 2063; x_wconf 85' lang='lat' dir='ltr'>circumfluit</span> <span class='ocrx_word' id='word_1_97' title='bbox 882 1989 1009 2064; x_wconf 78' lang='lat' dir='ltr'>albida</span> <span class='ocrx_word' id='word_1_98' title='bbox 1025 1989 1164 2081; x_wconf 82' lang='lat' dir='ltr'>rictus3</span> 
     </span>
     <span class='ocr_line' id='line_1_17' title="bbox 185 2100 1229 2202; baseline 0.008 -30"><span class='ocrx_word' id='word_1_99' title='bbox 185 2100 374 2198; x_wconf 86' lang='lat' dir='ltr'>Terraque</span> <span class='ocrx_word' id='word_1_100' title='bbox 392 2127 476 2179; x_wconf 90' lang='lat' dir='ltr'>rasa</span> <span class='ocrx_word' id='word_1_101' title='bbox 493 2114 603 2178; x_wconf 89' lang='lat' dir='ltr'>sonat</span> <span class='ocrx_word' id='word_1_102' title='bbox 620 2105 808 2202; x_wconf 84' lang='lat' dir='ltr'>squamis3</span> <span class='ocrx_word' id='word_1_103' title='bbox 830 2105 971 2202; x_wconf 91' lang='lat' dir='ltr'>quique</span> <span class='ocrx_word' id='word_1_104' title='bbox 989 2105 1129 2180; x_wconf 85' lang='lat' dir='ltr'>halitus</span> <span class='ocrx_word' id='word_1_105' title='bbox 1146 2105 1229 2182; x_wconf 86' lang='lat' dir='ltr'>exit</span> 
     </span>
     <span class='ocr_line' id='line_1_18' title="bbox 186 2215 1227 2317; baseline 0.008 -29"><span class='ocrx_word' id='word_1_106' title='bbox 186 2215 260 2290; x_wconf 90' lang='lat' dir='ltr'>Ore</span> <span class='ocrx_word' id='word_1_107' title='bbox 277 2218 384 2315; x_wconf 85' lang='lat' dir='ltr'>niger</span> <span class='ocrx_word' id='word_1_108' title='bbox 403 2218 548 2317; x_wconf 71' lang='lat' dir='ltr'>Stygia</span> <span class='ocrx_word' id='word_1_109' title='bbox 568 2219 716 2295; x_wconf 87' lang='lat' dir='ltr'>vitiatas</span> <span class='ocrx_word' id='word_1_110' title='bbox 735 2219 854 2293; x_wconf 89' lang='lat' dir='ltr'>inficit</span> <span class='ocrx_word' id='word_1_111' title='bbox 871 2243 995 2293; x_wconf 88' lang='lat' dir='ltr'>auras.</span> <span class='ocrx_word' id='word_1_112' title='bbox 1176 2227 1227 2296; x_wconf 87' lang='grc'>76</span> 
     </span>
    </p>
   </div>
   <div class='ocr_carea' id='block_1_4' title="bbox 183 2447 678 2587">
    <p class='ocr_par' dir='ltr' id='par_1_6' title="bbox 183 2447 678 2587">
     <span class='ocr_line' id='line_1_19' title="bbox 185 2447 678 2515; baseline 0.006 -19"><span class='ocrx_word' id='word_1_113' title='bbox 185 2456 262 2496; x_wconf 83' lang='lat' dir='ltr'>autem</span> <span class='ocrx_word' id='word_1_114' title='bbox 272 2447 360 2514; x_wconf 74' lang='lat' dir='ltr'>lepidis</span> <span class='ocrx_word' id='word_1_115' title='bbox 370 2448 443 2506; x_wconf 88' lang='lat' dir='ltr'>missi,</span> <span class='ocrx_word' id='word_1_116' title='bbox 453 2448 527 2515; x_wconf 84' lang='lat' dir='ltr'>ipsius</span> <span class='ocrx_word' id='word_1_117' title='bbox 536 2449 621 2498; x_wconf 89' lang='lat' dir='ltr'>Cadmi</span> <span class='ocrx_word' id='word_1_118' title='bbox 629 2459 678 2500; x_wconf 86' lang='lat' dir='ltr'>sta-</span> 
     </span>
     <span class='ocr_line' id='line_1_20' title="bbox 183 2521 677 2587; baseline 0.006 -16"><span class='ocrx_word' id='word_1_119' title='bbox 183 2529 234 2571; x_wconf 82' lang='lat' dir='ltr'>tura</span> <span class='ocrx_word' id='word_1_120' title='bbox 247 2521 397 2587; x_wconf 82' lang='lat' dir='ltr'>intelligitur.</span> <span class='ocrx_word' id='word_1_121' title='bbox 413 2523 516 2583; x_wconf 86' lang='lat' dir='ltr'>Quintil.</span> <span class='ocrx_word' id='word_1_122' title='bbox 532 2525 592 2574; x_wconf 88' lang='lat' dir='ltr'>Inst.</span> <span class='ocrx_word' id='word_1_123' title='bbox 603 2526 677 2575; x_wconf 86' lang='lat' dir='ltr'><strong>VIII.</strong></span> 
     </span>
    </p>
   </div>
   <div class='ocr_carea' id='block_1_5' title="bbox 728 2448 1225 2589">
    <p class='ocr_par' dir='ltr' id='par_1_7' title="bbox 728 2448 1225 2589">
     <span class='ocr_line' id='line_1_21' title="bbox 761 2448 1223 2516; baseline 0.002 -16"><span class='ocrx_word' id='word_1_124' title='bbox 761 2452 800 2500; x_wconf 84' lang='grc'>65.</span> <span class='ocrx_word' id='word_1_125' title='bbox 819 2451 905 2506; x_wconf 78' lang='lat' dir='ltr'>Vincit,</span> <span class='ocrx_word' id='word_1_126' title='bbox 915 2448 1008 2515; x_wconf 87' lang='lat' dir='ltr'>repellit</span> <span class='ocrx_word' id='word_1_127' title='bbox 1013 2468 1021 2510; x_wconf 89' lang='lat'>;</span> <span class='ocrx_word' id='word_1_128' title='bbox 1038 2458 1094 2499; x_wconf 88' lang='lat' dir='ltr'>tunc</span> <span class='ocrx_word' id='word_1_129' title='bbox 1108 2449 1171 2498; x_wconf 90' lang='lat' dir='ltr'>enim</span> <span class='ocrx_word' id='word_1_130' title='bbox 1185 2451 1223 2516; x_wconf 87' lang='lat' dir='ltr'>ja-</span> 
     </span>
     <span class='ocr_line' id='line_1_22' title="bbox 728 2522 1225 2589; baseline 0.002 -17"><span class='ocrx_word' id='word_1_131' title='bbox 728 2524 782 2574; x_wconf 87' lang='lat' dir='ltr'>cula</span> <span class='ocrx_word' id='word_1_132' title='bbox 799 2523 862 2574; x_wconf 86' lang='lat' dir='ltr'>vinci</span> <span class='ocrx_word' id='word_1_133' title='bbox 883 2523 1002 2581; x_wconf 89' lang='lat' dir='ltr'>dicuntur,</span> <span class='ocrx_word' id='word_1_134' title='bbox 1014 2539 1088 2589; x_wconf 91' lang='lat' dir='ltr'>quum</span> <span class='ocrx_word' id='word_1_135' title='bbox 1105 2522 1225 2588; x_wconf 83' lang='lat' dir='ltr'>repellun-</span> 
     </span>
    </p>
   </div>
   <div class='ocr_carea' id='block_1_6' title="bbox 174 2593 679 3770">
    <p class='ocr_par' dir='ltr' id='par_1_8' title="bbox 179 2593 679 3307">
     <span class='ocr_line' id='line_1_23' title="bbox 183 2593 677 2648; baseline 0.012 -6"><span class='ocrx_word' id='word_1_136' title='bbox 183 2593 212 2645; x_wconf 84' lang='lat' dir='ltr'>ir.</span> <span class='ocrx_word' id='word_1_137' title='bbox 226 2596 269 2644; x_wconf 74' lang='lat'>24.</span> <span class='ocrx_word' id='word_1_138' title='bbox 304 2594 407 2646; x_wconf 85' lang='lat' dir='ltr'>Heroiea</span> <span class='ocrx_word' id='word_1_139' title='bbox 427 2604 498 2647; x_wconf 72' lang='lat' dir='ltr'>atate</span> <span class='ocrx_word' id='word_1_140' title='bbox 518 2597 625 2646; x_wconf 87' lang='lat' dir='ltr'>homines</span> <span class='ocrx_word' id='word_1_141' title='bbox 641 2614 677 2648; x_wconf 83' lang='lat' dir='ltr'>ar-</span> 
     </span>
     <span class='ocr_line' id='line_1_24' title="bbox 183 2670 678 2737; baseline 0.004 -17"><span class='ocrx_word' id='word_1_142' title='bbox 183 2670 247 2720; x_wconf 84' lang='lat' dir='ltr'>bores</span> <span class='ocrx_word' id='word_1_143' title='bbox 262 2671 402 2736; x_wconf 73' lang='lat' dir='ltr'>proteritate</span> <span class='ocrx_word' id='word_1_144' title='bbox 417 2672 540 2737; x_wconf 61' lang='lat' dir='ltr'>superasse</span> <span class='ocrx_word' id='word_1_145' title='bbox 557 2673 678 2737; x_wconf 83' lang='lat' dir='ltr'>fingeban-</span> 
     </span>
     <span class='ocr_line' id='line_1_25' title="bbox 183 2742 678 2806; baseline 0.008 -14"><span class='ocrx_word' id='word_1_146' title='bbox 183 2751 233 2792; x_wconf 89' lang='lat' dir='ltr'>tur:</span> <span class='ocrx_word' id='word_1_147' title='bbox 251 2742 307 2794; x_wconf 84' lang='lat' dir='ltr'>vide</span> <span class='ocrx_word' id='word_1_148' title='bbox 323 2743 475 2806; x_wconf 60' lang='lat' dir='ltr'>adrium.</span> <span class='ocrx_word' id='word_1_149' title='bbox 508 2745 573 2794; x_wconf 86' lang='lat' dir='ltr'>Talis</span> <span class='ocrx_word' id='word_1_150' title='bbox 588 2753 678 2797; x_wconf 84' lang='lat' dir='ltr'>tantus·</span> 
     </span>
     <span class='ocr_line' id='line_1_26' title="bbox 183 2817 679 2884; baseline 0.004 -18"><span class='ocrx_word' id='word_1_151' title='bbox 183 2833 226 2883; x_wconf 88' lang='lat' dir='ltr'>qne</span> <span class='ocrx_word' id='word_1_152' title='bbox 236 2817 311 2871; x_wconf 82' lang='lat' dir='ltr'>etiam</span> <span class='ocrx_word' id='word_1_153' title='bbox 321 2818 427 2868; x_wconf 83' lang='lat' dir='ltr'>Cadmus</span> <span class='ocrx_word' id='word_1_154' title='bbox 437 2817 462 2867; x_wconf 87' lang='lat' dir='ltr'>iu</span> <span class='ocrx_word' id='word_1_155' title='bbox 472 2817 517 2868; x_wconf 86' lang='lat' dir='ltr'>hae</span> <span class='ocrx_word' id='word_1_156' title='bbox 525 2834 607 2884; x_wconf 83' lang='lat' dir='ltr'>pugna</span> <span class='ocrx_word' id='word_1_157' title='bbox 616 2819 679 2884; x_wconf 79' lang='lat' dir='ltr'>cogi·</span> 
     </span>
     <span class='ocr_line' id='line_1_27' title="bbox 182 2890 679 2943; baseline 0.008 -4"><span class='ocrx_word' id='word_1_158' title='bbox 182 2891 316 2941; x_wconf 77' lang='lat' dir='ltr'>taudusest.</span> <span class='ocrx_word' id='word_1_159' title='bbox 332 2890 679 2943; x_wconf 83' lang='lat' dir='ltr'>Saxomissosuceubuitdraco</span> 
     </span>
     <span class='ocr_line' id='line_1_28' title="bbox 180 2964 677 3030; baseline 0 -16"><span class='ocrx_word' id='word_1_160' title='bbox 180 2965 310 3015; x_wconf 83' lang='lat' dir='ltr'>seeundum</span> <span class='ocrx_word' id='word_1_161' title='bbox 334 2964 455 3014; x_wconf 86' lang='lat' dir='ltr'>Hellanic.</span> <span class='ocrx_word' id='word_1_162' title='bbox 482 2965 565 3030; x_wconf 85' lang='lat' dir='ltr'>Eurip.</span> <span class='ocrx_word' id='word_1_163' title='bbox 586 2965 677 3030; x_wconf 80' lang='lat' dir='ltr'>Hygia.</span> 
     </span>
     <span class='ocr_line' id='line_1_29' title="bbox 182 3037 677 3089; baseline 0.004 -2"><span class='ocrx_word' id='word_1_164' title='bbox 182 3037 268 3087; x_wconf 78' lang='lat' dir='ltr'>Gladio</span> <span class='ocrx_word' id='word_1_165' title='bbox 277 3054 331 3089; x_wconf 90' lang='lat' dir='ltr'>eum</span> <span class='ocrx_word' id='word_1_166' title='bbox 344 3055 395 3088; x_wconf 84' lang='lat' dir='ltr'>esse</span> <span class='ocrx_word' id='word_1_167' title='bbox 412 3037 563 3088; x_wconf 86' lang='lat' dir='ltr'>intersectum</span> <span class='ocrx_word' id='word_1_168' title='bbox 574 3039 677 3089; x_wconf 87' lang='lat' dir='ltr'>tradide-</span> 
     </span>
     <span class='ocr_line' id='line_1_30' title="bbox 180 3112 678 3180; baseline 0.006 -20"><span class='ocrx_word' id='word_1_169' title='bbox 180 3112 382 3179; x_wconf 84' lang='lat' dir='ltr'>ratPhereeydes.</span> <span class='ocrx_word' id='word_1_170' title='bbox 400 3112 431 3162; x_wconf 90' lang='lat' dir='ltr'>In</span> <span class='ocrx_word' id='word_1_171' title='bbox 442 3122 523 3163; x_wconf 88' lang='lat' dir='ltr'>nostra</span> <span class='ocrx_word' id='word_1_172' title='bbox 532 3113 626 3180; x_wconf 88' lang='lat' dir='ltr'>copiosa</span> <span class='ocrx_word' id='word_1_173' title='bbox 636 3114 678 3163; x_wconf 88' lang='lat' dir='ltr'>de·</span> 
     </span>
     <span class='ocr_line' id='line_1_31' title="bbox 179 3184 677 3254; baseline 0.014 -21"><span class='ocrx_word' id='word_1_174' title='bbox 179 3184 305 3251; x_wconf 82' lang='lat' dir='ltr'>scriptione</span> <span class='ocrx_word' id='word_1_175' title='bbox 319 3188 388 3253; x_wconf 88' lang='lat' dir='ltr'>plura</span> <span class='ocrx_word' id='word_1_176' title='bbox 404 3203 470 3239; x_wconf 85' lang='lat' dir='ltr'>arma</span> <span class='ocrx_word' id='word_1_177' title='bbox 483 3188 589 3239; x_wconf 85' lang='lat' dir='ltr'>Cadmus</span> <span class='ocrx_word' id='word_1_178' title='bbox 606 3204 677 3254; x_wconf 82' lang='lat' dir='ltr'>expe·</span> 
     </span>
     <span class='ocr_line' id='line_1_32' title="bbox 179 3257 246 3307; baseline 0 0"><span class='ocrx_word' id='word_1_179' title='bbox 179 3257 246 3307; x_wconf 81' lang='lat' dir='ltr'>titur.</span> 
     </span>
    </p>

    <p class='ocr_par' dir='ltr' id='par_1_9' title="bbox 174 3333 678 3770">
     <span class='ocr_line' id='line_1_33' title="bbox 211 3333 677 3399; baseline 0.004 -16"><span class='ocrx_word' id='word_1_180' title='bbox 211 3335 253 3383; x_wconf 88' lang='grc'>61.</span> <span class='ocrx_word' id='word_1_181' title='bbox 270 3333 340 3387; x_wconf 76' lang='lat' dir='ltr'>Illius</span> <span class='ocrx_word' id='word_1_182' title='bbox 360 3334 482 3399; x_wconf 76' lang='lat' dir='ltr'>impulsu]</span> <span class='ocrx_word' id='word_1_183' title='bbox 517 3336 577 3385; x_wconf 72' lang='lat' dir='ltr'>Haec</span> <span class='ocrx_word' id='word_1_184' title='bbox 590 3335 677 3385; x_wconf 83' lang='lat' dir='ltr'>¹simili-</span> 
     </span>
     <span class='ocr_line' id='line_1_34' title="bbox 177 3406 678 3469; baseline 0.008 -15"><span class='ocrx_word' id='word_1_185' title='bbox 177 3406 308 3458; x_wconf 88' lang='lat' dir='ltr'>tudobene</span> <span class='ocrx_word' id='word_1_186' title='bbox 325 3407 418 3457; x_wconf 87' lang='lat' dir='ltr'>delecta</span> <span class='ocrx_word' id='word_1_187' title='bbox 433 3417 485 3469; x_wconf 88' lang='lat' dir='ltr'>est;</span> <span class='ocrx_word' id='word_1_188' title='bbox 500 3424 530 3458; x_wconf 86' lang='lat' dir='ltr'>ea</span> <span class='ocrx_word' id='word_1_189' title='bbox 547 3408 611 3458; x_wconf 88' lang='lat' dir='ltr'>enim</span> <span class='ocrx_word' id='word_1_190' title='bbox 627 3424 678 3458; x_wconf 86' lang='lat' dir='ltr'>cer·</span> 
     </span>
     <span class='ocr_line' id='line_1_35' title="bbox 177 3480 677 3547; baseline 0 -15"><span class='ocrx_word' id='word_1_191' title='bbox 177 3488 229 3532; x_wconf 72' lang='lat' dir='ltr'>tam</span> <span class='ocrx_word' id='word_1_192' title='bbox 246 3480 378 3547; x_wconf 83' lang='lat' dir='ltr'>accipimus</span> <span class='ocrx_word' id='word_1_193' title='bbox 398 3483 518 3537; x_wconf 89' lang='lat' dir='ltr'>notionem</span> <span class='ocrx_word' id='word_1_194' title='bbox 536 3490 560 3533; x_wconf 81' lang='lat' dir='ltr'>et</span> <span class='ocrx_word' id='word_1_195' title='bbox 580 3483 677 3542; x_wconf 84' lang='lat' dir='ltr'>roboris,</span> 
     </span>
     <span class='ocr_line' id='line_1_36' title="bbox 176 3554 676 3620; baseline 0.004 -16"><span class='ocrx_word' id='word_1_196' title='bbox 176 3571 226 3620; x_wconf 87' lang='lat' dir='ltr'>quo</span> <span class='ocrx_word' id='word_1_197' title='bbox 245 3555 352 3605; x_wconf 86' lang='lat' dir='ltr'>Cadmus</span> <span class='ocrx_word' id='word_1_198' title='bbox 372 3554 477 3620; x_wconf 81' lang='lat' dir='ltr'>vigebat,</span> <span class='ocrx_word' id='word_1_199' title='bbox 498 3565 524 3605; x_wconf 81' lang='lat' dir='ltr'>et</span> <span class='ocrx_word' id='word_1_200' title='bbox 543 3557 611 3607; x_wconf 86' lang='lat' dir='ltr'>molis</span> <span class='ocrx_word' id='word_1_201' title='bbox 630 3574 676 3606; x_wconf 90' lang='lat' dir='ltr'>ser·</span> 
     </span>
     <span class='ocr_line' id='line_1_37' title="bbox 175 3629 678 3694; baseline 0.008 -16"><span class='ocrx_word' id='word_1_202' title='bbox 175 3629 263 3694; x_wconf 87' lang='lat' dir='ltr'>pentis.</span> <span class='ocrx_word' id='word_1_203' title='bbox 306 3629 391 3681; x_wconf 79' lang='lat' dir='ltr'>Turres</span> <span class='ocrx_word' id='word_1_204' title='bbox 407 3638 486 3682; x_wconf 85' lang='lat' dir='ltr'>autem</span> <span class='ocrx_word' id='word_1_205' title='bbox 503 3647 550 3681; x_wconf 88' lang='lat' dir='ltr'>non</span> <span class='ocrx_word' id='word_1_206' title='bbox 569 3640 632 3690; x_wconf 87' lang='lat' dir='ltr'>snut,</span> <span class='ocrx_word' id='word_1_207' title='bbox 650 3640 678 3682; x_wconf 87' lang='lat' dir='ltr'>ut</span> 
     </span>
     <span class='ocr_line' id='line_1_38' title="bbox 174 3704 677 3770; baseline 0.006 -17"><span class='ocrx_word' id='word_1_208' title='bbox 174 3704 241 3753; x_wconf 63' lang='lat' dir='ltr'>hm</span> <span class='ocrx_word' id='word_1_209' title='bbox 266 3705 376 3769; x_wconf 81' lang='lat' dir='ltr'>putabat,</span> <span class='ocrx_word' id='word_1_210' title='bbox 400 3721 475 3764; x_wconf 89' lang='lat' dir='ltr'>arces,</span> <span class='ocrx_word' id='word_1_211' title='bbox 496 3706 602 3770; x_wconf 86' lang='lat' dir='ltr'>palatia;</span> <span class='ocrx_word' id='word_1_212' title='bbox 634 3707 677 3756; x_wconf 89' lang='lat' dir='ltr'>sed</span> 
     </span>
    </p>
   </div>
   <div class='ocr_carea' id='block_1_7' title="bbox 725 2607 1229 3769">
    <p class='ocr_par' dir='ltr' id='par_1_10' title="bbox 728 2607 774 2646">
     <span class='ocr_line' id='line_1_39' title="bbox 728 2607 774 2646; baseline 0 -1"><span class='ocrx_word' id='word_1_213' title='bbox 728 2607 774 2646; x_wconf 86' lang='lat' dir='ltr'>tur.</span> 
     </span>
    </p>

    <p class='ocr_par' dir='ltr' id='par_1_11' title="bbox 725 2670 1229 3475">
     <span class='ocr_line' id='line_1_40' title="bbox 761 2670 1224 2737; baseline 0 -17"><span class='ocrx_word' id='word_1_214' title='bbox 761 2673 800 2721; x_wconf 90' lang='grc'>66.</span> <span class='ocrx_word' id='word_1_215' title='bbox 818 2671 884 2725; x_wconf 80' lang='lat' dir='ltr'>Quod</span> <span class='ocrx_word' id='word_1_216' title='bbox 900 2674 971 2720; x_wconf 80' lang='lat' dir='ltr'>medio</span> <span class='ocrx_word' id='word_1_217' title='bbox 987 2673 1060 2728; x_wconf 64' lang='lat' dir='ltr'>buta,</span> <span class='ocrx_word' id='word_1_218' title='bbox 1071 2670 1131 2735; x_wconf 75' lang='lat' dir='ltr'>eta]</span> <span class='ocrx_word' id='word_1_219' title='bbox 1157 2671 1224 2737; x_wconf 67' lang='lat' dir='ltr'>Mul7</span> 
     </span>
     <span class='ocr_line' id='line_1_41' title="bbox 727 2743 1225 2810; baseline 0.004 -18"><span class='ocrx_word' id='word_1_220' title='bbox 727 2752 778 2794; x_wconf 88' lang='lat' dir='ltr'>tum</span> <span class='ocrx_word' id='word_1_221' title='bbox 791 2744 922 2809; x_wconf 78' lang='lat' dir='ltr'>phantasia</span> <span class='ocrx_word' id='word_1_222' title='bbox 933 2743 959 2792; x_wconf 89' lang='lat' dir='ltr'>in</span> <span class='ocrx_word' id='word_1_223' title='bbox 968 2761 1021 2810; x_wconf 93' lang='lat' dir='ltr'>sqq.</span> <span class='ocrx_word' id='word_1_224' title='bbox 1033 2744 1120 2792; x_wconf 86' lang='lat' dir='ltr'>elucet.</span> <span class='ocrx_word' id='word_1_225' title='bbox 1152 2744 1225 2808; x_wconf 75' lang='lat' dir='ltr'>Spina</span> 
     </span>
     <span class='ocr_line' id='line_1_42' title="bbox 728 2818 1229 2884; baseline 0.004 -16"><span class='ocrx_word' id='word_1_226' title='bbox 728 2826 862 2884; x_wconf 81' lang='lat' dir='ltr'>serpentum</span> <span class='ocrx_word' id='word_1_227' title='bbox 889 2818 1017 2867; x_wconf 88' lang='lat' dir='ltr'>admodum</span> <span class='ocrx_word' id='word_1_228' title='bbox 1043 2818 1229 2875; x_wconf 72' lang='lat' dir='ltr'>lenm,sci1ieet</span> 
     </span>
     <span class='ocr_line' id='line_1_43' title="bbox 728 2892 1227 2952; baseline 0.004 -11"><span class='ocrx_word' id='word_1_229' title='bbox 728 2892 837 2942; x_wconf 82' lang='lat' dir='ltr'>flexibilis</span> <span class='ocrx_word' id='word_1_230' title='bbox 847 2901 891 2952; x_wconf 91' lang='lat' dir='ltr'>est,</span> <span class='ocrx_word' id='word_1_231' title='bbox 900 2902 925 2942; x_wconf 85' lang='lat' dir='ltr'>et</span> <span class='ocrx_word' id='word_1_232' title='bbox 931 2893 957 2942; x_wconf 91' lang='lat' dir='ltr'>in</span> <span class='ocrx_word' id='word_1_233' title='bbox 966 2894 1052 2943; x_wconf 88' lang='lat' dir='ltr'>multos</span> <span class='ocrx_word' id='word_1_234' title='bbox 1061 2893 1127 2942; x_wconf 87' lang='lat' dir='ltr'>orbes</span> <span class='ocrx_word' id='word_1_235' title='bbox 1134 2893 1227 2943; x_wconf 83' lang='lat' dir='ltr'>curvari</span> 
     </span>
     <span class='ocr_line' id='line_1_44' title="bbox 728 2967 1224 3031; baseline 0.006 -16"><span class='ocrx_word' id='word_1_236' title='bbox 728 2976 813 3031; x_wconf 88' lang='lat' dir='ltr'>potest.</span> <span class='ocrx_word' id='word_1_237' title='bbox 848 2967 1091 3024; x_wconf 63' lang='lat' dir='ltr'>Consuarahaerere.</span> <span class='ocrx_word' id='word_1_238' title='bbox 1126 2967 1224 3018; x_wconf 75' lang='lat' dir='ltr'>Descen-</span> 
     </span>
     <span class='ocr_line' id='line_1_45' title="bbox 728 3040 1225 3106; baseline 0.01 -18"><span class='ocrx_word' id='word_1_239' title='bbox 728 3042 780 3089; x_wconf 82' lang='lat' dir='ltr'>dere</span> <span class='ocrx_word' id='word_1_240' title='bbox 794 3040 819 3089; x_wconf 89' lang='lat' dir='ltr'>iu</span> <span class='ocrx_word' id='word_1_241' title='bbox 830 3057 915 3106; x_wconf 78' lang='lat' dir='ltr'>empus</span> <span class='ocrx_word' id='word_1_242' title='bbox 930 3041 1042 3091; x_wconf 89' lang='lat' dir='ltr'>dicuntur</span> <span class='ocrx_word' id='word_1_243' title='bbox 1052 3041 1108 3098; x_wconf 88' lang='lat' dir='ltr'>tela,</span> <span class='ocrx_word' id='word_1_244' title='bbox 1118 3041 1225 3100; x_wconf 84' lang='lat' dir='ltr'>vulnera,</span> 
     </span>
     <span class='ocr_line' id='line_1_46' title="bbox 726 3113 1227 3180; baseline 0.006 -18"><span class='ocrx_word' id='word_1_245' title='bbox 726 3113 819 3179; x_wconf 86' lang='lat' dir='ltr'>ipsique</span> <span class='ocrx_word' id='word_1_246' title='bbox 839 3114 899 3163; x_wconf 89' lang='lat' dir='ltr'>adeo</span> <span class='ocrx_word' id='word_1_247' title='bbox 920 3114 1019 3172; x_wconf 89' lang='lat' dir='ltr'>milites,</span> <span class='ocrx_word' id='word_1_248' title='bbox 1039 3115 1080 3180; x_wconf 92' lang='lat' dir='ltr'>qui</span> <span class='ocrx_word' id='word_1_249' title='bbox 1100 3115 1227 3165; x_wconf 87' lang='lat' dir='ltr'>vulnerant</span> 
     </span>
     <span class='ocr_line' id='line_1_47' title="bbox 728 3188 1226 3248; baseline 0.006 -13"><span class='ocrx_word' id='word_1_250' title='bbox 728 3188 788 3237; x_wconf 87' lang='lat' dir='ltr'>telis.</span> <span class='ocrx_word' id='word_1_251' title='bbox 809 3189 932 3238; x_wconf 80' lang='lat' dir='ltr'>Mamordit</span> <span class='ocrx_word' id='word_1_252' title='bbox 942 3190 1031 3247; x_wconf 76' lang='lat' dir='ltr'>hostile,</span> <span class='ocrx_word' id='word_1_253' title='bbox 1041 3205 1105 3238; x_wconf 83' lang='lat' dir='ltr'>more</span> <span class='ocrx_word' id='word_1_254' title='bbox 1115 3189 1226 3248; x_wconf 76' lang='lat' dir='ltr'>suarum,</span> 
     </span>
     <span class='ocr_line' id='line_1_48' title="bbox 725 3261 1226 3327; baseline 0.01 -18"><span class='ocrx_word' id='word_1_255' title='bbox 725 3262 812 3326; x_wconf 90' lang='lat' dir='ltr'>quibus</span> <span class='ocrx_word' id='word_1_256' title='bbox 823 3262 919 3327; x_wconf 88' lang='lat' dir='ltr'>aliquod</span> <span class='ocrx_word' id='word_1_257' title='bbox 935 3263 1009 3312; x_wconf 57' lang='lat' dir='ltr'>mum</span> <span class='ocrx_word' id='word_1_258' title='bbox 1019 3261 1128 3312; x_wconf 72' lang='lat' dir='ltr'>inhaeret.</span> <span class='ocrx_word' id='word_1_259' title='bbox 1162 3265 1226 3324; x_wconf 78' lang='lat' dir='ltr'>Oeta,</span> 
     </span>
     <span class='ocr_line' id='line_1_49' title="bbox 725 3335 1225 3401; baseline 0.008 -18"><span class='ocrx_word' id='word_1_260' title='bbox 725 3335 793 3400; x_wconf 88' lang='lat' dir='ltr'>spina</span> <span class='ocrx_word' id='word_1_261' title='bbox 807 3336 904 3401; x_wconf 86' lang='lat' dir='ltr'>ejusque</span> <span class='ocrx_word' id='word_1_262' title='bbox 919 3336 1043 3386; x_wconf 76' lang='lat' dir='ltr'>vertebrae.</span> <span class='ocrx_word' id='word_1_263' title='bbox 1077 3337 1154 3385; x_wconf 73' lang='lat' dir='ltr'>Plena</span> <span class='ocrx_word' id='word_1_264' title='bbox 1169 3347 1225 3387; x_wconf 84' lang='lat' dir='ltr'>sunt</span> 
     </span>
     <span class='ocr_line' id='line_1_50' title="bbox 725 3418 997 3475; baseline 0 -18"><span class='ocrx_word' id='word_1_265' title='bbox 725 3425 799 3467; x_wconf 78' lang='lat' dir='ltr'>venre,</span> <span class='ocrx_word' id='word_1_266' title='bbox 811 3427 885 3475; x_wconf 91' lang='lat' dir='ltr'>quum</span> <span class='ocrx_word' id='word_1_267' title='bbox 895 3418 997 3460; x_wconf 87' lang='lat' dir='ltr'>tument.</span> 
     </span>
    </p>

    <p class='ocr_par' dir='ltr' id='par_1_12' title="bbox 725 3484 1225 3769">
     <span class='ocr_line' id='line_1_51' title="bbox 758 3484 1225 3551; baseline 0.004 -19"><span class='ocrx_word' id='word_1_268' title='bbox 758 3486 797 3533; x_wconf 88' lang='grc'>76.</span> <span class='ocrx_word' id='word_1_269' title='bbox 809 3486 891 3550; x_wconf 83' lang='lat' dir='ltr'>Niger,</span> <span class='ocrx_word' id='word_1_270' title='bbox 903 3485 1023 3549; x_wconf 90' lang='lat' dir='ltr'>pestilens.</span> <span class='ocrx_word' id='word_1_271' title='bbox 1040 3484 1119 3549; x_wconf 75' lang='lat' dir='ltr'>Stygio</span> <span class='ocrx_word' id='word_1_272' title='bbox 1129 3492 1225 3551; x_wconf 89' lang='lat' dir='ltr'>propter</span> 
     </span>
     <span class='ocr_line' id='line_1_52' title="bbox 725 3556 1222 3607; baseline 0.004 -3"><span class='ocrx_word' id='word_1_273' title='bbox 725 3556 826 3605; x_wconf 89' lang='lat' dir='ltr'>halitum</span> <span class='ocrx_word' id='word_1_274' title='bbox 843 3557 970 3606; x_wconf 80' lang='lat' dir='ltr'>letiferum.</span> <span class='ocrx_word' id='word_1_275' title='bbox 1003 3557 1075 3606; x_wconf 86' lang='lat' dir='ltr'>Silius</span> <span class='ocrx_word' id='word_1_276' title='bbox 1094 3573 1143 3606; x_wconf 89' lang='lat' dir='ltr'>ver.</span> <span class='ocrx_word' id='word_1_277' title='bbox 1158 3559 1222 3607; x_wconf 77' lang='lat'>219:</span> 
     </span>
     <span class='ocr_line' id='line_1_53' title="bbox 727 3630 1225 3694; baseline 0.006 -17"><span class='ocrx_word' id='word_1_278' title='bbox 727 3630 816 3694; x_wconf 80' lang='lat' dir='ltr'>Stygios</span> <span class='ocrx_word' id='word_1_279' title='bbox 821 3641 887 3679; x_wconf 74' lang='lat' dir='ltr'>ustus</span> <span class='ocrx_word' id='word_1_280' title='bbox 889 3631 1001 3694; x_wconf 81' lang='lat' dir='ltr'>fumante</span> <span class='ocrx_word' id='word_1_281' title='bbox 1011 3631 1166 3680; x_wconf 75' lang='lat' dir='ltr'>exsibilatore.</span> <span class='ocrx_word' id='word_1_282' title='bbox 1185 3632 1225 3680; x_wconf 80' lang='lat' dir='ltr'>Vi-</span> 
     </span>
     <span class='ocr_line' id='line_1_54' title="bbox 726 3701 1225 3769; baseline 0.006 -19"><span class='ocrx_word' id='word_1_283' title='bbox 726 3705 795 3753; x_wconf 81' lang='lat' dir='ltr'>u&#39;atos</span> <span class='ocrx_word' id='word_1_284' title='bbox 804 3703 879 3767; x_wconf 76' lang='lat' dir='ltr'>inficit</span> <span class='ocrx_word' id='word_1_285' title='bbox 890 3720 903 3752; x_wconf 90' lang='lat' dir='ltr'>e</span> <span class='ocrx_word' id='word_1_286' title='bbox 915 3703 985 3768; x_wconf 83' lang='lat' dir='ltr'>copia</span> <span class='ocrx_word' id='word_1_287' title='bbox 994 3701 1095 3769; x_wconf 85' lang='lat' dir='ltr'>poetica,</span> <span class='ocrx_word' id='word_1_288' title='bbox 1103 3701 1172 3751; x_wconf 85' lang='lat' dir='ltr'>vitiat</span> <span class='ocrx_word' id='word_1_289' title='bbox 1182 3712 1225 3753; x_wconf 85' lang='lat' dir='ltr'>aut</span> 
     </span>
    </p>
   </div>
   <div class='ocr_carea' id='block_1_8' title="bbox 110 3777 1226 4216">
    <p class='ocr_par' dir='ltr' id='par_1_13' title="bbox 110 3777 1226 4216">
     <span class='ocr_line' id='line_1_55' title="bbox 176 3777 1225 3846; baseline 0.002 -20"><span class='ocrx_word' id='word_1_290' title='bbox 176 3787 254 3828; x_wconf 81' lang='lat' dir='ltr'>turres</span> <span class='ocrx_word' id='word_1_291' title='bbox 273 3777 300 3826; x_wconf 89' lang='lat' dir='ltr'>in</span> <span class='ocrx_word' id='word_1_292' title='bbox 320 3780 393 3831; x_wconf 86' lang='lat' dir='ltr'>muris</span> <span class='ocrx_word' id='word_1_293' title='bbox 414 3781 511 3830; x_wconf 84' lang='lat' dir='ltr'>munitae</span> <span class='ocrx_word' id='word_1_294' title='bbox 531 3780 604 3837; x_wconf 90' lang='lat' dir='ltr'>urbis,</span> <span class='ocrx_word' id='word_1_295' title='bbox 623 3797 676 3846; x_wconf 76' lang='lat' dir='ltr'>qua</span> <span class='ocrx_word' id='word_1_296' title='bbox 725 3778 808 3828; x_wconf 81' lang='lat' dir='ltr'>inficit.</span> <span class='ocrx_word' id='word_1_297' title='bbox 852 3777 973 3828; x_wconf 84' lang='lat' dir='ltr'>Avienus:</span> <span class='ocrx_word' id='word_1_298' title='bbox 1010 3777 1122 3842; x_wconf 84' lang='lat' dir='ltr'>Pestifero</span> <span class='ocrx_word' id='word_1_299' title='bbox 1142 3777 1225 3843; x_wconf 79' lang='lat' dir='ltr'>afflatu</span> 
     </span>
     <span class='ocr_line' id='line_1_56' title="bbox 174 3850 1224 3917; baseline 0.001 -16"><span class='ocrx_word' id='word_1_300' title='bbox 174 3850 390 3904; x_wconf 79' lang='lat' dir='ltr'>saxisemaehinis</span> <span class='ocrx_word' id='word_1_301' title='bbox 399 3854 676 3912; x_wconf 80' lang='lat' dir='ltr'>ballieismissismoueri,</span> <span class='ocrx_word' id='word_1_302' title='bbox 724 3869 894 3917; x_wconf 79' lang='lat' dir='ltr'>serpensvagus</span> <span class='ocrx_word' id='word_1_303' title='bbox 907 3855 1015 3915; x_wconf 77' lang='lat' dir='ltr'>inquinat</span> <span class='ocrx_word' id='word_1_304' title='bbox 1028 3869 1118 3900; x_wconf 83' lang='lat' dir='ltr'>auram.</span> <span class='ocrx_word' id='word_1_305' title='bbox 1152 3853 1224 3902; x_wconf 84' lang='lat' dir='ltr'>Clau·</span> 
     </span>
     <span class='ocr_line' id='line_1_57' title="bbox 110 3926 1224 3992; baseline 0.001 -18"><span class='ocrx_word' id='word_1_306' title='bbox 110 3949 115 3957; x_wconf 92' lang='lat'><strong>·</strong></span> <span class='ocrx_word' id='word_1_307' title='bbox 174 3927 280 3985; x_wconf 74' lang='lat' dir='ltr'>concuti,</span> <span class='ocrx_word' id='word_1_308' title='bbox 295 3928 412 3977; x_wconf 85' lang='lat' dir='ltr'>solebant.</span> <span class='ocrx_word' id='word_1_309' title='bbox 445 3929 533 3977; x_wconf 77' lang='lat' dir='ltr'>Lorieae</span> <span class='ocrx_word' id='word_1_310' title='bbox 550 3944 626 3992; x_wconf 82' lang='lat' dir='ltr'>genus</span> <span class='ocrx_word' id='word_1_311' title='bbox 640 3929 676 3976; x_wconf 89' lang='lat' dir='ltr'>iu·</span> <span class='ocrx_word' id='word_1_312' title='bbox 726 3926 818 3985; x_wconf 88' lang='lat' dir='ltr'>dianus,</span> <span class='ocrx_word' id='word_1_313' title='bbox 828 3945 900 3976; x_wconf 83' lang='lat' dir='ltr'>xxxv.</span> <span class='ocrx_word' id='word_1_314' title='bbox 911 3928 967 3974; x_wconf 81' lang='lat'>202.</span> <span class='ocrx_word' id='word_1_315' title='bbox 978 3927 1009 3976; x_wconf 92' lang='lat' dir='ltr'>de</span> <span class='ocrx_word' id='word_1_316' title='bbox 1021 3926 1088 3992; x_wconf 87' lang='lat' dir='ltr'>equis</span> <span class='ocrx_word' id='word_1_317' title='bbox 1101 3926 1224 3976; x_wconf 86' lang='lat' dir='ltr'>Plutonis:</span> 
     </span>
     <span class='ocr_line' id='line_1_58' title="bbox 175 3999 1225 4067; baseline 0 -19"><span class='ocrx_word' id='word_1_318' title='bbox 175 3999 253 4065; x_wconf 81' lang='lat' dir='ltr'>tellig.</span> <span class='ocrx_word' id='word_1_319' title='bbox 264 4001 290 4050; x_wconf 89' lang='lat' dir='ltr'>iu</span> <span class='ocrx_word' id='word_1_320' title='bbox 307 4016 461 4067; x_wconf 88' lang='lat' dir='ltr'>squamarum</span> <span class='ocrx_word' id='word_1_321' title='bbox 476 4003 580 4067; x_wconf 87' lang='lat' dir='ltr'>speciem</span> <span class='ocrx_word' id='word_1_322' title='bbox 590 4019 620 4052; x_wconf 87' lang='lat' dir='ltr'>ex</span> <span class='ocrx_word' id='word_1_323' title='bbox 631 4018 677 4051; x_wconf 78' lang='lat' dir='ltr'>are</span> <span class='ocrx_word' id='word_1_324' title='bbox 727 4004 851 4060; x_wconf 80' lang='lat' dir='ltr'>corrumpit</span> <span class='ocrx_word' id='word_1_325' title='bbox 868 4003 963 4063; x_wconf 80' lang='lat' dir='ltr'>spiritus</span> <span class='ocrx_word' id='word_1_326' title='bbox 978 4017 1048 4049; x_wconf 80' lang='lat' dir='ltr'>auras</span> <span class='ocrx_word' id='word_1_327' title='bbox 1064 4001 1117 4049; x_wconf 82' lang='lat' dir='ltr'>Leti</span> <span class='ocrx_word' id='word_1_328' title='bbox 1128 4018 1153 4048; x_wconf 85' lang='lat' dir='ltr'>er</span> <span class='ocrx_word' id='word_1_329' title='bbox 1161 4019 1171 4059; x_wconf 90' lang='lat'>,·</span> <span class='ocrx_word' id='word_1_330' title='bbox 1188 4004 1225 4049; x_wconf 79' lang='lat' dir='ltr'>in·</span> 
     </span>
     <span class='ocr_line' id='line_1_59' title="bbox 175 4074 1225 4143; baseline 0.001 -22"><span class='ocrx_word' id='word_1_331' title='bbox 175 4074 318 4139; x_wconf 67' lang='lat' dir='ltr'>conlectum.</span> <span class='ocrx_word' id='word_1_332' title='bbox 345 4075 432 4143; x_wconf 78' lang='lat' dir='ltr'>virgil.</span> <span class='ocrx_word' id='word_1_333' title='bbox 450 4076 548 4126; x_wconf 85' lang='lat' dir='ltr'>AEneid.</span> <span class='ocrx_word' id='word_1_334' title='bbox 566 4077 598 4127; x_wconf 85' lang='lat' dir='ltr'>ix.</span> <span class='ocrx_word' id='word_1_335' title='bbox 618 4078 676 4127; x_wconf 88' lang='grc'><strong>707.</strong></span> <span class='ocrx_word' id='word_1_336' title='bbox 719 4076 790 4140; x_wconf 74' lang='lat' dir='ltr'>ferta</span> <span class='ocrx_word' id='word_1_337' title='bbox 800 4079 884 4138; x_wconf 80' lang='lat' dir='ltr'>spumis</span> <span class='ocrx_word' id='word_1_338' title='bbox 892 4077 1008 4123; x_wconf 80' lang='lat' dir='ltr'>uitiantur</span> <span class='ocrx_word' id='word_1_339' title='bbox 1019 4091 1100 4122; x_wconf 69' lang='lat' dir='ltr'>areae.</span> <span class='ocrx_word' id='word_1_340' title='bbox 1121 4075 1225 4133; x_wconf 86' lang='lat' dir='ltr'>Quidam</span> 
     </span>
     <span class='ocr_line' id='line_1_60' title="bbox 176 4146 1226 4216; baseline 0 -20"><span class='ocrx_word' id='word_1_341' title='bbox 176 4146 264 4209; x_wconf 72' lang='lat' dir='ltr'>duplat</span> <span class='ocrx_word' id='word_1_342' title='bbox 274 4166 366 4212; x_wconf 76' lang='lat' dir='ltr'>squama</span> <span class='ocrx_word' id='word_1_343' title='bbox 378 4151 541 4213; x_wconf 70' lang='lat' dir='ltr'>lmr&#39;aafidelis.</span> <span class='ocrx_word' id='word_1_344' title='bbox 727 4152 803 4200; x_wconf 78' lang='lat' dir='ltr'>herbas</span> <span class='ocrx_word' id='word_1_345' title='bbox 813 4166 855 4216; x_wconf 88' lang='lat' dir='ltr'>pro</span> <span class='ocrx_word' id='word_1_346' title='bbox 866 4165 952 4207; x_wconf 70' lang='lat' dir='ltr'>auras,</span> <span class='ocrx_word' id='word_1_347' title='bbox 968 4149 1012 4198; x_wconf 89' lang='lat' dir='ltr'>sed</span> <span class='ocrx_word' id='word_1_348' title='bbox 1022 4150 1154 4198; x_wconf 85' lang='lat' dir='ltr'>Burmann.</span> <span class='ocrx_word' id='word_1_349' title='bbox 1162 4158 1226 4199; x_wconf 81' lang='lat' dir='ltr'>reete</span> 
     </span>
    </p>
   </div>
   <div class='ocr_carea' id='block_1_9' title="bbox 0 0 1410 5010">
    <p class='ocr_par' dir='ltr' id='par_1_14' title="bbox 0 0 1410 5010">
     <span class='ocr_line' id='line_1_61' title="bbox 0 0 1410 5010; baseline 0 2"><span class='ocrx_word' id='word_1_350' title='bbox 0 0 1410 5010; x_wconf 95' lang='lat' dir='ltr'> </span> 
     </span>
    </p>
   </div>
  </div>
 </body>
</html>
