2812 5010
165 303 198 369 lii
602 305 769 370 SERIES

165 485 249 541 sunt.
288 476 375 540 Tum
388 477 439 553 Io,
449 476 591 562 pristina
604 476 745 542 mulieris
749 477 863 562 formo
876 487 1020 562 recepta,
1036 477 1210 562 Epaphum

165 597 261 679 parit.

213 712 287 777 Lib.
304 712 348 777 II.
380 713 448 786 Qui
463 736 562 798 quum
577 712 749 799 aliquando
764 712 956 777 Phaethonti
964 710 1161 797 Apollinem,
1176 722 1213 775 ut

169 829 283 894 falsum
301 841 438 915 patrem,
455 831 637 914 objecisset,
653 830 707 895 ille
726 853 839 896 currus
857 829 968 894 solaris
987 830 1157 914 imperium
1171 829 1213 892 ad

170 948 255 1012 diem
276 971 375 1012 unum
398 971 417 1011 a
439 959 543 1031 patre,
559 949 593 1012 in
614 950 731 1045 pignus
746 971 831 1013 verae
849 949 969 1034 stirpis,
985 948 1089 1032 petiit.
1135 946 1212 1019 Quo

169 1069 351 1152 impetrato,
368 1078 453 1131 terra
471 1070 512 1132 ab
530 1091 569 1133 eo
585 1078 653 1132 tota
673 1069 871 1144 accenditur,
886 1078 919 1132 et
939 1069 1022 1131 inter
1037 1076 1154 1130 caetera
1168 1065 1214 1127 ni·

168 1195 318 1272 gresennt
330 1185 514 1270 AEtlriopes.
552 1186 790 1250 Phaethontem
805 1186 923 1249 deinde
939 1183 1069 1249 fulmine
1084 1204 1215 1268 percus·

172 1326 242 1367 sum
262 1304 338 1367 dum
355 1302 467 1388 lugent
486 1327 621 1381 sorores,
639 1315 672 1369 et
688 1328 753 1368 una
774 1315 928 1389 cognatus
948 1303 1084 1388 Cycnus,
1100 1300 1163 1365 illae
1182 1301 1215 1364 in

174 1422 315 1497 arbores,
335 1421 388 1484 hic
411 1423 443 1484 in
464 1446 592 1506 cycnum
613 1435 765 1489 mutatur.
804 1425 891 1489 Hinc
910 1424 1051 1509 Jupiter,
1068 1421 1214 1497 lustrato,

174 1549 211 1601 ut
230 1561 303 1601 eum
321 1540 457 1622 pristino
474 1541 575 1623 vigori
594 1543 789 1617 restitueret,
806 1552 962 1605 terrarum
981 1539 1071 1614 orbe,
1090 1539 1123 1601 in
1142 1537 1216 1601 Cat

175 1656 315 1722 listenem
338 1658 461 1733 incidit,
479 1679 623 1741 eamque,
645 1669 749 1722 sumta
772 1657 1022 1732 Diam-forma,
1047 1656 1213 1739 stupravit.

177 1772 232 1837 Ob
257 1775 291 1837 id
317 1777 398 1839 irata
419 1775 506 1838 «luno
532 1773 737 1838 Callistonem
759 1774 791 1836 in
811 1797 917 1838 nrsnrn
935 1773 1102 1848 convertit,
1119 1794 1215 1856 quam

175 1904 289 1976 postea
298 1893 404 1958 Arcas
414 1893 498 1958 filius
514 1893 726 1958 transfixurus
738 1902 818 1968 erat,
828 1893 889 1956 nisi
899 1902 1072 1979 utrumque
1086 1889 1218 1974 Jupiter

177 2010 260 2075 inter
276 2013 384 2076 sidera
403 2011 573 2077 retulisset.
619 2011 695 2084 Qua
713 2011 754 2074 de
773 2032 809 2073 re
828 2031 926 2093 quum
946 2008 1034 2091 apud
1051 2005 1218 2072 Oceanum

177 2139 354 2213 conquesta
369 2140 454 2193 esset
472 2129 572 2207 duno,
587 2130 619 2192 in
637 2127 754 2193 coelum
770 2126 872 2191 relata
892 2137 940 2192 est
960 2127 1101 2191 humeris
1115 2149 1220 2211 pano-

178 2269 259 2322 nnrn,
274 2249 331 2330 qui
345 2271 448 2332 nuper
462 2249 621 2335 variegati
633 2249 776 2325 fuerant3
793 2248 875 2312 sicut
886 2257 919 2310 et
934 2269 1045 2310 carons
1058 2267 1164 2328 nuper
1178 2267 1219 2308 ex

177 2366 257 2430 albo.
272 2367 364 2452 niger
377 2377 446 2431 erat
468 2368 625 2444 redditus,
644 2390 742 2451 quum
763 2365 908 2430 Cornicis
927 2364 1064 2439 monitis,
1083 2386 1157 2448 quae
1175 2363 1220 2429 illi

179 2495 246 2549 tum
262 2508 351 2550 suam
373 2486 405 2549 in
428 2488 588 2553 cornicem
603 2497 672 2550 tum
686 2485 891 2571 Nyctimenes
907 2484 940 2546 in
957 2491 1102 2546 noctuam
1117 2492 1222 2547 muta·

178 2603 297 2668 tionem
325 2604 513 2689 explicbrat
537 2628 600 2670 non
629 2602 894 2686 obtemperasset,
915 2622 1026 2663 verum
1053 2599 1223 2664 Coronidis

180 2721 373 2786 adulterium
397 2724 438 2787 ad
461 2721 644 2808 Apollinem
672 2719 850 2785 detulisset.
897 2718 980 2802 Ejus
1006 2718 1123 2781 deinde
1153 2716 1222 2781 filio

181 2837 413 2923 AEsculapio,e
430 2840 590 2903 Coronide
606 2847 747 2914 exsect0,
764 2847 796 2900 et
811 2837 843 2899 in
860 2835 1008 2899 Chironis
1024 2844 1151 2898 antrum
1167 2837 1225 2900 de·

181 2957 258 3034 lato,
275 2958 450 3042 Ocyrrlroa
461 2958 609 3022 Chironis
624 2956 690 3026 filia
705 2955 845 3030 fatidica,
855 2954 931 3017 dum
943 2952 1051 3049 futura
1062 2954 1222 3037 praedicit,

182 3077 215 3138 in
230 3098 341 3159 equam
355 3076 500 3139 vertitur.
534 3075 621 3139 Tum
633 3075 765 3149 Chiron,
781 3082 884 3158 pater,
897 3071 1056 3156 Apollinis
1071 3071 1226 3136 auxilium

183 3192 303 3257 frustra
317 3193 484 3270 invocavit,
497 3197 583 3279 quod
598 3194 649 3259 ille
660 3197 727 3279 jam
741 3196 774 3258 in
787 3193 884 3257 Elide
899 3202 1009 3277 pastor
1020 3192 1123 3255 factus
1135 3191 1225 3256 aliud

183 3321 304 3395 ageret,
318 3311 473 3396 neglectis
489 3313 584 3376 etiam
600 3314 717 3377 bubus.
756 3310 795 3375 Id
810 3310 900 3393 quod
916 3309 1080 3372 Mercurio
1095 3307 1227 3372 furandi

184 3449 238 3493 eas
254 3428 452 3493 occasionem
466 3430 565 3506 dedit,
582 3431 638 3514 qui
649 3430 765 3494 deinde
777 3429 910 3493 Battum
924 3428 966 3490 ob
981 3426 1102 3490 furtum
1116 3427 1227 3510 prodi-

185 3559 253 3612 tum
275 3549 307 3610 in
327 3548 458 3610 indicent
480 3547 621 3633 lapidem
643 3551 785 3614 mutavit.
832 3546 913 3611 Inde
933 3544 1061 3609 avolans
1086 3545 1227 3620 Hersen,

187 3665 340 3749 Cecropis
360 3663 469 3741 filiam,
486 3677 621 3751 spectat,
636 3690 737 3751 eaque
757 3668 890 3752 potitur.
931 3665 992 3728 Cui
1009 3665 1088 3727 dum
1105 3663 1227 3726 invidet

186 3783 349 3868 Agbnros
360 3804 461 3860 soror,
473 3784 600 3847 iuvidiae
611 3806 733 3848 veneno
744 3783 864 3847 infecta
874 3783 907 3845 in
918 3803 1030 3845 sanum
1042 3779 1226 3863 obrigescit.

188 3897 307 3962 Postea
315 3897 454 3982 Jupiter,
467 3922 565 3983 quum
574 3899 772 3965 Mercurium
783 3901 816 3962 in
825 3897 943 3963 coelum
954 3920 1116 3962 reversum
1128 3898 1228 3961 boves

188 4014 349 4098 Agenoris
373 4016 415 4079 ad
436 4014 511 4079 litus
535 4027 678 4081 avertere
693 4017 853 4101 jussisset,
872 4027 976 4080 sumta
998 4016 1084 4081 tauri
1107 4015 1228 4099 specie,

188 4132 355 4216 Europam
369 4154 428 4216 per
439 4155 526 4196 mare
541 4134 575 4195 in
589 4131 720 4198 Cretam
734 4132 921 4198 transvexit.
