2812 5010
177 316 221 381 94
388 375 392 381 ,
442 377 445 381 ,
469 313 509 383 Ρ.
534 312 695 378 OVIDII
719 311 931 381 NASONIS

183 489 377 565 Convocat
395 488 455 562 hic
474 511 623 574 amnes3
651 487 717 586 qui
734 498 937 585 postquam
955 496 1059 562 tecte
1075 485 1227 585 tyranni

182 605 373 680 Intravere
392 606 462 692 sui,
483 613 507 644 “
529 603 616 678 Non
633 614 692 679 est
709 604 916 681 hortamine
934 605 1046 701 longo

184 721 221 796 N
224 746 310 809 unc,
330 721 394 809 ait,
412 720 617 796 utendum:
637 718 734 794 vires
752 719 933 795 effundite
950 728 1107 794 vestras.

185 837 250 912 Sic
267 862 362 936 opus
380 847 440 912 est
450 864 459 927 ;
481 835 623 936 aperite
641 834 784 922 domm,
804 859 861 922 ac,
880 834 980 908 mole
997 843 1153 919 remota,

186 953 421 1030 Fluminibus
438 953 573 1029 vestris
590 963 688 1028 totas
706 952 897 1027 immittite
914 949 1120 1024 habenas.”
1154 953 1229 1021 280

88 1104 94 1113 ·
183 1065 376 1145 iusserat:
396 1070 435 1143 hi
452 1069 626 1157 redeunt,
646 1092 690 1143 ec
709 1066 876 1142 fontibus
894 1089 960 1140 ore
977 1066 1162 1150 relaxant,

187 1185 238 1260 Et
254 1186 447 1261 defrenato
465 1185 661 1260 volvuntur
678 1183 716 1257 in
734 1205 887 1281 aequora
903 1205 1027 1255 cursu.

187 1303 276 1403 lpse
293 1303 456 1378 tridente
474 1327 542 1378 suo
559 1311 696 1376 terram
714 1298 921 1398 percussit:
942 1307 982 1371 at
1000 1295 1065 1369 illa

187 1420 398 1506 Intremuit,
417 1430 599 1517 motuque
617 1417 721 1491 sinus
738 1414 918 1515 patefecit
934 1436 1130 1510 aquarum.
1157 1415 1230 1484 284

189 1535 414 1635 Exspatiata
431 1545 544 1609 ruunt
561 1557 628 1633 per
643 1542 792 1632 apertos
811 1529 966 1604 flumina
983 1552 1137 1627 campos
1151 1554 1160 1616 ;

189 1651 365 1749 Cumque
376 1651 467 1725 satis
479 1650 632 1724 arbusta
642 1649 764 1736 simul,
776 1647 1033 1746 pecudesque,
1044 1645 1231 1739 virosque,

188 1767 405 1865 Tectaque;
433 1792 596 1865 cumque
615 1766 692 1841 suis
711 1764 861 1863 rapiunt
878 1761 1085 1862 penetralia
1101 1758 1231 1834 sacris.

191 1884 232 1957 si
250 1908 328 1983 qua
344 1886 478 1957 domus
493 1884 642 1970 mansit,
662 1881 862 1982 potuitque
881 1879 1055 1952 resistere
1073 1885 1180 1949 tanto

190 2000 387 2100 indejecta
404 2003 515 2090 malo,
535 2002 685 2076 culmen
702 2010 829 2073 tamen
848 1995 955 2070 altior
972 1993 1084 2089 hujus
1160 1993 1233 2064 289

189 2235 434 2284 caerulmeutoim'dia
444 2234 566 2284 dicuntur.
598 2233 629 2282 ln
642 2249 684 2282 no·
736 2243 886 2296 prorumpere
896 2226 977 2293 poerit·
1011 2225 1178 2274 Fontibvwra·
1203 2223 1235 2272 '1³

189 2306 253 2355 ruine
253 2307 337 2372 frater
344 2309 404 2357 latet
410 2323 482 2358 causa
487 2307 573 2374 promti
584 2307 683 2357 auxilii:
736 2302 814 2354 fluviis
826 2303 938 2352 dicuntur
952 2299 1020 2350 ostia.
1054 2298 1142 2351 Aditus
1156 2298 1237 2347 domo·

188 2381 341 2430 eminentius
350 2384 428 2439 undis,
438 2389 551 2445 tunquam
566 2380 686 2432 auxiliari·
736 2395 788 2428 rum
798 2386 823 2426 et
833 2376 917 2425 limina
927 2373 1000 2425 etiarn
1010 2371 1186 2431 madieuntu13
1203 2372 1237 2422 uti

189 2453 327 2519 bue-copiis.
358 2454 549 2504 Praeolaraidee.
736 2452 911 2518 pariendorum
924 2450 1030 2507 membre
1043 2464 1058 2500 u
1072 2447 1137 2506 Plio·¹
1150 2461 1236 2496 vocan-

221 2528 277 2576 276.
295 2528 397 2591 Amnem]
416 2529 477 2577 Sunt
494 2528 545 2586 Dii,
561 2530 602 2594 qui
619 2529 687 2578 habi·
737 2534 783 2576 tur.
810 2525 879 2589 Virg.
891 2526 950 2576 AEn·
960 2523 992 2572 vi.
1004 2539 1052 2575 uer·
1063 2523 1110 2573 53:
1128 2527 1144 2551 “
1157 2519 1236 2569 dehis·

189 2608 242 2650 tant
258 2600 282 2648 in
300 2601 403 2651 sontibus
420 2601 533 2660 emnium,
550 2603 591 2666 qui
611 2603 687 2652 sontes
737 2597 917 2650 cent-Attonim
928 2612 1065 2661 magnaura
1075 2593 1187 2651 domus.’'

188 2673 250 2723 hanc
264 2675 294 2723 cb
305 2690 401 2726 causam
413 2691 468 2728 mox
478 2684 593 2725 vocantur
602 2680 687 2725 domur.
767 2684 825 2732 283.
853 2683 911 2744 Ipse,
939 2689 967 2731 ut
986 2682 1070 2738 αὐτὸς,
1091 2678 1121 2728 de
1143 2678 1239 2727 domino

189 2747 363 2830 {1⁰⁸0071v002t»
371 2758 398 2798 111
408 2749 535 2814 imperat&
546 2751 687 2814 Praetoriumi
736 2772 825 2813 eorum,
853 2756 883 2804 dc
914 2755 1000 2820 quibus
1030 2769 1114 2812 sermo,
1144 2752 1239 2800 dicitur.

190 2835 266 2884 usqne
289 2821 399 2878 breviter,
426 2837 489 2871 more
515 2822 688 2888 imperatorum,
738 2831 841 2879 Troiam.
858 2829 970 2894 minna,
986 2828 1078 2893 insigne
1093 2826 1200 2891 Neptuni
1215 2834 1240 2875 er

190 2893 361 2978 mapdctcdat.
383 2895 474 2944 Amnes
481 2904 569 2953 autem,
577 2895 688 2960 quonium
737 2904 961 2970 oananoepariap,
978 2902 1129 2952 hauddubie
1144 2908 1238 2967 propte·

190 2984 217 3018 18
233 2984 259 3019 111
275 2985 340 3020 mare
357 2979 493 3028 9101018111»
505 2975 634 3035 tyrannidi,
644 2971 688 3025 im·
738 2993 786 3034 rea,
797 2978 862 3042 quod
874 2993 940 3026 mare
955 2978 1048 3026 tertiam
1061 2976 1181 3040 regionem
1197 2977 1240 3024 ob·

191 3042 255 3108 perio
266 3044 372 3108 Neptuni
382 3043 483 3110 subjecti
491 3053 554 3094 eunt.
739 3052 806 3109 tinet,
822 3051 866 3101 etsi
884 3052 925 3100 ulii
944 3051 1025 3101 aliter:
1043 3050 1097 3102 vide
1114 3049 1240 3101 Plutarch.

224 3118 281 3166 278.
300 3119 370 3176 Vires,
388 3134 471 3184 aquae.
489 3119 569 3177 Moles,
587 3127 649 3170 terra
665 3131 689 3170 et
738 3124 770 3174 de
778 3125 837 3174 leid.
847 3143 871 3190 p.
883 3127 940 3175 581.
961 3124 1242 3174 numinenumine

187 3205 250 3274 sare
265 3191 351 3274 quibus
367 3200 487 3241 coercetur
501 3191 614 3251 foramen,
626 3195 689 3244 unde
739 3208 764 3249 ct
777 3207 855 3265 potest
872 3201 1000 3264 Neptunus
1014 3208 1132 3260 percutere
1147 3208 1243 3254 terrum,

192 3263 347 3347 fluvius'emt.
365 3265 543 3316 Totarhubenas.
558 3267 690 3318 Trarmlctio
739 3273 802 3323 unde
812 3275 914 3334 κινητὴρ
928 3276 986 3339 γῆς,
1000 3274 1143 3337 σεισίχθων.
1155 3271 1240 3337 γαιήο-

192 3337 299 3402 abequm
309 3347 411 3404 sumpta,
422 3338 464 3404 qui
475 3339 574 3389 habenis
582 3341 688 3391 inhiben·
739 3366 793 3413 χης,
808 3356 855 3397 etc.
871 3348 971 3397 dicitur:
992 3347 1047 3397 vide
1065 3347 1195 3413 Spanhem.
1209 3347 1240 3395 ed

190 3418 237 3460 tur.
253 3412 378 3461 Imminere
388 3415 485 3480 habeam
494 3413 582 3480 passim
592 3431 690 3482 usurpa·
740 3420 867 3472 Callimh.
876 3421 932 3470 Del.
940 3424 980 3479 30,
989 3424 1029 3470 31.
1040 3423 1109 3470 Sinus
1119 3438 1241 3484 aqmnmm,

191 3493 254 3535 111111
263 3486 395 3551 poetis,ubi
404 3488 482 3536 durior
492 3489 543 3554 ejus
553 3489 689 3539 mnsvideri
739 3511 852 3545 cavernas
866 3495 935 3560 aquis
948 3497 1061 3562 repletas.
1070 3497 1141 3559 =Virg.
1152 3497 1241 3559 Georg.

191 3568 277 3626 possit:
290 3561 420 3626 virg.AEn.
428 3579 450 3610 v.
458 3564 514 3612 662.
521 3563 552 3612 de
559 3564 690 3628 igne‚fnrir
739 3573 771 3621 iv.
782 3571 839 3619 364.
852 3579 920 3619 vocat
931 3573 1043 3633 melancie
1055 3571 1222 3619 musolanos.

190 3636 293 3684 muniens
302 3635 422 3684 Vulcanus
433 3637 523 3686 tarenis
531 3654 540 3695 ,¹
558 3638 653 3689 Lucret.
664 3656 688 3687 v.
771 3645 827 3694 285.
845 3645 924 3693 Locus
941 3644 1095 3694 adumbratus
1112 3659 1142 3691 ex
1155 3641 1243 3707 Virgii.

192 3710 249 3759 785.
262 3711 356 3759 arbores
369 3712 470 3759 immissis
487 3713 583 3760 iubenis*
592 3729 633 3778 per
647 3729 688 3762 au·
738 3718 797 3766 AEn.
808 3717 833 3766 ii.
842 3718 899 3766 496.
993 3756 995 3760 .

192 3797 230 3832 ras
253 3793 372 3833 crescunt.
403 3784 447 3832 Est
469 3793 548 3835 autem
570 3791 690 3836 immittere
773 3793 829 3840 287.
847 3792 944 3855 Saone]
964 3789 1181 3848 Sacra,rimulncm
1196 3789 1243 3837 Pe-

192 3855 226 3905 id.
236 3871 262 3920 q.
268 3857 404 3915 admittere,
414 3859 493 3909 laxare
503 3878 508 3907 :
525 3860 592 3925 Virg.
604 3863 663 3910 AEn.
675 3860 691 3910 i.
742 3873 825 3915 netum
836 3881 935 3929 quorum
945 3865 1047 3914 sacraria
1060 3871 1127 3912 crant
1136 3872 1244 3926 permira·

188 3930 320 3981 ›63.ven'tis
339 3935 401 3981 ineas
416 3935 510 3984 habemus
525 3939 590 3984 darc.
624 3936 692 3985 Idem
743 3942 784 3989 lic.
803 3940 862 3989 vid.
871 3939 950 3989 Cerda
960 3940 990 3989 ad
1002 3939 1068 4003 Virg.
1080 3941 1138 3987 AEn.
1148 3937 1242 3986 iiten

192 4008 335 4068 nopuc'mox
346 4005 584 4072 indefremctoeursm.
736 4021 767 4062 et
786 4013 865 4077 Heyn.
883 4015 942 4062 Exc.
961 4013 993 4061 ir.
1027 4013 1132 4068 Mancre,
1151 4029 1242 4074 parav,

226 4079 283 4128 281.
301 4079 369 4142 Orm]
383 4081 507 4131 Foramina
515 4083 623 4133 fontium.
645 4086 690 4133 Re·
741 4087 853 4136 dicuutur
874 4104 927 4152 quae
950 4096 1036 4136 statum
1058 4102 1127 4136 suum
1146 4096 1245 4136 cernent

194 4152 281 4208 icrunt,
300 4161 326 4203 ut
344 4162 410 4203 tanto
431 4156 503 4220 major
520 4159 555 4207 vis
576 4174 690 4222 aquarum
742 4162 853 4210 immota:
872 4161 923 4210 Liv.
935 4160 983 4210 xxi.
994 4163 1034 4210 58.
