2812 5010
348 337 819 405 METAMORPHOSEON
843 338 934 404 LlB.
955 339 1039 404 VII.
1157 341 1222 404 471

175 514 387 589 Concidere
405 513 534 587 infelix
551 513 694 586 validos
714 513 869 588 miratur
886 521 1009 586 arator

174 629 280 714 Inter
297 653 393 729 opus
411 639 551 715 tauros,
571 629 773 726 medioque
791 629 1010 701 recumbere
1028 627 1145 701 sulco.

175 742 369 842 Lanigeris
388 744 577 842 gregibus
597 742 745 816 balatus
763 742 942 817 dantibus
959 766 1090 839 aegron,
1148 745 1222 816 540

176 861 322 958 Sponte
337 886 405 936 sua
422 861 594 958 lanaeque
613 859 765 944 cadunt,
782 869 822 931 et
838 881 995 955 corpora
1012 859 1156 931 tabent.

173 977 274 1049 Acer
288 1001 409 1074 equus
424 977 627 1075 quondam,
640 997 864 1072 magnaeque
880 973 917 1044 in
931 974 1085 1069 pulvere
1098 971 1220 1058 famae,

176 1091 393 1187 Degenerat
409 1092 574 1191 palmas;
603 1100 851 1186 veterumque
869 1088 1008 1161 oblitus
1025 1088 1220 1172 honorum,

174 1205 237 1278 Ad
255 1230 423 1305 praesepe
442 1205 572 1303 gemit,
591 1207 666 1278 leto
684 1203 887 1277 moriturus
904 1201 1038 1274 inerti.

176 1319 268 1393 Non.
282 1344 372 1418 aper
389 1320 499 1394 irasci
516 1319 708 1406 meminit;
738 1341 808 1390 nec
826 1315 942 1388 fidere
960 1316 1071 1388 cursu
1148 1319 1221 1389 545

175 1435 319 1522 Cerva3
350 1458 419 1507 nec
438 1433 616 1508 armentis
635 1433 823 1505 incurrere
841 1429 999 1503 fortibus
1017 1429 1116 1503 ursi:
1165 1456 1167 1462 ·

176 1549 316 1624 Omnia
333 1549 489 1645 languor
506 1549 641 1635 habet;
663 1546 856 1644 silvisque,
872 1544 1060 1642 agrisque,
1076 1544 1222 1641 viisque

208 1807 266 1854 538.
284 1806 406 1854 Concidere
423 1806 513 1869 insciis,
524 1807 583 1870 ete]
596 1807 676 1871 virgi·
692 1858 703 1876 ,
728 1805 799 1856 facile
810 1805 859 1855 fieri
870 1804 947 1872 potuit
955 1807 1077 1869 degenerat
1083 1821 1092 1863 ,·
1103 1818 1150 1868 quo
1161 1800 1224 1850 lacto

176 1878 233 1934 lius,
245 1877 309 1926 dicto
320 1879 380 1935 loco,
389 1881 452 1929 515:
466 1879 525 1928 Ecce
534 1890 609 1930 nartem
618 1885 676 1929 duro
727 1881 768 1928 alii
785 1890 810 1929 et
823 1881 909 1942 palmas
922 1879 1052 1927 mutbrunt.
1086 1878 1224 1926 Letomem'-

169 1952 270 2016 samam
291 1951 402 2016 (sudore)
425 1954 466 2000 sub
487 1970 573 2001 vomere
594 1963 676 2002 taurus
727 1965 813 2013 turum·
840 1954 912 2018 vulgo
933 1956 1007 2000 inorbo
1028 1956 1162 2008 moriturus,
1182 1967 1224 2016 pro

177 2027 292 2084 Concidit,
303 2034 326 2074 et
339 2028 434 2074 mimum
455 2030 538 2088 mamis
554 2031 622 2075 vomit
638 2044 675 2075 ore
726 2045 773 2093 quo
791 2030 951 2084 Burmannus,
967 2042 980 2075 e
996 2025 1163 2074 vetustioribus
1181 2026 1224 2071 leto

175 2116 287 2157 craterem,
300 2099 456 2163 Ertremcsque
466 2103 510 2148 ciet
524 2103 638 2165 gemitus:
655 2104 675 2149 it
725 2104 849 2149 moriturus
864 2099 939 2154 dedit,
954 2107 981 2147 ut
991 2099 1106 2146 vitaretur
1115 2104 1224 2160 κακοφω-

177 2173 250 2220 tristis
260 2181 338 2220 arctor
347 2173 480 2221 Merentem
487 2176 613 2237 emungens
616 2173 675 2238 sra-
725 2173 776 2222 νία.
809 2173 866 2221 Leto
883 2175 953 2219 inerti
961 2188 970 2228 ,·
987 2170 1083 2233 ignavo,
1099 2167 1149 2216 sine
1168 2182 1223 2216 san-

175 2255 242 2298 teron
253 2249 454 2308 mertcjuvencnm
461 2265 470 2305 ,·
488 2249 563 2310 Atque
575 2264 639 2309 opere
651 2251 675 2296 im
724 2245 805 2310 guine,
816 2255 843 2294 ut
861 2254 897 2294 est
906 2243 956 2293 viii.
967 2246 1025 2293 518.
1041 2242 1164 2306 inglorius.
1175 2256 1223 2288 non

176 2322 249 2368 medio
266 2323 340 2382 dejira
353 2324 466 2384 relinquit
482 2330 571 2370 arama.
604 2321 675 2370 Adde
724 2321 749 2369 in
760 2319 887 2368 certamine
898 2327 939 2367 aut
949 2318 1021 2366 bello.
1047 2319 1147 2366 Sensum
1155 2315 1223 2364 Grae-

176 2409 238 2441 rers.
258 2395 398 2444 494-497,
434 2395 565 2451 Concidere,
584 2404 611 2443 ut
629 2397 675 2444 coi·
725 2409 807 2442 corum
818 2392 900 2441 tribuit
911 2406 981 2455 equo.
1015 2391 1106 2454 Ignem
1120 2387 1223 2436 morasic

177 2469 232 2524 labi,
250 2467 281 2515 de
298 2470 420 2518 moriente.
454 2468 521 2516 Inter
539 2485 601 2530 opus,
616 2467 677 2517 inter
727 2468 791 2532 apud
806 2467 899 2522 Silium,
914 2466 948 2514 ix.
959 2467 1021 2514 512:
1043 2462 1164 2526 Virgilio,
1174 2477 1223 2511 ver.

178 2541 303 2590 arandum.
726 2541 790 2589 4982
816 2541 915 2588 Labitur
933 2539 1025 2603 infelix,
1040 2538 1223 2584 ermemmar-

178 2636 182 2640 ·
210 2617 267 2663 540.
286 2615 385 2664 Baletus
401 2632 478 2680 agros,
492 2624 529 2671 ut,
541 2630 609 2663 versu
620 2615 677 2664 319.
724 2632 766 2678 quc
776 2617 890 2662 immemor
904 2615 974 2660 berbc
990 2612 1067 2659 Victor
1082 2609 1223 2674 equuasim·

177 2698 242 2736 tener
252 2689 350 2737 balatus.
436 2713 438 2718 ·
624 2710 626 2715 ·
660 2720 663 2726 ·
726 2687 1125 2750 terqucaoertitur,etpedetcrram
1137 2683 1223 2731 Crebra

211 2763 267 2809 542.
279 2763 339 2810 Acer
349 2761 613 2825 equusquondam,etc.]
625 2761 676 2809 Hos
717 2761 781 2826 ferit
793 2780 800 2808 .·
817 2764 913 2809 dembsoe
923 2775 998 2814 curm,
1010 2766 1056 2806 etc.

176 2851 258 2884 versus
285 2836 397 2900 Apolline
424 2834 509 2897 dignos
536 2834 677 2899 pronunciat
757 2836 815 2882 545.
832 2834 885 2880 Nom
899 2847 954 2894 aper
968 2833 1045 2887 imeri,
1058 2829 1117 2892 etc.]
1136 2829 1223 2880 Confer

175 2909 269 2974 Tanaq.
285 2909 368 2956 Faber.
402 2909 469 2961 Acer,
489 2922 623 2970 generosus,
641 2907 676 2954 l'e-
725 2905 849 2970 Virgilius,
877 2906 965 2969 Georg.
985 2904 1019 2953 iii.
1040 2904 1097 2952 537.
1137 2901 1222 2951 irasci.

177 2998 228 3030 mx.
261 2982 292 3029 In
305 2983 407 3042 puluere,
419 2981 444 3027 in
463 2979 640 3036 certaminibus,
650 2980 676 3029 in
710 3006 712 3009 ·
725 2981 824 3036 Seneca,
838 2980 867 3028 de
887 2980 935 3036 Ira,
953 2979 969 3028 i.
987 2979 1011 3026 3.
1026 2977 1068 3026 ubi
1085 2977 1127 3026 hos
1141 2992 1224 3026 versus

177 3071 279 3121 qnorum
296 3054 494 3119 descriptionibus
508 3055 612 3119 pulveris
627 3055 675 3103 fere
725 3054 815 3110 laudat,
835 3053 916 3102 addit:
936 3054 1010 3102 irasci
1031 3055 1108 3108 dett,
1118 3054 1223 3109 incitari,

177 3131 205 3178 fit
224 3129 320 3177 mentio.
347 3129 406 3179 Vid.
421 3127 480 3179 Jani
498 3127 528 3176 ad
548 3128 633 3176 Horat.
651 3130 674 3178 Ι.
723 3130 830 3192 impingi.
872 3127 946 3175 Irasci
964 3124 1156 3190 quitantiam)
1172 3142 1224 3174 mon

178 3201 292 3251 onia.
327 3199 578 3260 Poimas,victoriam;
597 3200 675 3265 Virgi-
724 3204 968 3266 magnamnagnam
981 3204 1105 3264 ignoscere.
1139 3198 1224 3247 Fidem

177 3274 233 3331 lius,
255 3276 342 3338 Georg.
359 3274 375 3322 i.
393 3276 435 3323 59.
455 3274 568 3320 Eliadum
588 3276 676 3334 palmas
725 3275 806 3339 aliqua
822 3291 856 3331 re,
868 3291 912 3340 ope
928 3275 979 3340 ejus
996 3273 1096 3321 salutern
1108 3287 1224 3337 quaerere.

176 3350 296 3412 equanam.
332 3348 463 3412 Degenernt
482 3348 577 3408 palmus,
596 3346 675 3409 indig-
725 3349 773 3397 Sed
784 3348 835 3396 haec
852 3348 881 3396 de
899 3365 963 3412 apro,
975 3362 1055 3402 cerva,
1067 3345 1127 3393 ursis
1137 3343 1224 3393 rectius

177 3437 236 3469 num
251 3437 277 3469 se
292 3421 383 3485 prabet
398 3417 510 3474 victoriis,
528 3418 676 3466 deteriorem·
725 3423 844 3469 abessent.
885 3420 987 3468 Modum
1007 3433 1100 3466 servare
1122 3416 1223 3466 Ovidius

176 3495 224 3544 Sed
242 3511 286 3558 ego
304 3509 358 3543 curn
377 3493 513 3542 Schirachio
530 3508 577 3539 non
593 3492 676 3540 dubito
726 3492 810 3542 nescit.
848 3494 908 3549 Quis
935 3501 1065 3542 nostrorum
1091 3489 1225 3555 probaverit

176 3568 304 3617 defendere
331 3568 454 3632 vulgatam
487 3564 613 3614 lectionem
646 3566 676 3613 ab
727 3567 892 3616 Germanicam
914 3564 1223 3630 istamgravitatemsqua

178 3641 278 3691 Heinsio
292 3643 393 3706 pulsam,
404 3645 534 3705 degenerat,
545 3641 624 3700 palme
639 3656 676 3688 ve·
728 3642 810 3704 Gicrig
829 3639 875 3688 hoc
893 3640 946 3688 loco
966 3639 1080 3688 Ovidium
1094 3637 1131 3686 sui
1147 3637 1223 3702 impo-

177 3718 384 3779 terampucobiitns
391 3718 507 3763 mitorum.
525 3717 677 3778 Quamquam
726 3722 815 3762 tentem
823 3711 924 3761 dixeriti
942 3710 1223 3774 Radendaergoetabo-

177 3789 242 3840 enim
259 3793 404 3853 degenerare.
414 3788 492 3836 active
504 3787 624 3835 interdum
640 3788 676 3835 di·
725 3787 798 3836 lenda
811 3802 906 3851 quoque
923 3784 1062 3834 suavissima
1074 3783 1117 3832 illa
1126 3798 1188 3848 quar.
1196 3781 1223 3830 in

179 3873 255 3920 catur,
264 3871 291 3911 ut
302 3863 371 3911 docet
381 3861 502 3917 Heinsius,
510 3861 541 3908 ad
552 3861 621 3909 Pont.
630 3861 677 3908 ΙΙΙ.
727 3877 770 3909 sua
787 3861 841 3909 libri
850 3861 891 3909 vii.
907 3859 989 3907 sabula
1001 3861 1024 3906 1.
1035 3856 1123 3906 cecinit
1137 3856 1224 3904 Noster

178 3938 195 3986 i.
206 3939 248 3986 45.
264 3946 343 3984 tamen
358 3939 433 3998 palam
448 3943 473 3983 et
488 3935 677 3983 bonoresmelius
728 3936 765 3982 La
780 3936 901 3991 Fonteiae,
918 3932 1067 3982 felicissimus
1082 3939 1171 3978 naturae
1190 3943 1223 3976 ee-

179 4012 213 4060 sic
232 4012 371 4076 junguntur.
399 4007 479 4058 Possis
499 4017 523 4057 et
544 4023 599 4056 cnm
619 4025 677 4057 non·
727 4009 812 4056 mulus.
845 4007 977 4072 Languor,
1001 4005 1103 4054 morbus.
1135 4004 1224 4052 Luere-

179 4083 253 4133 nullis
261 4084 339 4148 legere
347 4087 445 4149 degener
459 4087 489 4132 cd
502 4084 598 4145 polmus,
609 4098 676 4130 nam·
726 4081 782 4138 tius,
799 4081 833 4130 vi.
850 4081 927 4147 rati.
945 4079 1098 4145 Languebont
1117 4079 1225 4140 placaque

179 4174 228 4222 que
246 4161 277 4207 ml
295 4159 417 4222 eleganter
435 4174 477 4223 pro
494 4156 581 4223 quoad.
602 4155 677 4206 Hinc
726 4157 808 4204 morbo.
842 4153 1097 4220 Foedu,·putrescentia.
1139 4160 1141 4165 '

1271 4376 1405 4703 s
