2812 5010
315 347 380 412 190
613 343 653 409 Ρ.
677 340 840 408 OVIDII
863 341 1076 408 NASONIS

316 520 478 605 Evehor‚
496 530 535 592 et
551 518 642 592 data
656 541 741 591 sum
758 541 886 589 comes
904 517 1098 614 inculpata
1114 515 1309 591 Minervae.

318 636 421 721 Quid
438 647 566 709 tamen
586 635 657 706 boc
671 633 837 731 prodest,
858 632 889 705 si
907 631 989 705 diro
1006 631 1107 707 facta
1122 633 1286 705 volucris

318 752 486 826 Crimine
503 751 743 849 Nyctimene,
764 758 893 821 nostro
912 748 1097 823 successit
1114 748 1272 821 honori?
1291 753 1364 821 590

316 869 390 956 An,
410 894 495 967 quae
514 893 581 967 per
598 878 717 942 totam
735 891 794 939 res
814 876 873 939 est
891 865 1086 939 notissima
1105 864 1266 951 Lesbon,

319 986 406 1060 Non
420 987 549 1060 audita
566 986 635 1058 tibi
651 996 723 1069 est,
743 984 906 1082 patrium
924 983 1130 1057 temerdsse
1148 980 1275 1055 cubile

319 1101 598 1200 Nyctimenen?
617 1103 695 1175 avis
711 1101 775 1173 illa
788 1100 964 1198 quidem3
986 1099 1053 1174 sed
1065 1097 1364 1196 conscieculpae,

318 1219 578 1319 Conspectum
594 1220 795 1315 lucemque
806 1216 915 1312 fugit,
928 1216 1171 1312 tenebrisque
1182 1214 1365 1312 pudorem

318 1336 451 1411 Celet:
480 1348 521 1410 et
536 1360 559 1408 a
576 1336 724 1409 cunctis
742 1334 947 1432 expellitur
963 1332 1103 1406 aethere
1121 1330 1241 1404 tot0.”
1291 1333 1364 1402 595

317 1451 425 1526 Talia
441 1452 596 1538 dicenti,
617 1461 641 1490 “
656 1450 780 1537 Tibi,'’
798 1450 862 1536 ait,
884 1457 908 1487 “
925 1445 1198 1534 revocamina,''
1216 1469 1364 1529 corvus,

318 1576 343 1605 ‘⁶
364 1569 463 1654 Sint,
487 1591 631 1666 precor,
657 1568 730 1641 ista
752 1567 873 1640 malo:
903 1588 971 1638 nos
986 1588 1124 1637 vanum
1151 1560 1367 1660 spernimus

406 1710 416 1733 ²
467 1683 615 1757 omen.”

319 1799 400 1872 Nec
419 1809 586 1897 coeptum
604 1797 759 1871 dimittit
777 1798 869 1885 iter3
900 1797 1128 1893 dominoque
1141 1795 1335 1890 jacentem

318 1914 417 1986 Cum
432 1917 569 2011 juvene
588 1912 784 1986 Haemonio
802 1912 941 1987 vidisse
961 1910 1152 1986 Coronida
1170 1921 1307 1983 narrat.

318 2028 464 2103 Laurea
480 2031 638 2129 delapsa
655 2041 725 2115 est,
746 2030 875 2103 audito
894 2029 1063 2114 crimine,
1083 2026 1247 2112 amenti3
1290 2029 1366 2098 600

318 2145 369 2217 Et
387 2145 527 2244 pariter
542 2147 745 2243 vultusque
765 2146 861 2232 Deo,
878 2145 1154 2243 plectrumque,
1174 2143 1357 2239 colorque

317 2261 492 2336 Excidit:
513 2274 632 2359 utque
651 2261 797 2336 animus
815 2261 960 2335 tumida
976 2259 1146 2334 fervebat
1162 2260 1210 2332 ab
1229 2259 1305 2344 ira3

348 2487 406 2534 590.
423 2487 525 2536 Crimine
545 2487 700 2552 Nyctimene]
723 2488 817 2537 Rursus
865 2488 980 2535 Strabone
995 2496 1102 2535 servato:
1119 2485 1157 2535 brt
1169 2484 1255 2552 Ἰσχὺς
1266 2483 1369 2534 noad-

252 2592 257 2604 .
316 2560 366 2608 alia
384 2561 517 2626 aspergitur
534 2562 624 2619 fabula,
646 2563 688 2611 sed
704 2563 815 2620 breviter,
865 2561 911 2623 6ης
931 2565 995 2628 γῆμε
1015 2560 1141 2626 Κόρωνιν.
1174 2560 1264 2624 Ischyn
1286 2569 1369 2608 autem

315 2651 375 2682 vers.
395 2636 534 2685 591-595,
556 2636 692 2699 Nyctimene
712 2636 760 2707 fuit
776 2636 814 2685 vel
866 2637 954 2701 Apollo
969 2635 1062 2699 sagittis
1077 2634 1189 2683 confecit.
1216 2634 1289 2699 Apud
1308 2634 1367 2680 Pin-

316 2708 417 2773 Epopei‚
432 2710 494 2774 regis
509 2710 656 2767 lesbiorum,
666 2711 714 2767 vel,
731 2726 815 2761 secun·
865 2711 916 2762 dar.
926 2710 998 2776 Pytb.
1015 2709 1049 2758 iii.
1063 2711 1095 2758 46
1112 2726 1164 2774 sqq.
1198 2708 1301 2774 Delphis
1314 2724 1368 2757 ver-

315 2780 373 2830 dum
384 2784 452 2840 alios,
462 2785 551 2849 Nyctei
560 2785 618 2833 filie.
642 2785 675 2835 Vi
686 2799 740 2834 eam
750 2801 814 2834 com·
864 2801 920 2834 sans
929 2785 974 2833 boc
984 2783 1080 2832 rescivit
1091 2800 1134 2848 per
1144 2792 1218 2832 artem
1232 2799 1301 2831 suam
1312 2781 1368 2830 fati-

314 2871 420 2918 pressam
437 2873 451 2905 a
468 2865 543 2922 patre,
557 2875 605 2922 prae
622 2859 712 2923 pudore
728 2859 814 2909 abiisse
865 2859 953 2907 dicam.
980 2857 1028 2905 Sed
1039 2857 1152 2921 quoniam
1166 2872 1250 2905 corvus
1260 2855 1313 2904 avis
1324 2871 1368 2904 au-

315 2926 341 2975 in
354 2930 435 2986 silvas,
446 2933 527 2996 ibique
543 2949 559 2980 a
574 2933 684 2982 Minerva
698 2941 814 2982 mutatam
864 2933 964 2997 gurabs,
977 2941 1101 2997 propterea
1119 2931 1140 2979 is
1157 2930 1253 2980 additus
1268 2929 1367 2979 tabule.

315 3016 366 3050 esse
383 3003 407 3051 in
423 3014 545 3062 noctuam,
557 3023 611 3070 quae
629 3006 726 3072 pudoris
742 3023 815 3057 causa
864 3008 904 3056 De
921 3007 1048 3061 Haemonia,
1064 3005 1118 3053 vide
1136 3021 1208 3069 supra
1223 3004 1255 3054 ad
1272 3020 1368 3054 versum

314 3073 418 3124 interdiu
426 3079 510 3134 lateat,
521 3079 813 3145 scribitHygin.lab.204
862 3084 921 3132 543.

315 3157 339 3195 et
354 3151 411 3199 253.
438 3151 517 3201 Aliter
536 3154 630 3202 Servius
646 3154 676 3202 ad
691 3155 812 3220 I.Georg.
896 3157 1092 3218 601.Vultusqae
1100 3152 1285 3215 Deo-mittit]
1311 3153 1368 3202 Vol-

315 3222 371 3271 409.
384 3224 426 3288 qui
442 3224 501 3274 dicit
518 3227 579 3276 hanc
595 3243 647 3276 esse
664 3227 749 3277 avibus
767 3228 812 3277 ad·
863 3242 900 3280 rus
914 3233 998 3279 excidit
1015 3229 1046 3287 ei,
1058 3229 1126 3294 cujus
1142 3227 1248 3276 hilaritas
1261 3236 1368 3276 mutatur

315 3295 443 3347 mirationi·
862 3306 887 3354 in
898 3305 1086 3354 sollicitudinem
1097 3310 1122 3351 et
1137 3316 1270 3350 moerorem.
1299 3301 1368 3350 Celer

347 3373 404 3421 592.
429 3374 555 3431 Tenetur-e,
582 3375 674 3425 incestu
698 3378 813 3426 contami-
863 3383 955 3435 excidit,
972 3395 1047 3443 quum
1058 3378 1150 3426 vultum
1166 3384 1268 3440 occupat
1281 3376 1369 3439 pallor.

314 3461 379 3503 nare,
389 3448 504 3513 polluere,
515 3459 542 3498 ut
553 3449 613 3498 libro
623 3467 664 3499 xv.
676 3453 733 3500 501.
754 3453 814 3501 Om-
865 3453 1014 3505 Contrarium
1025 3462 1062 3502 est
1076 3454 1167 3500 nultum
1181 3451 1290 3511 recipere,
1300 3451 1369 3498 Fast.

314 3520 370 3570 nino
380 3532 417 3571 est
431 3524 556 3572 temeraria
569 3523 671 3573 audacia
682 3525 779 3589 aggredi
790 3536 815 3575 et
864 3527 896 3577 iv.
907 3529 964 3577 615.
988 3528 1143 3576 Beneautem
1154 3524 1189 3572 sic
1199 3531 1281 3572 notata
1292 3524 1368 3572 animi

313 3596 401 3646 violare
411 3613 449 3645 res
457 3613 536 3646 sacras
546 3608 571 3646 et
581 3598 686 3656 illicitos,
694 3599 743 3653 viii.
751 3602 799 3649 742
806 3620 813 3662 ;
864 3600 1018 3666 perturbatio.
1056 3600 1144 3649 Confer
1163 3598 1197 3646 iv.
1226 3599 1281 3647 175.
1309 3599 1368 3647 229.

313 3686 353 3719 ιν.
369 3671 409 3720 75.
435 3671 514 3720 Tibul.
532 3672 580 3721 111.
595 3689 619 3720 v.
635 3673 664 3720 7:
682 3678 813 3722 temeranda
863 3675 976 3724 Similiter
986 3674 1068 3723 Tibul.
1079 3675 1124 3724 IV.
1135 3673 1204 3723 itt:
1224 3672 1261 3720 Ne
1272 3674 1314 3720 tibi
1325 3675 1369 3720 mi·

312 3746 657 3802 meranullioiromm,conseio
666 3749 813 3808 eulpe,etc.;
862 3753 928 3799 renti
942 3753 1043 3810 turpiter
1060 3766 1126 3796 amsa
1140 3750 1234 3797 cadant.
1258 3747 1369 3811 Propert.

313 3816 368 3866 vide
378 3817 409 3865 ad
420 3834 468 3867 ver.
479 3820 535 3867 377.
559 3821 656 3868 Noctua
665 3819 720 3868 ideo
735 3821 813 3870 lucem
863 3823 909 3874 IV.
920 3824 954 3873 iv.
973 3825 1013 3873 19.
1031 3824 1061 3872 de
1079 3819 1246 3887 obstupefacta
1258 3819 1367 3883 virgine:

312 3889 382 3954 sugit,
399 3893 462 3956 quod
480 3895 595 3958 pupulam
612 3895 736 3943 oculorum
752 3896 813 3945 adeo
865 3897 973 3961 Interque
993 3900 1074 3946 oblitas
1094 3899 1178 3946 excidit
1193 3913 1257 3944 urna
1274 3912 1368 3944 munus.

312 3963 392 4012 laxam
408 3967 469 4029 gerit
480 3975 506 4014 et
521 3976 636 4032 apertam,
646 3978 674 4016 ut
686 3968 765 4018 lucem
776 3969 812 4017 di·
863 3972 1025 4022 ueneat:
1044 3973 1107 4020 Adeo
1120 3971 1265 4033 perturbavit
1279 3985 1307 4016 ea
1327 3987 1369 4018 uer

313 4054 397 4087 urnam
408 4040 468 4087 serre
479 4051 591 4105 nequeat.
862 4063 947 4110 regem,
958 4057 985 4095 nt
996 4065 1041 4095 non
1054 4048 1123 4102 color,
1134 4064 1180 4093 non
1190 4047 1302 4093 vultasei
1312 4063 1369 4092 con·

346 4115 404 4161 590.
418 4115 523 4171 Domino,
534 4116 650 4181 Apollini.
663 4117 721 4164 Cum
725 4121 813 4180 juvene
862 4123 956 4168 stiterit.

314 4186 437 4236 Hemonio.
469 4189 586 4237 Hesiodus
602 4190 628 4238 in
649 4190 811 4255 fragmentoa
895 4197 951 4243 602.
970 4195 1068 4243 Tumida
1077 4193 1136 4256 ira]
1152 4195 1214 4251 Quae
1227 4207 1368 4256 moxerup-
