2812 5010
367 332 833 401 METAMORPHOSBON
857 334 947 402 LIB.
970 335 1020 400 Il.
1149 339 1214 404 157

180 505 229 579 Ut
245 530 333 581 vero
352 531 497 581 summo
514 506 690 606 despexit
707 509 755 581 ab
772 509 911 583 aethere
930 519 1047 584 terras

177 621 312 696 Infelix
331 622 542 710 Phaethon,
557 623 706 722 penitus
724 624 952 724 penitusque
965 628 1158 724 jacentes;

177 737 329 824 Palluit,
349 749 388 813 et
405 740 529 813 subito
548 763 671 836 genua
688 740 914 816 intremuere
931 742 1063 817 timore
1077 770 1086 832 3
1144 748 1214 816 180

176 854 349 951 Suntque
362 856 481 929 oculis
495 856 660 930 tenebrae
670 882 739 956 per
749 869 896 932 tantum
910 861 1037 933 lumen
1056 860 1212 932 obortae.

176 969 224 1043 Et
236 972 318 1069 jam
336 972 465 1045 mallet
478 997 597 1070 equos
614 998 808 1073 nunquam
825 976 997 1072 tetigisse
1014 986 1211 1075 paternos3

174 1084 338 1184 Jamque
352 1089 511 1184 agndsse
529 1114 647 1186 genus
666 1091 783 1190 piget,
796 1093 1006 1167 etvaluisse
1024 1092 1212 1188 rogando:

173 1200 258 1277 Jam
277 1201 447 1303 Meropis
465 1204 540 1279 dici
557 1207 725 1304 cupiens,
744 1208 798 1282 ita
814 1206 940 1294 fertur,
959 1218 1001 1280 ut
1015 1218 1099 1281 acta

176 1317 367 1418 Praecipiti
383 1321 494 1419 pinus
514 1321 650 1408 Borea,
670 1322 731 1396 cui
748 1323 850 1396 victa
866 1323 1010 1396 remisit
1146 1325 1214 1394 185

178 1433 298 1510 Frena
315 1460 406 1510 suus
423 1449 558 1525 rector,
574 1462 688 1538 quam
708 1439 791 1526 uls,
811 1440 984 1536 votisque
1001 1437 1164 1534 reliquit.

177 1549 275 1634 Quid
292 1550 429 1627 faciat?
455 1555 616 1629 multum
633 1556 717 1630 coeli
736 1566 822 1654 post
838 1565 946 1652 terga
962 1554 1154 1640 relictum;

176 1665 275 1740 Ante
292 1669 422 1741 oculos
440 1670 524 1766 plus
543 1681 621 1760 est3
652 1671 775 1745 animo
793 1671 945 1744 metitur
961 1680 1175 1765 utrumque.

178 1779 224 1855 Et
240 1784 367 1870 modo,
388 1809 482 1883 quos
498 1785 548 1858 illi
568 1785 643 1860 fato
662 1786 879 1883 contingere
896 1809 971 1859 non
989 1795 1059 1871 est,

208 2028 264 2076 170.
286 2027 319 2075 Ut
339 2045 392 2077 vero
406 2045 498 2083 mmmc,
518 2030 577 2092 etc]
595 2031 670 2079 Novae
721 2029 793 2077 rimas
803 2026 1022 2095 procellasexcitat.
1056 2025 1164 2086 Praectps,
1175 2020 1218 2088 qui

177 2101 292 2150 accedunt
309 2101 491 2168 perturbationis
507 2118 601 2152 causa:
624 2105 672 2152 Lu·
722 2119 793 2152 naves
804 2101 937 2167 praecipites
952 2101 993 2148 dat
1003 2098 1111 2154 saeviens,
1123 2105 1150 2145 ut
1160 2113 1217 2160 pre·

176 2173 233 2222 aian.
244 2173 270 2222 d.
280 2174 300 2222 l.
314 2173 438 2240 ἐπικύψας
450 2175 475 2234 ἐς
488 2175 567 2239 βάθος
578 2176 672 2241 ἀχανὲς
721 2193 771 2239 ceps
791 2176 893 2240 Aj'ricas‚
915 2173 999 2222 Horat.
1018 2173 1041 2220 1.
1057 2172 1106 2220 Od.
1122 2170 1158 2218 iii.
1180 2171 1218 2218 12.

177 2245 308 2312 ἐξεπλάγη·
723 2251 973 2314 Βιιεοτ,ςυ1)ετηαῑοτ.
1007 2245 1219 2309 Frcm‚gubemn·

207 2322 264 2371 179.
273 2323 379 2378 Partitur,
386 2322 510 2387 profunde.
524 2323 600 2381 Mela,
609 2324 652 2372 ii.l
663 2345 668 2371 :
722 2325 792 2372 cula:
810 2324 861 2371 III.
871 2325 935 2370 Fast.
946 2323 1002 2370 293.
1013 2322 1110 2369 moene.
1136 2318 1218 2366 Solent

176 2397 340 2445 Aurumtmn
352 2401 444 2459 penitus
458 2408 566 2463 egestum.
594 2397 671 2447 Etiam
722 2398 785 2446 enim
808 2397 875 2446 navis
893 2404 918 2444 et
936 2411 1017 2444 currus
1032 2393 1093 2443 inter
1110 2409 1135 2442 se
1154 2408 1218 2440 com·

169 2474 246 2532 jacere
257 2469 378 2520 notionem
388 2471 555 2537 profunditatis
565 2472 671 2538 adjuvat,
722 2474 807 2538 parari,
817 2479 937 2536 praeeunte
953 2470 1063 2525 Homero,
1080 2467 1121 2533 qui
1132 2467 1218 2531 guber·

175 2545 261 2595 utviii.
275 2546 333 2596 750.
352 2546 448 2594 Peaitus
457 2549 597 2610 penitusque.
621 2547 672 2596 Hoc
723 2555 828 2594 notorem
835 2543 909 2592 dixit:
927 2542 1032 2607 ἡνίοχον
1042 2543 1110 2600 νεώς.
1129 2542 1219 2590 Contra

175 2628 209 2668 est
219 2618 292 2668 valde
304 2617 430 2684 depressas'
444 2635 472 2668 ac
486 2621 555 2684 longe
572 2637 586 2670 a
601 2637 626 2670 se
636 2637 671 2669 re·
724 2620 806 2684 auriga
822 2617 962 2682 ναύκληρος
976 2616 1040 2682 apud
1050 2615 1132 2680 Enrip.
1141 2614 1217 2681 Hipp.

177 2701 250 2742 motas
258 2710 266 2754 ;
283 2709 339 2741 nam
354 2692 500 2756 geminatum
515 2694 575 2743 illud
589 2693 672 2744 adver·
723 2710 771 2742 ver.
792 2693 863 2741 1224.
891 2691 929 2740 Cf.
944 2692 1038 2747 Noster,
1058 2689 1080 2738 Ι.
1094 2689 1165 2737 Trist.
1182 2688 1217 2737 iv.

175 2765 240 2814 bium
247 2766 390 2815 immensum
398 2767 548 2816 intervallum
555 2767 674 2832 significat
724 2771 751 2816 ll
765 2783 817 2833 sqq.
842 2767 915 2823 Victo,
927 2765 1018 2815 scilicet
1028 2781 1043 2814 a
1053 2764 1137 2814 ventis.
1157 2764 1218 2812 Ver-

176 2839 234 2889 inter
252 2841 343 2889 ooelum
358 2848 382 2889 et
397 2848 479 2898 terras,
494 2851 518 2890 et
537 2841 594 2891 lacit
608 2841 672 2891 idem
721 2843 778 2891 bum
795 2842 821 2890 in
837 2841 882 2890 hac
899 2856 924 2889 re
942 2839 1060 2906 proprium
1077 2837 1139 2902 (vid.
1157 2839 1215 2886 Ma·

177 2912 238 2977 qnod
248 2912 358 2978 repetitio
365 2912 390 2962 in
401 2913 453 2962 loco
460 2913 545 2962 citato:
559 2915 623 2964 Siloa
633 2917 673 2962 sot
722 2916 796 2980 riang.
812 2914 940 2963 Accnrsius
956 2913 981 2962 in
994 2910 1113 2975 Diatrib.)
1129 2919 1153 2960 et
1169 2912 1218 2960 ele·

176 2988 225 3043 ltoc.
234 2989 293 3036 siloa
303 2991 456 3051 qrmntojacet
464 2989 532 3036 herbo
542 2990 583 3036 aab
592 2991 662 3038 mani.
722 3006 781 3054 gans
791 3007 798 3049 ;
814 2988 879 3037 venti
891 2988 954 3036 enim
968 2985 1042 3035 veluti
1058 2986 1144 3052 proelia
1154 3001 1218 3035 corn·

210 3063 265 3110 101.
282 3062 386 3124 Suntque
403 3063 483 3119 ocutis
495 3063 555 3126 etc]
575 3061 674 3111 Fallitur
723 3064 820 3111 mittunt
836 3078 891 3111 cnm
908 3061 1016 3117 navibus,
1026 3069 1050 3109 et
1064 3061 1101 3108 vel
1111 3059 1219 3118 victores,

177 3136 278 3185 Farnab.
289 3150 364 3201 quum
374 3136 399 3183 in
412 3134 449 3184 his
459 3135 537 3186 verbis
547 3135 675 3203 ὀξὺμωρον
724 3136 762 3185 vel
783 3135 839 3184 victi
861 3144 985 3184 nautarum
1007 3140 1056 3183 arte
1077 3131 1218 3182 discedunt:
1247 3159 1249 3168 ·

177 3209 269 3275 quatit.
302 3209 365 3258 Satis
383 3209 446 3256 enim
465 3217 566 3266 constat,
588 3219 613 3258 et
634 3226 674 3258 ex·
723 3210 806 3258 Horat.
817 3211 865 3258 ΙΙΙ.
877 3208 925 3258 Od.
936 3209 999 3257 xxiv.
1010 3209 1050 3256 40.

176 3284 235 3349 perti
255 3283 344 3332 scimm
369 3299 458 3340 omnes,
475 3283 574 3332 nimium
593 3284 675 3332 lumen
759 3287 813 3334 186.
825 3284 889 3347 Dis]
900 3283 950 3332 Aut
961 3281 1014 3331 Diis
1022 3281 1109 3347 pelagi,
1118 3275 1220 3329 autDiis

176 3357 288 3408 hebetare
299 3357 420 3406 oculorum
431 3357 515 3407 aciem.
725 3359 865 3408 tutelaribus
885 3357 962 3413 navis,
982 3372 1080 3422 quorum
1098 3354 1176 3418 imago
1195 3354 1220 3401 in

210 3433 266 3480 104.
284 3431 393 3494 Meropis,
409 3431 500 3480 scilicet
516 3432 586 3489 filius,
597 3431 674 3498 ellipsi
725 3433 799 3498 puppi
813 3433 900 3488 stultat,
912 3439 937 3480 et
950 3446 1008 3496 quos
1022 3436 1108 3484 nauto,
1119 3436 1220 3490 tempes-

177 3506 273 3555 Graeca.
300 3505 363 3555 Flor.
378 3506 413 3554 11.
429 3506 460 3554 vi.
477 3508 522 3555 19:
542 3506 676 3556 Bomilcaris
725 3514 774 3556 tate
801 3516 859 3562 orta,
886 3510 943 3554 votis
967 3502 1122 3568 suscipiendis
1144 3499 1220 3565 preci·

177 3579 303 3627 Adherbal.
336 3579 433 3644 Merops
447 3578 491 3627 tuit
506 3579 604 3628 maritus
615 3579 674 3643 Cly·
724 3582 817 3645 busque
828 3579 941 3628 faciendis
958 3579 1052 3643 placare
1067 3575 1220 3623 conabantur.

177 3666 258 3701 menes
267 3670 276 3713 ;
292 3667 432 3717 quanquam
449 3653 550 3715 Meropes
567 3652 676 3701 dicantur
726 3655 785 3703 Hor.
797 3654 873 3704 Lod.
885 3654 933 3702 xiv.
946 3653 984 3701 10.
1000 3652 1065 3699 Fast.
1075 3648 1109 3696 iii.
1120 3649 1177 3697 593.

177 3725 285 3775 homines
294 3725 360 3791 apud
368 3727 504 3782 Homerum,
514 3727 578 3791 quod
589 3725 676 3774 divisas
760 3730 815 3778 109.
834 3728 887 3776 Non
906 3737 946 3783 est,
959 3725 1002 3775 οὐκ
1019 3724 1079 3779 ἔστι,
1096 3721 1222 3770 nonlicet.

177 3798 283 3848 habeant
295 3815 384 3860 voces3
400 3815 449 3864 qna
464 3801 489 3847 in
503 3798 673 3864 significatione
726 3802 766 3852 Cf.
778 3802 812 3850 xi.
824 3804 880 3850 354.
915 3801 962 3848 Nec
976 3799 1066 3847 nonina
1082 3798 1145 3844 nouit
1155 3811 1220 3858 equo

178 3871 216 3921 nic
237 3889 334 3939 quoque
356 3873 431 3939 accipi
449 3881 533 3939 potest,
553 3889 581 3922 ac
600 3874 619 3922 si
638 3873 675 3921 di·
724 3894 786 3934 rum,
798 3883 825 3925 ut
840 3876 945 3940 singulos
955 3888 1012 3923 voce
1023 3871 1125 3920 mulcere
1141 3878 1165 3917 et
1176 3867 1221 3916 mi-

178 3954 258 3996 θθῐθῑῐ
281 3946 381 4013 cupiens
404 3947 455 4013 jam
480 3945 580 3999 hominis
602 3946 673 4005 filius,
725 3953 799 4015 tigare
816 3949 898 4017 possit.
926 3948 1001 3998 ctv.
1019 3947 1082 4006 4023
1097 3952 1122 3994 at
1135 3944 1221 3991 Senec.

179 4020 254 4085 magis
265 4037 340 4087 quam
347 4021 404 4079 Dei,
415 4019 537 4087 appellari.
726 4024 802 4089 Hipp.
816 4039 863 4072 ver.
882 4023 953 4071 1053.
975 4020 1054 4069 Etiam
1071 4034 1110 4084 ap.
1126 4016 1223 4065 Homer.

213 4096 268 4144 105.
286 4096 369 4153 Pinus,
383 4095 459 4152 navis,
476 4105 537 4154 octa,
554 4111 608 4160 quse
625 4096 674 4161 agi-
725 4097 807 4146 heroes
823 4095 975 4161 alloquuntur
985 4109 1060 4160 equos
1069 4107 1131 4142 suos.
1148 4090 1179 4139 Il.
1191 4094 1221 4138 θ.

179 4175 224 4226 tnr,
235 4169 443 4235 rapituraBorsn,
453 4171 520 4235 cujus
534 4170 611 4219 rabies
621 4171 674 4236 plu·
729 4172 781 4219 184.
1014 4176 1018 4183 '

212 4243 290 4292 VOL.
306 4244 357 4292 III.
824 4244 847 4291 Ο
