2812 5010
375 323 847 392 METAMORPHOSEON
870 322 963 388 LIB.
987 322 1016 386 Ι.
1155 325 1220 390 137

178 502 261 576 Sole
287 510 396 576 satus
417 499 631 586 Phaethon,
651 521 767 595 quern
792 498 984 594 quondam
1006 521 1144 594 magna
1169 499 1223 572 lo-

323 626 515 715 quentem,
1148 621 1218 690 751

174 733 208 807 N
211 758 254 807 ec
274 734 347 808 sibi
366 732 577 819 cedentem,
592 730 816 827 Phoeboque
831 742 987 829 parente
1002 733 1221 829 superbum,
1289 814 1291 818 y

173 849 207 922 N
209 875 259 922 on
269 849 358 922 tulit
370 849 583 934 Inachides
598 855 622 884 “
634 844 838 943 Matrique,
851 847 916 934 ait,
929 847 1055 920 omnia
1065 848 1222 922 demens

174 965 308 1039 Credis
325 993 334 1055 ;
364 975 402 1038 et
420 991 461 1039 es
478 963 645 1037 tumidus
664 962 840 1058 genitoris
859 964 1021 1061 imagine
1039 963 1161 1038 falsi.''

173 1080 335 1155 Erubuit
352 1080 566 1165 Phaethon,
583 1080 752 1176 iramque
769 1081 911 1178 pudore
930 1079 1127 1179 repressit:
1150 1084 1222 1157 755

174 1197 222 1271 Et
239 1197 327 1271 tulit
344 1198 392 1270 ad
411 1197 623 1294 Clymenen
642 1195 791 1295 Epaphi
810 1198 979 1271 convicia
997 1207 1168 1271 matrem.

175 1312 370 1411 “Quoque
387 1313 507 1409 magis
521 1313 662 1397 doleaS,
675 1311 850 1408 genitrix,
864 1313 927 1399 ait,
943 1313 1007 1387 ille
1025 1338 1095 1409 ego
1114 1313 1221 1401 liber,
1252 1396 1254 1402 .

174 1428 245 1504 Ille
262 1430 368 1505 ferox
386 1430 509 1505 tacui:
537 1431 656 1530 pudet
672 1430 753 1502 haec
772 1430 972 1528 opprobria
989 1429 1098 1503 nobis

176 1663 319 1722 auctoribus,
330 1664 372 1730 qui
384 1674 487 1723 exstant,
502 1682 555 1715 eam
572 1665 673 1731 repetie-
726 1665 774 1715 Od.
789 1664 815 1715 ii.
833 1667 873 1715 25.
891 1664 930 1714 Ci.
950 1674 975 1713 et
992 1662 1074 1728 Eurip.
1090 1664 1174 1727 fragm.
1191 1661 1227 1712 iii.

175 1746 229 1786 runt
245 1737 347 1787 Aristot.
366 1739 397 1787 de
412 1739 572 1796 Mirabilibus,
587 1756 609 1788 c.
628 1741 676 1799 32;
726 1741 839 1802 AEquelis.
856 1739 897 1787 vii.
908 1739 965 1787 658.
979 1754 1044 1800 peres
1056 1740 1123 1785 oanis
1133 1740 1226 1786 oreimis·

176 1811 256 1876 Apoll.
268 1811 318 1861 Rh.
332 1813 391 1878 Arg.
400 1813 432 1861 iv.
443 1816 490 1863 597
502 1830 555 1878 sqq.
578 1815 675 1863 Lucret.
726 1831 775 1876 qtae.
809 1805 1034 1877 Antinia'spiritu'ct
1044 1804 1163 1877 superbia.

176 1902 198 1934 v.
223 1887 371 1947 397-405;
395 1889 482 1937 Manil.
507 1889 524 1936 i.
549 1890 596 1938 733
622 1905 675 1954 sqq.
759 1890 814 1936 751.
833 1888 922 1952 Magno
937 1887 1016 1950 loqui]
1037 1886 1225 1951 Μεγαλαυχεῒν,

176 1959 265 2024 Hygin.
276 1961 324 2010 fab.
336 1965 381 2011 152
391 1978 406 2011 a
421 1964 512 2012 caeteris
523 1963 677 2023 dissentiens,
726 1963 917 2027 μεγαληγορεῖν,
954 1961 1057 2026 gloriari,
1077 1960 1226 2027 superbire:

177 2029 379 2087 Lucianflllstml.
390 2046 408 2087 t.
420 2054 443 2086 v.
453 2053 477 2102 p.
489 2039 545 2087 273.
560 2046 584 2086 et
599 2038 677 2103 copio-
728 2035 782 2085 vide
799 2036 829 2085 ad
846 2038 879 2085 ix.
890 2038 930 2085 31.
967 2038 1080 2092 Juvenes,
1091 2051 1165 2100 quum
1180 2035 1229 2097 suis

178 2108 225 2158 sius
242 2109 268 2158 in
286 2109 352 2158 Dial.
369 2113 442 2160 Deor.
461 2114 502 2160 25.
523 2111 565 2160 ubi
584 2112 678 2175 Jupiter
728 2110 833 2159 nondum
850 2110 984 2159 inclaruere
995 2110 1129 2169 virtutibus,
1141 2109 1172 2159 de
1186 2125 1226 2174 ge-

178 2182 316 2249 Apollinem
336 2183 451 2250 increpat,
473 2184 537 2249 quod
560 2181 678 2251 insipienti
692 2193 708 2207 ·‘
728 2185 790 2234 neris
800 2185 924 2234 nobilitate
935 2185 1048 2234 rixantur.

179 2257 354 2307 adolescentulo
365 2274 439 2324 equos
454 2259 541 2308 solares
555 2259 678 2308 commise-
763 2260 818 2308 752.
851 2260 900 2308 Nee
927 2262 969 2306 sibi
994 2258 1128 2320 cedentem]
1164 2258 1228 2316 Quia

179 2331 222 2380 rit:
233 2331 354 2396 inquibus
365 2334 442 2382 multa
452 2333 679 2383 Ovidianissimilia.
729 2334 822 2382 Phoebo
838 2342 905 2398 patre
919 2334 972 2382 Deo
988 2340 1058 2381 natus
1074 2338 1147 2389 esset,
1159 2348 1227 2396 aeque

179 2405 258 2454 Priore
274 2405 326 2455 loco
341 2407 439 2456 Luciau.
453 2408 582 2464 contendit,
600 2407 678 2456 Phae·
730 2424 759 2457 ac
769 2407 890 2472 Epaphus,
901 2423 981 2455 verum
997 2422 1044 2454 non
1059 2421 1127 2469 aeque
1142 2421 1229 2468 magno

180 2478 284 2528 thontem
296 2479 464 2529 Astronomum
478 2481 560 2538 fuisse,
571 2481 612 2547 qui
626 2498 678 2531 cur·
729 2483 791 2538 Deo,
808 2489 835 2528 ut
852 2481 907 2540 ille;
929 2495 985 2528 nam
1001 2476 1059 2543 quid
1075 2480 1135 2527 Jove
1152 2479 1229 2543 majus

179 2569 229 2602 sum
244 2554 300 2602 solis
313 2554 452 2619 designbrit,
467 2555 508 2604 sed
524 2564 589 2613 ante,
607 2571 679 2619 quam
729 2556 845 2604 habeturt
863 2554 953 2604 Cedere
963 2569 1018 2617 ergo
1031 2552 1155 2600 Phaethon
1166 2553 1230 2617 Epa-

180 2642 237 2691 opus
256 2629 389 2692 perficeret,
404 2638 510 2681 mortuus
529 2630 567 2678 sit.
600 2630 680 2679 Etiam
729 2631 776 2696 pho
803 2631 924 2679 debuisset
950 2629 975 2677 in
1002 2628 1047 2676 hac
1074 2636 1150 2692 parte.
1181 2627 1229 2676 Sed

180 2702 288 2757 Procius,
301 2702 332 2750 ad
347 2702 408 2752 Tun.
420 2703 484 2753 Plat.
496 2721 519 2769 p.
534 2706 565 2752 33
580 2720 629 2768 seq.
644 2705 679 2753 la·
730 2706 884 2755 Phaethontis
912 2705 1000 2754 animos
1027 2704 1138 2768 augebat,
1164 2702 1230 2768 quod

180 2775 259 2824 bolam
270 2777 396 2843 ephysicis
403 2777 570 2843 interpretatus
581 2787 625 2828 est.
642 2779 680 2829 cf.
731 2795 801 2829 avum
818 2780 915 2829 haberet
926 2782 1018 2836 Jovem,
1030 2788 1054 2827 et
1071 2777 1185 2843 Epaphus
1199 2776 1230 2827 de

180 2857 203 2898 et
217 2850 330 2899 Philostr.
348 2851 414 2900 Icon.
431 2852 448 2901 i.
464 2855 488 2901 2.
516 2853 610 2908 Noster,
627 2870 681 2918 quse
732 2871 776 2903 avo
785 2856 880 2920 gloriari
891 2871 937 2903 non
948 2863 1054 2920 poterat:
1070 2869 1126 2902 nam
1134 2851 1230 2901 Saturni

181 2926 268 2975 tradita
287 2935 419 2991 acceperat,
441 2937 465 2976 et
482 2927 639 2993 copiosissime
659 2937 683 2977 et
732 2929 823 2978 nullum
831 2930 882 2994 jam
893 2945 979 2976 nomeu
989 2935 1048 2977 erat.

182 2998 341 3048 eruditissime
351 3009 509 3065 persequutus
522 3010 575 3062 est;
591 3002 633 3050 sed
644 3001 683 3051 hic
766 3006 821 3053 754.
841 3003 971 3066 Tumidos]
1000 3003 1095 3051 Temere
1116 3002 1146 3051 dc
1167 3001 1231 3051 fastu

182 3088 227 3121 uon
239 3074 327 3130 minus,
337 3091 408 3139 quam
418 3077 443 3123 in
452 3076 542 3125 diluvio
554 3076 682 3126 Deucalio·
734 3087 758 3127 et
776 3078 895 3144 superbia.
929 3079 1020 3135 Falsus,
1035 3077 1076 3142 qui
1094 3084 1191 3142 putatur
1210 3076 1231 3124 is

182 3163 235 3203 neo,
248 3149 377 3198 luxurianti
387 3150 482 3215 ingenio
493 3150 600 3200 indulsit.
622 3153 684 3200 Tum
733 3169 792 3209 esse,
801 3154 927 3217 quirevera
935 3169 981 3200 non
989 3160 1037 3201 est:
1049 3151 1104 3200 vide
1112 3150 1231 3200 Brouchh.

184 3221 309 3288 discerpsit
331 3223 435 3273 fabulam
455 3225 497 3281 ita,
519 3227 547 3274 u't
571 3226 683 3291 majorem
734 3227 765 3275 ad
784 3229 889 3292 Propert.
907 3228 942 3277 II.
958 3227 996 3276 El.
1013 3227 1054 3276 vii.
1071 3228 1111 3276 43.
1145 3227 1232 3291 imago,

181 3296 233 3360 ejus
246 3305 338 3360 partem
354 3297 379 3345 iu
389 3298 443 3346 libr.
453 3307 592 3362 sequentem
607 3308 684 3349 trans·
734 3301 795 3349 falsa
805 3300 839 3349 rei
849 3301 1031 3366 repraesentatio,
1042 3301 1068 3350 ii.
1080 3303 1120 3350 37.

182 3369 261 3418 terret.
289 3371 361 3428 Quod
371 3372 427 3420 olim
436 3389 510 3436 quum
520 3373 617 3422 moleste
627 3391 685 3423 non·
768 3376 824 3423 756.
846 3375 912 3423 Tulit
925 3378 955 3423 od
966 3375 1080 3437 matrem]
1099 3376 1166 3422 More
1174 3389 1233 3438 pue·

183 3443 244 3491 nulli
259 3443 355 3501 ferrent,
373 3446 462 3494 factum
479 3446 585 3504 arbitror,
602 3456 629 3495 ut
648 3447 686 3496 hic
735 3465 821 3505 rorum,
833 3449 874 3513 qui
889 3449 970 3497 offensi
987 3450 1017 3496 ab
1034 3448 1172 3514 aequalibns,
1184 3462 1233 3494 rem

181 3517 313 3565 secundum
332 3518 419 3567 librum
434 3519 574 3578 ordirentur,
585 3537 638 3586 quae
650 3521 686 3569 di·
736 3523 767 3572 ad
779 3531 889 3588 parentes
899 3523 1016 3579 deserunt,
1028 3532 1052 3571 et
1063 3524 1094 3571 ab
1104 3521 1133 3569 iis
1142 3519 1233 3568 vindic-

182 3589 242 3638 visio
273 3590 299 3638 in
330 3601 431 3656 quatuor
459 3593 536 3644 Codd.
566 3595 687 3659 reperitur.
736 3607 784 3646 tam
794 3603 887 3662 petunt.

182 3666 282 3720 Seneca,
300 3666 331 3715 de
349 3667 444 3716 Provid.
462 3672 485 3718 5.
502 3669 557 3718 loca
573 3669 687 3731 nonnulla
769 3674 824 3720 757.
843 3672 920 3726 Liber,
936 3669 986 3735 qui,
1003 3667 1121 3718 neminem
1141 3666 1235 3723 timens,

183 3737 240 3786 inde
254 3738 363 3788 laudavit
377 3741 408 3789 ad
419 3741 583 3791 illustrandam
595 3742 686 3793 fortitu·
737 3747 796 3795 dicit
806 3755 830 3795 et
840 3746 906 3801 lacit,
918 3761 971 3808 quae
982 3743 1027 3808 ipsi
1041 3749 1106 3790 recta
1116 3740 1236 3789 videntur.

182 3811 264 3860 dinem
279 3812 305 3862 iu
321 3815 454 3879 appetenda
470 3816 565 3865 virtute.
599 3818 631 3865 Et
645 3834 685 3882 po·
738 3818 987 3884 Plin.vi.Ep.viii.8:
1001 3817 1234 3880 Nonferetmognum

183 3895 230 3935 test
241 3886 293 3935 baec
308 3889 356 3936 lab.
368 3904 435 3954 teque
447 3906 474 3938 ac
485 3890 606 3955 AEsopica,
618 3907 687 3940 usum
738 3905 759 3943 ct
781 3897 875 3942 liberum
894 3895 1011 3958 ingenium
1029 3907 1080 3938 cam
1098 3889 1235 3938 contumelia

183 3961 298 4008 moralem
313 3961 408 4011 habere.
424 3965 461 4012 Ea
479 3964 542 4012 enirn
557 3981 687 4022 monemur,
739 3972 854 4016 domnum.
888 3968 962 4014 Feror
976 3982 1031 4031 opp.
1042 3962 1090 4012 leni
1101 3970 1125 4012 et
1140 3962 1235 4028 placido

184 4050 213 4082 ne
226 4042 367 4100 appetamus
377 4053 431 4100 quae
441 4054 512 4103 supra
523 4037 584 4086 vires
598 4048 688 4088 nostras
739 4041 844 4106 ingenio.
876 4040 928 4089 Cic.
939 4042 993 4089 Seu.
1005 4056 1029 4087 n.
1041 4040 1087 4087 33:
1113 4039 1235 4103 infirmitas

184 4116 250 4166 sunt,
271 4115 296 4158 et
320 4119 347 4160 ut
372 4111 541 4176 sapientiorum
567 4113 686 4162 hominurn
736 4115 1128 4180 precrorumest,ferociojuoemtm.

186 4181 292 4233 consiliis
307 4184 358 4250 regi
373 4201 414 4234 uos
428 4186 541 4236 sinamus.
574 4181 632 4237 Hor.
643 4189 688 4236 IV.
