2812 5010
389 329 861 400 METAMORPHOSEON
885 332 976 406 LIB.
1000 333 1044 399 V.
1166 336 1230 402 351

184 502 312 579 Pallas
326 503 400 594 ait;
421 504 659 604 nemorisque
674 504 746 581 levi
759 507 932 581 consedit
941 507 980 581 in
995 511 1138 584 umbra.
1159 514 1233 584 336

185 619 301 694 Musa
319 620 452 696 refert:
475 621 661 696 Dedimus
681 648 867 697 summam
885 625 1099 701 certaminis
1115 626 1217 700 uni.”

186 735 327 834 Surgit,
347 748 385 813 et
402 738 590 814 immissos
608 740 749 814 hedera
763 742 924 817 collecta
941 743 1097 841 capillos

186 851 359 951 Calliope
375 855 551 951 querulas
569 866 770 954 praetentat
787 858 925 956 pollice
943 859 1124 950 chordas3

183 967 312 1064 Atque
330 970 411 1042 haec
430 972 618 1069 percussis
636 973 832 1070 subjungit
849 975 1017 1049 carmina
1034 977 1180 1050 nervis:

235 1082 364 1159 Prima
379 1085 496 1161 Ceres
514 1112 611 1161 unco
629 1085 760 1184 glebas
777 1088 935 1163 dimovit
952 1101 1090 1179 aratro;
1158 1094 1229 1165 341

185 1199 315 1275 Prima
331 1201 437 1276 dedit
454 1201 592 1299 fruges,
612 1204 870 1302 alimentaque
886 1205 992 1279 mitia
1008 1207 1138 1296 terris3

184 1315 314 1392 Prima
330 1319 435 1393 dedit
451 1321 577 1416 leges:
608 1321 758 1396 Cereris
776 1345 907 1396 sumus
925 1323 1051 1397 omnia
1068 1347 1227 1413 munus;

182 1432 258 1506 Illa
272 1436 441 1510 canenda
453 1437 543 1511 mihi
557 1448 636 1513 est:
658 1439 801 1527 utinam
813 1440 924 1514 modo
937 1440 1063 1514 dicere
1078 1465 1230 1539 possem

185 1551 363 1626 Carmina
375 1553 490 1650 digna
505 1553 613 1628 Dcae!
633 1565 736 1629 certe
748 1555 832 1630 Dea
845 1558 1010 1631 carmine
1024 1557 1140 1655 digna
1157 1567 1227 1632 est.

181 1801 251 1849 bant.
276 1801 376 1859 Plinius,
384 1803 504 1868 ILEpist.
516 1803 550 1853 iii.
561 1806 585 1853 2.
596 1808 680 1872 mugit,
732 1806 773 1871 qui
795 1808 844 1857 sere
865 1806 947 1873 hymn.
968 1807 1089 1857 Homeric.
1109 1806 1232 1873 sequitur;

184 1877 303 1924 amicitur.
326 1877 437 1926 Similiter
450 1885 475 1927 et
493 1894 556 1927 nnnc
574 1879 681 1946 Calliope
731 1882 824 1947 Hygin.
836 1883 955 1946 saulem
970 1883 1059 1932 Arnob.
1068 1883 1123 1932 adv.
1131 1883 1232 1941 Gentes,

182 1948 275 1999 decoris
289 1966 370 2008 causa,
381 1953 473 2013 capillos
484 1952 557 2017 (quos
572 1953 682 2004 mulieres
731 1973 755 2005 v.
771 1973 796 2021 p.
816 1956 864 2016 1737
880 1973 933 2023 sqq.
961 1958 1046 2008 Denuo
1069 1957 1158 2005 Noster
1179 1972 1232 2006 eam

150 2026 153 2031 '
181 2022 247 2071 domi
257 2023 368 2073 sedentes
380 2027 485 2074 immissos
495 2025 520 2073 in
531 2025 627 2083 faeiem,
640 2036 682 2076 ant
732 2030 850 2088 tractavit,
858 2032 923 2080 Fast.
931 2031 963 2079 iv.
971 2033 1019 2080 339
1030 2046 1083 2096 sqq.
1116 2032 1235 2096 Expressa

179 2112 274 2162 sparsos
285 2113 326 2162 per
336 2097 445 2148 humeros
459 2108 483 2148 et
497 2099 628 2149 defluentes
638 2101 681 2150 ha·
732 2103 836 2170 denique
852 2114 903 2154 erat
918 2105 942 2153 in
957 2103 1038 2154 multis
1054 2105 1156 2153 nummis
1170 2105 1234 2154 aliis·

180 2172 279 2230 behant,
290 2173 322 2222 vi.
335 2176 397 2235 1683
414 2183 438 2224 et
455 2176 525 2225 Trist.
540 2177 561 2225 Ι.
574 2176 611 2226 iii.
622 2178 679 2242 43.)
732 2194 778 2243 que
793 2178 959 2228 monumentis.
991 2178 1121 2244 Spanhem.
1134 2179 1164 2228 ad
1176 2180 1232 2228 Cal-

179 2249 280 2312 colligit,
300 2265 346 2297 non
368 2249 429 2298 nodo
451 2258 492 2299 ant
512 2251 620 2310 reticulo,
638 2254 681 2304 sed
730 2250 867 2309 limachnm,
889 2254 914 2302 9.
953 2253 1034 2300 Prima
1057 2253 1132 2309 Ceres,
1153 2261 1233 2302 etue

179 2322 273 2380 hedera
290 2323 412 2372 doctamm
428 2324 540 2374 frontinm
557 2342 680 2377 ornamen-
731 2324 818 2389 Virgil.
838 2325 926 2390 Georg.
943 2325 960 2374 i.
980 2326 1041 2375 147:
1068 2325 1150 2375 Prima
1166 2327 1233 2376 Ceres

180 2404 213 2454 to,
221 2413 269 2461 quo
280 2406 305 2446 et
315 2407 390 2463 poeta
402 2399 507 2448 coronari
516 2401 600 2450 solent.
617 2402 680 2451 Con·
722 2398 793 2464 ferro
803 2401 908 2448 mortula
919 2409 1005 2448 vertam
1016 2409 1102 2448 terram
1113 2398 1232 2449 Instituit.

151 2484 154 2488 ⁴
179 2471 216 2520 ser
234 2472 320 2537 Horat.
339 2473 361 2521 I.
378 2473 426 2522 Od.
444 2473 463 2522 i.
478 2475 519 2524 29.
552 2475 681 2525 Praetentut
731 2472 801 2522 Coos.
812 2474 898 2522 Noster
913 2473 996 2523 Amor.
1008 2473 1043 2523 iii.
1059 2475 1102 2535 103
1119 2475 1185 2523 Fast.
1199 2473 1232 2526 iv.

179 2547 282 2603 chordas,
311 2554 366 2595 ante
395 2556 492 2597 cantum
521 2548 568 2597 oris
594 2551 680 2615 pulsat,
731 2547 787 2596 401.
822 2548 931 2605 Disponit,
939 2548 1101 2606 dimovere,id
1111 2557 1156 2607 est,
1165 2565 1232 2598 arare

179 2620 301 2685 praeludit,
317 2621 488 2687 ἀνακρούεται,
499 2621 679 2686 ἀναβάλλεται,
729 2620 838 2671 institnit.
881 2623 1001 2671 Dimovcre
1034 2632 1119 2671 terram
1149 2623 1231 2683 etiam,

178 2710 243 2744 more
252 2694 446 2746 citharoedorum.
475 2698 678 2747 Retectcrcchor-
730 2694 818 2758 Georg.
834 2694 859 2744 ii.
878 2697 934 2744 513.
969 2695 1050 2752 Milia,
1069 2698 1142 2753 culta,
1157 2713 1231 2762 quum

179 2769 232 2826 das,
259 2786 331 2835 snpra
354 2773 408 2821 117.
451 2773 558 2826 Querela
585 2781 680 2838 propter
729 2777 801 2817 antea
814 2769 941 2834 glandibus
952 2779 1103 2819 vescerentur
1117 2771 1231 2822 homines.

178 2843 276 2892 mollem
292 2861 384 2895 sonum.
420 2846 523 2899 Quanta
542 2847 607 2904 tibin,
627 2848 678 2896 Ηο-
730 2843 798 2899 Mite,
821 2844 913 2909 proprie
935 2843 965 2892 de
985 2843 1094 2909 frugibus
1114 2844 1185 2893 cultis
1206 2854 1231 2895 et

177 2925 224 2968 rat.
233 2919 282 2967 111.
292 2921 340 2970 Od.
352 2920 392 2969 vii.
403 2921 443 2968 30.
728 2919 888 2967 maturitatem
896 2919 1057 2983 consequutis.
1089 2919 1180 2977 Sumus,
1189 2935 1231 2984 pro

211 2995 270 3043 341.
287 2995 394 3058 Hymnus
410 2995 483 3042 Musa
502 2996 605 3044 Cererem
621 2998 678 3046 cele·
726 2987 820 3056 'vulgari
830 3002 894 3050 suu-t,
904 3009 934 3042 ex
945 2992 1136 3058 Berneggeriano
1148 3003 1230 3046 etuno

177 3069 248 3116 orons
269 3069 371 3132 pertinet
392 3069 423 3117 ad
441 3084 535 3117 versum
553 3070 616 3128 6613
636 3069 678 3118 sed
728 3067 911 3132 Hamburgensi,
924 3066 965 3132 qni
976 3084 1017 3132 pro
1027 3068 1121 3116 diversa
1128 3069 1231 3120 lectione

177 3158 234 3208 pars
248 3141 300 3206 ejus
310 3142 448 3206 gravissima
458 3143 548 3205 Raptus
560 3143 679 3206 Proserpi·
728 3141 808 3199 habet,
826 3142 915 3207 recepit
930 3151 955 3191 et
972 3142 1100 3192 illustravit
1116 3141 1231 3191 Heinsius

178 3232 222 3271 uc,
233 3215 273 3263 cui
286 3225 386 3279 quatuor
397 3216 595 3281 metamorphoses
606 3216 680 3265 inser·
705 3209 707 3213 ’
728 3216 769 3282 qui
786 3217 870 3265 laudat
885 3218 957 3266 Pont.
968 3217 989 3265 I.
999 3218 1038 3266 El.
1053 3217 1069 3266 i.
1080 3233 1175 3280 quorum
1191 3232 1230 3264 su·

177 3297 219 3344 tte,
238 3288 269 3337 ad
288 3305 382 3338 versum
398 3292 454 3339 571.
487 3291 546 3338 Haec
566 3290 648 3341 fabula
665 3307 680 3339 a
728 3308 778 3339 mus
788 3294 871 3348 omnia,
884 3299 908 3340 et
924 3291 986 3340 infra
996 3309 1020 3340 x.
1030 3293 1070 3340 32.
1081 3295 1156 3339 omnin
1166 3292 1230 3340 debc-

176 3361 295 3428 plurimis,
303 3363 343 3412 sed
356 3379 443 3428 magna
449 3362 571 3420 varietate,
578 3372 681 3414 tractata
728 3367 781 3413 mut·
796 3369 863 3423 vobis,
872 3366 914 3414 uhi
928 3366 983 3415 vide
996 3374 1073 3415 notas.
1106 3365 1154 3413 Sed
1170 3381 1229 3429 quo-

176 3446 224 3486 est.
257 3439 332 3487 Juxta
340 3439 445 3486 Marmor
454 3438 547 3487 Arund.
554 3437 572 3486 i.
582 3439 620 3488 14.
628 3438 679 3502 jam
728 3439 793 3488 niam
803 3457 845 3489 nos
856 3440 901 3505 ipsi
912 3439 956 3488 hoc
967 3441 1020 3487 loco
1031 3455 1079 3487 non
1088 3438 1113 3486 in
1124 3436 1173 3486 illis
1182 3456 1227 3487 om-

177 3512 223 3559 sub
240 3511 372 3560 Erechtheo
391 3510 487 3576 aliquis,
507 3512 575 3577 cujus
593 3527 679 3560 nomen
728 3511 1229 3578 uibussumus‚proptereapraeferremsuut,

177 3585 284 3634 deletum
302 3594 345 3643 est,
362 3602 458 3635 carmen
476 3586 507 3635 de
532 3602 561 3634 ea
584 3601 678 3649 compo·
728 3585 774 3633 nisi
788 3587 863 3634 altera
875 3586 947 3634 lectio
964 3584 1054 3633 doctior
1070 3592 1140 3639 esset,
1155 3599 1229 3649 quarn

175 3659 234 3708 suit.
268 3660 336 3708 Idem
354 3660 451 3717 fecerat,
468 3668 495 3708 ut
513 3676 526 3709 e
541 3661 647 3708 Pausan.
662 3660 678 3709 i.
728 3659 1003 3725 utalibrarioproficisci
1012 3659 1122 3725 potuerit.
1144 3657 1228 3709 Codex

176 3736 217 3784 39.
226 3742 333 3799 apparet,
342 3733 471 3799 Pamphus.
505 3733 678 3783 Ordinerelata
727 3733 819 3799 Regius
832 3735 856 3782 A
870 3734 942 3782 habet
957 3743 1029 3794 suct5
1044 3732 1128 3783 Codex
1144 3734 1176 3789 B,
1189 3749 1228 3782 tu-

174 3816 213 3857 est
229 3806 255 3855 in
265 3807 361 3856 Homeri
379 3807 466 3872 hymno
483 3806 507 3854 in
522 3807 641 3864 Cererem,
653 3816 678 3855 et
726 3825 784 3856 mus.
818 3808 923 3865 Munus,·
946 3805 1002 3856 hinc
1023 3807 1133 3871 monnica
1154 3807 1230 3862 dicta.

175 3880 295 3946 copiosius
307 3882 379 3930 etiam
392 3882 477 3931 seriore
492 3889 563 3930 etate
578 3882 677 3930 aClau-
726 3883 758 3930 Et
769 3882 880 3947 quoniam
893 3881 1038 3946 agricultura
1047 3890 1084 3930 est
1093 3881 1167 3934 veluti
1178 3897 1229 3931 ma·

176 3954 248 4003 diano
268 3955 385 4020 peculiari
411 3955 440 4005 de
462 3956 545 4021 Raptu
566 3956 675 4020 Proserp.
726 3965 762 4006 ter
783 3959 857 4022 legum
879 3955 993 4013 civilium,
1010 3964 1134 4022 propterea
1155 3956 1229 4005 Ceres

175 4030 290 4080 carmine.
323 4031 433 4079 Breviter
440 4047 493 4079 eam
502 4029 621 4094 attingunt
631 4030 676 4078 Or·
728 4029 800 4079 etiarn
812 4031 917 4097 legifera,
926 4028 1081 4096 θεσμοφόρος.

176 4105 254 4170 pheos
268 4104 294 4153 in
304 4104 396 4169 Argon.
408 4106 470 4152 1169
481 4121 534 4170 sqq.
545 4103 641 4154 Callim.
652 4104 677 4154 h.
759 4105 815 4153 345.
833 4104 909 4167 Dec]
929 4102 1043 4154 Heinsius
1059 4101 1150 4152 monuit
1166 4103 1227 4152 hanc

176 4179 202 4228 in
220 4179 300 4228 Cercr.
310 4180 400 4229 5-17.
413 4180 452 4230 Cl.
462 4187 487 4227 et
503 4179 615 4246 Apollod.
626 4179 642 4228 i.
653 4182 677 4228 5.
728 4195 810 4228 vocem
826 4195 892 4245 posse
908 4179 987 4229 referri
1003 4179 1034 4228 ad
1044 4182 1135 4237 dicem
1152 4178 1227 4227 idem·
