<?xml version="1.0" encoding="UTF-8"?>
<!DOCTYPE html PUBLIC "-//W3C//DTD XHTML 1.0 Transitional//EN"
    "http://www.w3.org/TR/xhtml1/DTD/xhtml1-transitional.dtd">
<html xmlns="http://www.w3.org/1999/xhtml" xml:lang="en" lang="en">
 <head>
  <title>
</title>
<meta http-equiv="Content-Type" content="text/html;charset=utf-8" />
  <meta name='ocr-system' content='tesseract 3.04.00' />
  <meta name='ocr-capabilities' content='ocr_page ocr_carea ocr_par ocr_line ocrx_word'/>
</head>
<body>
  <div class='ocr_page' id='page_1' title='image "./povidiinasoniso04burmgoog_0035.png"; bbox 0 0 2812 5010; ppageno 0'>
   <div class='ocr_carea' id='block_1_1' title="bbox 167 346 819 421">
    <p class='ocr_par' dir='ltr' id='par_1_1' title="bbox 167 346 819 421">
     <span class='ocr_line' id='line_1_1' title="bbox 167 346 819 421; baseline -0.014 -1"><span class='ocrx_word' id='word_1_1' title='bbox 167 355 244 421; x_wconf 77' lang='lat' dir='ltr'>xxiv</span> <span class='ocrx_word' id='word_1_2' title='bbox 334 368 336 373; x_wconf 83' lang='grc'><strong>’</strong></span> <span class='ocrx_word' id='word_1_3' title='bbox 559 346 819 414; x_wconf 82' lang='lat' dir='ltr'><strong>PRAEFATIO</strong></span> 
     </span>
    </p>
   </div>
   <div class='ocr_carea' id='block_1_2' title="bbox 162 521 1213 2624">
    <p class='ocr_par' dir='ltr' id='par_1_2' title="bbox 164 521 1213 1301">
     <span class='ocr_line' id='line_1_2' title="bbox 166 521 1212 606; baseline -0.002 -14"><span class='ocrx_word' id='word_1_4' title='bbox 166 526 359 600; x_wconf 72' lang='lat' dir='ltr'>termimum,</span> <span class='ocrx_word' id='word_1_5' title='bbox 376 527 410 590; x_wconf 87' lang='lat' dir='ltr'>et</span> <span class='ocrx_word' id='word_1_6' title='bbox 427 523 462 586; x_wconf 90' lang='lat' dir='ltr'>in</span> <span class='ocrx_word' id='word_1_7' title='bbox 481 530 571 586; x_wconf 81' lang='lat' dir='ltr'>tanta</span> <span class='ocrx_word' id='word_1_8' title='bbox 591 521 756 599; x_wconf 82' lang='lat' dir='ltr'>varietate,</span> <span class='ocrx_word' id='word_1_9' title='bbox 777 543 842 606; x_wconf 87' lang='lat' dir='ltr'>qua</span> <span class='ocrx_word' id='word_1_10' title='bbox 861 521 963 605; x_wconf 90' lang='lat' dir='ltr'>mytbi</span> <span class='ocrx_word' id='word_1_11' title='bbox 981 534 1074 589; x_wconf 70' lang='lat' dir='ltr'>erasit</span> <span class='ocrx_word' id='word_1_12' title='bbox 1090 525 1212 603; x_wconf 78' lang='lat' dir='ltr'>traditi,</span> 
     </span>
     <span class='ocr_line' id='line_1_3' title="bbox 165 637 1213 731; baseline 0 -21"><span class='ocrx_word' id='word_1_13' title='bbox 165 637 322 710; x_wconf 81' lang='lat' dir='ltr'>rationem</span> <span class='ocrx_word' id='word_1_14' title='bbox 343 642 464 727; x_wconf 91' lang='lat' dir='ltr'>ubique</span> <span class='ocrx_word' id='word_1_15' title='bbox 487 642 554 706; x_wconf 82' lang='lat' dir='ltr'>fere</span> <span class='ocrx_word' id='word_1_16' title='bbox 576 663 647 706; x_wconf 90' lang='lat' dir='ltr'>eam</span> <span class='ocrx_word' id='word_1_17' title='bbox 665 663 739 706; x_wconf 88' lang='lat' dir='ltr'>esse</span> <span class='ocrx_word' id='word_1_18' title='bbox 759 641 931 720; x_wconf 84' lang='lat' dir='ltr'>delectam,</span> <span class='ocrx_word' id='word_1_19' title='bbox 951 665 1025 728; x_wconf 85' lang='lat' dir='ltr'>quae</span> <span class='ocrx_word' id='word_1_20' title='bbox 1041 645 1092 710; x_wconf 85' lang='lat' dir='ltr'>vel</span> <span class='ocrx_word' id='word_1_21' title='bbox 1114 645 1213 731; x_wconf 90' lang='lat' dir='ltr'>pluri·</span> 
     </span>
     <span class='ocr_line' id='line_1_4' title="bbox 165 759 1212 844; baseline -0.002 -16"><span class='ocrx_word' id='word_1_22' title='bbox 165 785 252 828; x_wconf 90' lang='lat' dir='ltr'>mum</span> <span class='ocrx_word' id='word_1_23' title='bbox 263 770 398 826; x_wconf 73' lang='lat' dir='ltr'>ornatus</span> <span class='ocrx_word' id='word_1_24' title='bbox 413 759 607 836; x_wconf 86' lang='lat' dir='ltr'>admitteret,</span> <span class='ocrx_word' id='word_1_25' title='bbox 622 769 660 823; x_wconf 91' lang='lat' dir='ltr'>ut</span> <span class='ocrx_word' id='word_1_26' title='bbox 675 760 815 844; x_wconf 86' lang='lat' dir='ltr'>impetus</span> <span class='ocrx_word' id='word_1_27' title='bbox 830 759 971 827; x_wconf 81' lang='lat' dir='ltr'>Althoeae</span> <span class='ocrx_word' id='word_1_28' title='bbox 985 764 1019 827; x_wconf 91' lang='lat' dir='ltr'>in</span> <span class='ocrx_word' id='word_1_29' title='bbox 1033 763 1146 841; x_wconf 80' lang='lat' dir='ltr'>filiurn,</span> <span class='ocrx_word' id='word_1_30' title='bbox 1162 763 1212 829; x_wconf 89' lang='lat' dir='ltr'>vel</span> 
     </span>
     <span class='ocr_line' id='line_1_5' title="bbox 165 878 1213 966; baseline 0 -19"><span class='ocrx_word' id='word_1_31' title='bbox 165 883 285 948; x_wconf 91' lang='lat' dir='ltr'>decoro</span> <span class='ocrx_word' id='word_1_32' title='bbox 312 878 603 956; x_wconf 79' lang='lat' dir='ltr'><strong>commendaretur,</strong></span> <span class='ocrx_word' id='word_1_33' title='bbox 630 900 696 962; x_wconf 94' lang='lat' dir='ltr'>quo</span> <span class='ocrx_word' id='word_1_34' title='bbox 723 881 864 964; x_wconf 85' lang='lat' dir='ltr'>pertinet</span> <span class='ocrx_word' id='word_1_35' title='bbox 893 882 1028 946; x_wconf 89' lang='lat' dir='ltr'>mutatio</span> <span class='ocrx_word' id='word_1_36' title='bbox 1056 883 1152 966; x_wconf 89' lang='lat' dir='ltr'>pueri</span> <span class='ocrx_word' id='word_1_37' title='bbox 1179 882 1213 946; x_wconf 89' lang='lat' dir='ltr'>in</span> 
     </span>
     <span class='ocr_line' id='line_1_6' title="bbox 164 995 1213 1087; baseline -0.001 -21"><span class='ocrx_word' id='word_1_38' title='bbox 164 998 353 1077; x_wconf 76' lang='lat' dir='ltr'>stellionem,</span> <span class='ocrx_word' id='word_1_39' title='bbox 369 1008 466 1082; x_wconf 79' lang='lat' dir='ltr'>atque</span> <span class='ocrx_word' id='word_1_40' title='bbox 481 995 619 1082; x_wconf 79' lang='lat' dir='ltr'><strong>Cephali</strong></span> <span class='ocrx_word' id='word_1_41' title='bbox 638 1006 672 1062; x_wconf 91' lang='lat' dir='ltr'>et</span> <span class='ocrx_word' id='word_1_42' title='bbox 687 996 853 1064; x_wconf 89' lang='lat' dir='ltr'>Procridis</span> <span class='ocrx_word' id='word_1_43' title='bbox 872 1000 950 1077; x_wconf 81' lang='lat' dir='ltr'>lata,</span> <span class='ocrx_word' id='word_1_44' title='bbox 965 1001 1084 1085; x_wconf 85' lang='lat' dir='ltr'>quibus</span> <span class='ocrx_word' id='word_1_45' title='bbox 1103 1003 1213 1087; x_wconf 86' lang='lat' dir='ltr'>turpia</span> 
     </span>
     <span class='ocr_line' id='line_1_7' title="bbox 164 1113 1212 1205; baseline 0.002 -22"><span class='ocrx_word' id='word_1_46' title='bbox 164 1116 317 1184; x_wconf 88' lang='lat' dir='ltr'>nonnulla</span> <span class='ocrx_word' id='word_1_47' title='bbox 335 1116 377 1181; x_wconf 92' lang='lat' dir='ltr'>ab</span> <span class='ocrx_word' id='word_1_48' title='bbox 394 1113 464 1179; x_wconf 85' lang='lat' dir='ltr'>aliis</span> <span class='ocrx_word' id='word_1_49' title='bbox 482 1124 575 1179; x_wconf 88' lang='lat' dir='ltr'>erant</span> <span class='ocrx_word' id='word_1_50' title='bbox 590 1114 744 1181; x_wconf 86' lang='lat' dir='ltr'>admixta</span> <span class='ocrx_word' id='word_1_51' title='bbox 791 1117 900 1191; x_wconf 81' lang='lat' dir='ltr'>Quam</span> <span class='ocrx_word' id='word_1_52' title='bbox 918 1139 981 1205; x_wconf 80' lang='lat' dir='ltr'>ego</span> <span class='ocrx_word' id='word_1_53' title='bbox 998 1117 1127 1185; x_wconf 87' lang='lat' dir='ltr'>laudem</span> <span class='ocrx_word' id='word_1_54' title='bbox 1146 1141 1212 1185; x_wconf 91' lang='lat' dir='ltr'>non</span> 
     </span>
     <span class='ocr_line' id='line_1_8' title="bbox 164 1231 593 1301; baseline -0.014 0"><span class='ocrx_word' id='word_1_55' title='bbox 164 1233 430 1301; x_wconf 85' lang='lat' dir='ltr'>contemnemlam</span> <span class='ocrx_word' id='word_1_56' title='bbox 443 1231 593 1296; x_wconf 82' lang='lat' dir='ltr'><strong>arbitror.</strong></span> 
     </span>
    </p>

    <p class='ocr_par' dir='ltr' id='par_1_3' title="bbox 162 1350 1213 2624">
     <span class='ocr_line' id='line_1_9' title="bbox 207 1350 1212 1440; baseline -0.001 -21"><span class='ocrx_word' id='word_1_57' title='bbox 207 1353 295 1419; x_wconf 85' lang='lat' dir='ltr'>Tum</span> <span class='ocrx_word' id='word_1_58' title='bbox 316 1364 419 1417; x_wconf 90' lang='lat' dir='ltr'>artem</span> <span class='ocrx_word' id='word_1_59' title='bbox 435 1350 585 1415; x_wconf 88' lang='lat' dir='ltr'>admirari</span> <span class='ocrx_word' id='word_1_60' title='bbox 603 1350 690 1428; x_wconf 93' lang='lat' dir='ltr'>licet,</span> <span class='ocrx_word' id='word_1_61' title='bbox 705 1373 771 1436; x_wconf 93' lang='lat' dir='ltr'>qua</span> <span class='ocrx_word' id='word_1_62' title='bbox 790 1351 979 1418; x_wconf 88' lang='lat' dir='ltr'>foeoundum</span> <span class='ocrx_word' id='word_1_63' title='bbox 997 1364 1104 1438; x_wconf 86' lang='lat' dir='ltr'>poetoe</span> <span class='ocrx_word' id='word_1_64' title='bbox 1123 1354 1212 1440; x_wconf 85' lang='lat' dir='ltr'>inge</span> 
     </span>
     <span class='ocr_line' id='line_1_10' title="bbox 164 1470 1212 1557; baseline -0.001 -19"><span class='ocrx_word' id='word_1_65' title='bbox 164 1475 253 1539; x_wconf 92' lang='lat' dir='ltr'>nium</span> <span class='ocrx_word' id='word_1_66' title='bbox 272 1483 322 1537; x_wconf 91' lang='lat' dir='ltr'>tot</span> <span class='ocrx_word' id='word_1_67' title='bbox 337 1470 463 1537; x_wconf 89' lang='lat' dir='ltr'>fabulas</span> <span class='ocrx_word' id='word_1_68' title='bbox 484 1471 518 1534; x_wconf 94' lang='lat' dir='ltr'>in</span> <span class='ocrx_word' id='word_1_69' title='bbox 537 1471 632 1534; x_wconf 91' lang='lat' dir='ltr'>unius</span> <span class='ocrx_word' id='word_1_70' title='bbox 653 1471 798 1555; x_wconf 86' lang='lat' dir='ltr'>corporis</span> <span class='ocrx_word' id='word_1_71' title='bbox 819 1473 959 1557; x_wconf 87' lang='lat' dir='ltr'>speciem</span> <span class='ocrx_word' id='word_1_72' title='bbox 979 1474 1159 1557; x_wconf 86' lang='lat' dir='ltr'>conjunxit,</span> <span class='ocrx_word' id='word_1_73' title='bbox 1175 1484 1212 1538; x_wconf 93' lang='lat' dir='ltr'>ut</span> 
     </span>
     <span class='ocr_line' id='line_1_11' title="bbox 164 1589 1213 1676; baseline -0.001 -20"><span class='ocrx_word' id='word_1_74' title='bbox 164 1613 240 1656; x_wconf 83' lang='lat' dir='ltr'>vere</span> <span class='ocrx_word' id='word_1_75' title='bbox 248 1599 438 1676; x_wconf 78' lang='lat' dir='ltr'>perpetuum</span> <span class='ocrx_word' id='word_1_76' title='bbox 452 1611 582 1653; x_wconf 89' lang='lat' dir='ltr'>carmen</span> <span class='ocrx_word' id='word_1_77' title='bbox 595 1589 703 1653; x_wconf 89' lang='lat' dir='ltr'>vocari</span> <span class='ocrx_word' id='word_1_78' title='bbox 716 1602 837 1675; x_wconf 90' lang='lat' dir='ltr'>posset.</span> <span class='ocrx_word' id='word_1_79' title='bbox 878 1592 911 1654; x_wconf 94' lang='lat' dir='ltr'>A</span> <span class='ocrx_word' id='word_1_80' title='bbox 923 1593 1086 1656; x_wconf 83' lang='lat' dir='ltr'>creatione</span> <span class='ocrx_word' id='word_1_81' title='bbox 1100 1593 1213 1656; x_wconf 87' lang='lat' dir='ltr'>mundi</span> 
     </span>
     <span class='ocr_line' id='line_1_12' title="bbox 163 1707 1210 1795; baseline 0.001 -21"><span class='ocrx_word' id='word_1_82' title='bbox 163 1730 298 1774; x_wconf 86' lang='lat' dir='ltr'>exorsus</span> <span class='ocrx_word' id='word_1_83' title='bbox 320 1707 473 1773; x_wconf 89' lang='lat' dir='ltr'>lectorem</span> <span class='ocrx_word' id='word_1_84' title='bbox 493 1707 621 1784; x_wconf 87' lang='lat' dir='ltr'>sensim,</span> <span class='ocrx_word' id='word_1_85' title='bbox 641 1719 674 1772; x_wconf 92' lang='lat' dir='ltr'>et</span> <span class='ocrx_word' id='word_1_86' title='bbox 694 1729 769 1772; x_wconf 88' lang='lat' dir='ltr'>cum</span> <span class='ocrx_word' id='word_1_87' title='bbox 791 1711 929 1774; x_wconf 86' lang='lat' dir='ltr'>maxima</span> <span class='ocrx_word' id='word_1_88' title='bbox 947 1711 1017 1794; x_wconf 87' lang='lat' dir='ltr'>ejus</span> <span class='ocrx_word' id='word_1_89' title='bbox 1033 1710 1210 1795; x_wconf 87' lang='lat' dir='ltr'>voluptate,</span> 
     </span>
     <span class='ocr_line' id='line_1_13' title="bbox 163 1825 1210 1915; baseline 0 -21"><span class='ocrx_word' id='word_1_90' title='bbox 163 1828 295 1894; x_wconf 83' lang='lat' dir='ltr'>deducit</span> <span class='ocrx_word' id='word_1_91' title='bbox 321 1849 381 1912; x_wconf 91' lang='lat' dir='ltr'>per</span> <span class='ocrx_word' id='word_1_92' title='bbox 404 1827 545 1891; x_wconf 90' lang='lat' dir='ltr'>omnium</span> <span class='ocrx_word' id='word_1_93' title='bbox 568 1825 749 1891; x_wconf 88' lang='lat' dir='ltr'>seculorum</span> <span class='ocrx_word' id='word_1_94' title='bbox 769 1829 884 1892; x_wconf 87' lang='lat' dir='ltr'>seriem</span> <span class='ocrx_word' id='word_1_95' title='bbox 908 1829 950 1892; x_wconf 90' lang='lat' dir='ltr'>ad</span> <span class='ocrx_word' id='word_1_96' title='bbox 972 1851 1031 1892; x_wconf 88' lang='lat' dir='ltr'>sua</span> <span class='ocrx_word' id='word_1_97' title='bbox 1052 1839 1210 1915; x_wconf 86' lang='lat' dir='ltr'>tempora,</span> 
     </span>
     <span class='ocr_line' id='line_1_14' title="bbox 164 1946 1211 2034; baseline 0 -22"><span class='ocrx_word' id='word_1_98' title='bbox 164 1957 289 2012; x_wconf 82' lang='lat' dir='ltr'>servata</span> <span class='ocrx_word' id='word_1_99' title='bbox 310 1957 485 2031; x_wconf 88' lang='lat' dir='ltr'>utcumque</span> <span class='ocrx_word' id='word_1_100' title='bbox 508 1947 660 2031; x_wconf 85' lang='lat' dir='ltr'>temporis</span> <span class='ocrx_word' id='word_1_101' title='bbox 682 1947 817 2012; x_wconf 79' lang='lat' dir='ltr'>ratione.</span> <span class='ocrx_word' id='word_1_102' title='bbox 863 1946 956 2012; x_wconf 90' lang='lat' dir='ltr'>Mille</span> <span class='ocrx_word' id='word_1_103' title='bbox 977 1949 1076 2034; x_wconf 84' lang='lat' dir='ltr'>igitur</span> <span class='ocrx_word' id='word_1_104' title='bbox 1097 1950 1211 2012; x_wconf 85' lang='lat' dir='ltr'>modos</span> 
     </span>
     <span class='ocr_line' id='line_1_15' title="bbox 163 2063 1211 2150; baseline 0.001 -20"><span class='ocrx_word' id='word_1_105' title='bbox 163 2065 295 2142; x_wconf 87' lang='lat' dir='ltr'>invenit,</span> <span class='ocrx_word' id='word_1_106' title='bbox 310 2065 428 2150; x_wconf 90' lang='lat' dir='ltr'>quibus</span> <span class='ocrx_word' id='word_1_107' title='bbox 443 2066 485 2129; x_wconf 94' lang='lat' dir='ltr'>ab</span> <span class='ocrx_word' id='word_1_108' title='bbox 500 2063 563 2128; x_wconf 90' lang='lat' dir='ltr'>alia</span> <span class='ocrx_word' id='word_1_109' title='bbox 576 2063 686 2130; x_wconf 87' lang='lat' dir='ltr'>fabula</span> <span class='ocrx_word' id='word_1_110' title='bbox 700 2066 851 2130; x_wconf 83' lang='lat' dir='ltr'>transiret</span> <span class='ocrx_word' id='word_1_111' title='bbox 870 2066 913 2130; x_wconf 89' lang='lat' dir='ltr'>ad</span> <span class='ocrx_word' id='word_1_112' title='bbox 926 2066 1031 2130; x_wconf 82' lang='lat' dir='ltr'>aliam.</span> <span class='ocrx_word' id='word_1_113' title='bbox 1076 2065 1160 2132; x_wconf 88' lang='lat' dir='ltr'>Haec</span> <span class='ocrx_word' id='word_1_114' title='bbox 1175 2089 1211 2131; x_wconf 89' lang='lat' dir='ltr'>se</span> 
     </span>
     <span class='ocr_line' id='line_1_16' title="bbox 163 2182 1212 2270; baseline 0.002 -22"><span class='ocrx_word' id='word_1_115' title='bbox 163 2183 272 2262; x_wconf 85' lang='lat' dir='ltr'>offert,</span> <span class='ocrx_word' id='word_1_116' title='bbox 289 2185 365 2269; x_wconf 91' lang='lat' dir='ltr'>quia</span> <span class='ocrx_word' id='word_1_117' title='bbox 385 2182 558 2247; x_wconf 84' lang='lat' dir='ltr'>similitudo</span> <span class='ocrx_word' id='word_1_118' title='bbox 579 2184 610 2247; x_wconf 88' lang='lat' dir='ltr'>ei</span> <span class='ocrx_word' id='word_1_119' title='bbox 629 2184 778 2268; x_wconf 86' lang='lat' dir='ltr'>quaedam</span> <span class='ocrx_word' id='word_1_120' title='bbox 798 2207 871 2250; x_wconf 90' lang='lat' dir='ltr'>cum</span> <span class='ocrx_word' id='word_1_121' title='bbox 890 2185 1057 2270; x_wconf 75' lang='lat' dir='ltr'>superiore</span> <span class='ocrx_word' id='word_1_122' title='bbox 1075 2185 1212 2250; x_wconf 90' lang='lat' dir='ltr'>interce·</span> 
     </span>
     <span class='ocr_line' id='line_1_17' title="bbox 163 2301 1212 2386; baseline -0.001 -19"><span class='ocrx_word' id='word_1_123' title='bbox 163 2301 230 2381; x_wconf 88' lang='lat' dir='ltr'>dit;</span> <span class='ocrx_word' id='word_1_124' title='bbox 251 2301 318 2379; x_wconf 89' lang='lat' dir='ltr'>illa,</span> <span class='ocrx_word' id='word_1_125' title='bbox 332 2303 409 2386; x_wconf 89' lang='lat' dir='ltr'>quia</span> <span class='ocrx_word' id='word_1_126' title='bbox 426 2302 468 2366; x_wconf 87' lang='lat' dir='ltr'>ad</span> <span class='ocrx_word' id='word_1_127' title='bbox 487 2302 635 2367; x_wconf 90' lang='lat' dir='ltr'>eumdem</span> <span class='ocrx_word' id='word_1_128' title='bbox 649 2301 810 2367; x_wconf 89' lang='lat' dir='ltr'>hominem</span> <span class='ocrx_word' id='word_1_129' title='bbox 825 2303 973 2366; x_wconf 90' lang='lat' dir='ltr'>Deumve</span> <span class='ocrx_word' id='word_1_130' title='bbox 987 2303 1138 2386; x_wconf 88' lang='lat' dir='ltr'>pertinet,</span> <span class='ocrx_word' id='word_1_131' title='bbox 1155 2313 1212 2366; x_wconf 89' lang='lat' dir='ltr'>aut</span> 
     </span>
     <span class='ocr_line' id='line_1_18' title="bbox 163 2419 1212 2505; baseline -0.001 -20"><span class='ocrx_word' id='word_1_132' title='bbox 163 2421 240 2505; x_wconf 93' lang='lat' dir='ltr'>quia</span> <span class='ocrx_word' id='word_1_133' title='bbox 258 2442 311 2486; x_wconf 89' lang='lat' dir='ltr'>res</span> <span class='ocrx_word' id='word_1_134' title='bbox 328 2419 361 2483; x_wconf 90' lang='lat' dir='ltr'>in</span> <span class='ocrx_word' id='word_1_135' title='bbox 378 2419 492 2484; x_wconf 90' lang='lat' dir='ltr'>eadem</span> <span class='ocrx_word' id='word_1_136' title='bbox 509 2429 596 2482; x_wconf 85' lang='lat' dir='ltr'>terra</span> <span class='ocrx_word' id='word_1_137' title='bbox 612 2427 705 2502; x_wconf 89' lang='lat' dir='ltr'>gesta</span> <span class='ocrx_word' id='word_1_138' title='bbox 721 2429 779 2482; x_wconf 88' lang='lat' dir='ltr'>est.</span> <span class='ocrx_word' id='word_1_139' title='bbox 802 2436 804 2439; x_wconf 88' lang='grc'><em>·</em></span> <span class='ocrx_word' id='word_1_140' title='bbox 826 2419 910 2483; x_wconf 87' lang='lat' dir='ltr'>Mox</span> <span class='ocrx_word' id='word_1_141' title='bbox 926 2419 1036 2504; x_wconf 90' lang='lat' dir='ltr'>hymni</span> <span class='ocrx_word' id='word_1_142' title='bbox 1050 2429 1212 2484; x_wconf 86' lang='lat' dir='ltr'>canuntur</span> 
     </span>
     <span class='ocr_line' id='line_1_19' title="bbox 162 2537 1211 2624; baseline -0.001 -20"><span class='ocrx_word' id='word_1_143' title='bbox 162 2538 463 2624; x_wconf 82' lang='lat' dir='ltr'>metamorphoseon</span> <span class='ocrx_word' id='word_1_144' title='bbox 484 2537 583 2623; x_wconf 90' lang='lat' dir='ltr'>pleni,</span> <span class='ocrx_word' id='word_1_145' title='bbox 606 2561 682 2602; x_wconf 86' lang='lat' dir='ltr'>mox</span> <span class='ocrx_word' id='word_1_146' title='bbox 704 2537 854 2603; x_wconf 89' lang='lat' dir='ltr'>mulieres</span> <span class='ocrx_word' id='word_1_147' title='bbox 883 2548 999 2602; x_wconf 88' lang='lat' dir='ltr'>texunt</span> <span class='ocrx_word' id='word_1_148' title='bbox 1021 2549 1211 2624; x_wconf 88' lang='lat' dir='ltr'>argumenta</span> 
     </span>
    </p>
   </div>
   <div class='ocr_carea' id='block_1_3' title="bbox 162 2656 1210 2756">
    <p class='ocr_par' dir='ltr' id='par_1_4' title="bbox 162 2656 1210 2756">
     <span class='ocr_line' id='line_1_20' title="bbox 162 2656 1210 2756; baseline 0 -35"><span class='ocrx_word' id='word_1_149' title='bbox 162 2658 313 2741; x_wconf 83' lang='lat' dir='ltr'>mythico.</span> <span class='ocrx_word' id='word_1_150' title='bbox 358 2658 458 2756; x_wconf 86' lang='lat' dir='ltr'>Nunc</span> <span class='ocrx_word' id='word_1_151' title='bbox 478 2658 570 2721; x_wconf 89' lang='lat' dir='ltr'>abest</span> <span class='ocrx_word' id='word_1_152' title='bbox 590 2680 609 2720; x_wconf 91' lang='lat' dir='ltr'>a</span> <span class='ocrx_word' id='word_1_153' title='bbox 631 2656 876 2740; x_wconf 84' lang='lat' dir='ltr'>gratulantibus·</span> <span class='ocrx_word' id='word_1_154' title='bbox 886 2666 943 2720; x_wconf 92' lang='lat' dir='ltr'>aut</span> <span class='ocrx_word' id='word_1_155' title='bbox 963 2656 1210 2723; x_wconf 81' lang='lat' dir='ltr'>condolentibus</span> 
     </span>
    </p>
   </div>
   <div class='ocr_carea' id='block_1_4' title="bbox 157 2775 1212 4283">
    <p class='ocr_par' dir='ltr' id='par_1_5' title="bbox 157 2775 1212 4283">
     <span class='ocr_line' id='line_1_21' title="bbox 162 2775 1210 2862; baseline 0 -23"><span class='ocrx_word' id='word_1_156' title='bbox 162 2798 257 2853; x_wconf 91' lang='lat' dir='ltr'>unus,</span> <span class='ocrx_word' id='word_1_157' title='bbox 272 2799 369 2861; x_wconf 88' lang='lat' dir='ltr'>quem</span> <span class='ocrx_word' id='word_1_158' title='bbox 384 2799 443 2841; x_wconf 89' lang='lat' dir='ltr'>sua</span> <span class='ocrx_word' id='word_1_159' title='bbox 456 2776 522 2841; x_wconf 86' lang='lat' dir='ltr'>fata</span> <span class='ocrx_word' id='word_1_160' title='bbox 536 2777 728 2854; x_wconf 89' lang='lat' dir='ltr'>retinebant,</span> <span class='ocrx_word' id='word_1_161' title='bbox 742 2799 816 2862; x_wconf 89' lang='lat' dir='ltr'>quae</span> <span class='ocrx_word' id='word_1_162' title='bbox 831 2776 876 2841; x_wconf 86' lang='lat' dir='ltr'>sic</span> <span class='ocrx_word' id='word_1_163' title='bbox 890 2799 956 2840; x_wconf 93' lang='lat' dir='ltr'>non</span> <span class='ocrx_word' id='word_1_164' title='bbox 970 2775 1052 2841; x_wconf 90' lang='lat' dir='ltr'>male</span> <span class='ocrx_word' id='word_1_165' title='bbox 1065 2776 1210 2841; x_wconf 87' lang='lat' dir='ltr'>referun-</span> 
     </span>
     <span class='ocr_line' id='line_1_22' title="bbox 163 2895 1210 2980; baseline 0 -22"><span class='ocrx_word' id='word_1_166' title='bbox 163 2903 232 2972; x_wconf 83' lang='lat' dir='ltr'>tur3</span> <span class='ocrx_word' id='word_1_167' title='bbox 261 2917 347 2961; x_wconf 88' lang='lat' dir='ltr'>nunc</span> <span class='ocrx_word' id='word_1_168' title='bbox 373 2919 392 2959; x_wconf 93' lang='lat' dir='ltr'>a</span> <span class='ocrx_word' id='word_1_169' title='bbox 415 2896 501 2960; x_wconf 85' lang='lat' dir='ltr'>facto</span> <span class='ocrx_word' id='word_1_170' title='bbox 525 2895 676 2980; x_wconf 90' lang='lat' dir='ltr'>propiore</span> <span class='ocrx_word' id='word_1_171' title='bbox 705 2906 873 2960; x_wconf 88' lang='lat' dir='ltr'>renarrant</span> <span class='ocrx_word' id='word_1_172' title='bbox 898 2897 1006 2980; x_wconf 88' lang='lat' dir='ltr'>priora</span> <span class='ocrx_word' id='word_1_173' title='bbox 1031 2895 1064 2972; x_wconf 86' lang='lat' dir='ltr'>ii,</span> <span class='ocrx_word' id='word_1_174' title='bbox 1084 2895 1140 2977; x_wconf 90' lang='lat' dir='ltr'>qui</span> <span class='ocrx_word' id='word_1_175' title='bbox 1161 2897 1210 2959; x_wconf 90' lang='lat' dir='ltr'>rei</span> 
     </span>
     <span class='ocr_line' id='line_1_23' title="bbox 162 3012 1209 3097; baseline 0 -21"><span class='ocrx_word' id='word_1_176' title='bbox 162 3023 263 3096; x_wconf 83' lang='lat' dir='ltr'>gestae</span> <span class='ocrx_word' id='word_1_177' title='bbox 285 3013 507 3077; x_wconf 87' lang='lat' dir='ltr'>interfuerant.</span> <span class='ocrx_word' id='word_1_178' title='bbox 555 3012 724 3077; x_wconf 91' lang='lat' dir='ltr'>Interdum</span> <span class='ocrx_word' id='word_1_179' title='bbox 738 3014 918 3080; x_wconf 72' lang='lat' dir='ltr'>,sententiae</span> <span class='ocrx_word' id='word_1_180' title='bbox 943 3013 1141 3097; x_wconf 85' lang='lat' dir='ltr'>interpositae</span> <span class='ocrx_word' id='word_1_181' title='bbox 1166 3014 1209 3076; x_wconf 92' lang='lat' dir='ltr'>ad</span> 
     </span>
     <span class='ocr_line' id='line_1_24' title="bbox 163 3129 1210 3216; baseline 0 -22"><span class='ocrx_word' id='word_1_182' title='bbox 163 3129 225 3194; x_wconf 91' lang='lat' dir='ltr'>alia</span> <span class='ocrx_word' id='word_1_183' title='bbox 239 3153 297 3194; x_wconf 91' lang='lat' dir='ltr'>nos</span> <span class='ocrx_word' id='word_1_184' title='bbox 313 3131 454 3208; x_wconf 88' lang='lat' dir='ltr'>duount;</span> <span class='ocrx_word' id='word_1_185' title='bbox 477 3152 574 3215; x_wconf 90' lang='lat' dir='ltr'>quam</span> <span class='ocrx_word' id='word_1_186' title='bbox 589 3140 695 3196; x_wconf 85' lang='lat' dir='ltr'>tamen</span> <span class='ocrx_word' id='word_1_187' title='bbox 709 3130 859 3214; x_wconf 86' lang='lat' dir='ltr'>frigidam</span> <span class='ocrx_word' id='word_1_188' title='bbox 876 3142 909 3196; x_wconf 90' lang='lat' dir='ltr'>ct</span> <span class='ocrx_word' id='word_1_189' title='bbox 928 3131 1083 3216; x_wconf 91' lang='lat' dir='ltr'>puerilem</span> <span class='ocrx_word' id='word_1_190' title='bbox 1098 3131 1210 3195; x_wconf 86' lang='lat' dir='ltr'>adsec-</span> 
     </span>
     <span class='ocr_line' id='line_1_25' title="bbox 164 3249 1210 3334; baseline 0 -22"><span class='ocrx_word' id='word_1_191' title='bbox 164 3249 316 3313; x_wconf 90' lang='lat' dir='ltr'>tationem</span> <span class='ocrx_word' id='word_1_192' title='bbox 334 3249 470 3322; x_wconf 82' lang='lat' dir='ltr'>Quintil.</span> <span class='ocrx_word' id='word_1_193' title='bbox 487 3249 568 3313; x_wconf 90' lang='lat' dir='ltr'>Inst.</span> <span class='ocrx_word' id='word_1_194' title='bbox 584 3249 625 3313; x_wconf 88' lang='lat' dir='ltr'>iv.</span> <span class='ocrx_word' id='word_1_195' title='bbox 644 3250 673 3313; x_wconf 86' lang='lat'>1.</span> <span class='ocrx_word' id='word_1_196' title='bbox 689 3251 741 3314; x_wconf 84' lang='lat'>71.</span> <span class='ocrx_word' id='word_1_197' title='bbox 758 3251 912 3327; x_wconf 89' lang='lat' dir='ltr'>nominat,</span> <span class='ocrx_word' id='word_1_198' title='bbox 932 3251 1007 3315; x_wconf 90' lang='lat' dir='ltr'>licet</span> <span class='ocrx_word' id='word_1_199' title='bbox 1026 3272 1091 3314; x_wconf 92' lang='lat' dir='ltr'>non</span> <span class='ocrx_word' id='word_1_200' title='bbox 1111 3259 1210 3334; x_wconf 88' lang='lat' dir='ltr'>neget</span> 
     </span>
     <span class='ocr_line' id='line_1_26' title="bbox 163 3366 1210 3453; baseline -0.001 -21"><span class='ocrx_word' id='word_1_201' title='bbox 163 3369 309 3432; x_wconf 85' lang='lat' dir='ltr'>excusari</span> <span class='ocrx_word' id='word_1_202' title='bbox 325 3367 479 3432; x_wconf 91' lang='lat' dir='ltr'>Ovidium</span> <span class='ocrx_word' id='word_1_203' title='bbox 493 3368 695 3446; x_wconf 88' lang='lat' dir='ltr'>necessitate,</span> <span class='ocrx_word' id='word_1_204' title='bbox 710 3367 773 3432; x_wconf 91' lang='lat' dir='ltr'>hoc</span> <span class='ocrx_word' id='word_1_205' title='bbox 788 3378 838 3432; x_wconf 91' lang='lat' dir='ltr'>est</span> <span class='ocrx_word' id='word_1_206' title='bbox 854 3366 938 3453; x_wconf 84' lang='lat' dir='ltr'>lege,</span> <span class='ocrx_word' id='word_1_207' title='bbox 952 3391 1049 3453; x_wconf 87' lang='lat' dir='ltr'>quam</span> <span class='ocrx_word' id='word_1_208' title='bbox 1063 3369 1133 3453; x_wconf 89' lang='lat' dir='ltr'>ipse</span> <span class='ocrx_word' id='word_1_209' title='bbox 1148 3368 1210 3432; x_wconf 90' lang='lat' dir='ltr'>sibi</span> 
     </span>
     <span class='ocr_line' id='line_1_27' title="bbox 162 3481 1208 3572; baseline -0.003 -20"><span class='ocrx_word' id='word_1_210' title='bbox 162 3486 404 3572; x_wconf 63' lang='lat' dir='ltr'>praescripserit.</span> <span class='ocrx_word' id='word_1_211' title='bbox 443 3485 534 3551; x_wconf 89' lang='lat' dir='ltr'>Loco</span> <span class='ocrx_word' id='word_1_212' title='bbox 549 3487 717 3551; x_wconf 90' lang='lat' dir='ltr'>sententiae</span> <span class='ocrx_word' id='word_1_213' title='bbox 732 3508 961 3572; x_wconf 89' lang='lat' dir='ltr'>nonnunquam</span> <span class='ocrx_word' id='word_1_214' title='bbox 976 3486 1071 3572; x_wconf 90' lang='lat' dir='ltr'>plura</span> <span class='ocrx_word' id='word_1_215' title='bbox 1085 3481 1128 3550; x_wconf 80' lang='lat' dir='ltr'>ex</span> <span class='ocrx_word' id='word_1_216' title='bbox 1144 3485 1208 3549; x_wconf 92' lang='lat' dir='ltr'>his-</span> 
     </span>
     <span class='ocr_line' id='line_1_28' title="bbox 162 3606 1211 3690; baseline -0.002 -20"><span class='ocrx_word' id='word_1_217' title='bbox 162 3607 245 3670; x_wconf 90' lang='lat' dir='ltr'>toria</span> <span class='ocrx_word' id='word_1_218' title='bbox 261 3607 463 3688; x_wconf 89' lang='lat' dir='ltr'>repetuntur,</span> <span class='ocrx_word' id='word_1_219' title='bbox 480 3627 619 3690; x_wconf 89' lang='lat' dir='ltr'>quorum</span> <span class='ocrx_word' id='word_1_220' title='bbox 639 3629 701 3690; x_wconf 91' lang='lat' dir='ltr'>ope</span> <span class='ocrx_word' id='word_1_221' title='bbox 720 3629 772 3671; x_wconf 89' lang='lat' dir='ltr'>res</span> <span class='ocrx_word' id='word_1_222' title='bbox 792 3606 1006 3672; x_wconf 78' lang='lat' dir='ltr'>dissimillimas</span> <span class='ocrx_word' id='word_1_223' title='bbox 1019 3608 1142 3690; x_wconf 88' lang='lat' dir='ltr'>junctae</span> <span class='ocrx_word' id='word_1_224' title='bbox 1160 3628 1211 3669; x_wconf 91' lang='lat' dir='ltr'>re·</span> 
     </span>
     <span class='ocr_line' id='line_1_29' title="bbox 162 3721 1210 3808; baseline -0.001 -20"><span class='ocrx_word' id='word_1_225' title='bbox 162 3725 344 3808; x_wconf 89' lang='lat' dir='ltr'>periuntur,</span> <span class='ocrx_word' id='word_1_226' title='bbox 360 3733 398 3787; x_wconf 91' lang='lat' dir='ltr'>ut</span> <span class='ocrx_word' id='word_1_227' title='bbox 414 3721 567 3788; x_wconf 88' lang='lat' dir='ltr'>Herculis</span> <span class='ocrx_word' id='word_1_228' title='bbox 589 3723 774 3808; x_wconf 88' lang='lat' dir='ltr'>apotheosis</span> <span class='ocrx_word' id='word_1_229' title='bbox 790 3735 823 3789; x_wconf 90' lang='lat' dir='ltr'>et</span> <span class='ocrx_word' id='word_1_230' title='bbox 844 3724 1051 3789; x_wconf 89' lang='lat' dir='ltr'>Galanthidis</span> <span class='ocrx_word' id='word_1_231' title='bbox 1072 3725 1105 3787; x_wconf 95' lang='lat' dir='ltr'>in</span> <span class='ocrx_word' id='word_1_232' title='bbox 1124 3746 1210 3787; x_wconf 88' lang='lat' dir='ltr'>mus·</span> 
     </span>
     <span class='ocr_line' id='line_1_30' title="bbox 162 3841 1212 3930; baseline -0.002 -24"><span class='ocrx_word' id='word_1_233' title='bbox 162 3841 258 3906; x_wconf 86' lang='lat' dir='ltr'>telam</span> <span class='ocrx_word' id='word_1_234' title='bbox 276 3844 419 3908; x_wconf 88' lang='lat' dir='ltr'>mutatio.</span> <span class='ocrx_word' id='word_1_235' title='bbox 466 3843 556 3908; x_wconf 87' lang='lat' dir='ltr'>Raro</span> <span class='ocrx_word' id='word_1_236' title='bbox 578 3866 680 3910; x_wconf 85' lang='lat' dir='ltr'>nexus</span> <span class='ocrx_word' id='word_1_237' title='bbox 700 3845 862 3930; x_wconf 89' lang='lat' dir='ltr'>reperitur</span> <span class='ocrx_word' id='word_1_238' title='bbox 884 3865 998 3927; x_wconf 90' lang='lat' dir='ltr'>parum</span> <span class='ocrx_word' id='word_1_239' title='bbox 1020 3841 1212 3926; x_wconf 89' lang='lat' dir='ltr'>probabilis,-</span> 
     </span>
     <span class='ocr_line' id='line_1_31' title="bbox 162 3961 1209 4048; baseline -0.002 -23"><span class='ocrx_word' id='word_1_240' title='bbox 162 3970 199 4025; x_wconf 90' lang='lat' dir='ltr'>ut</span> <span class='ocrx_word' id='word_1_241' title='bbox 220 3961 253 4023; x_wconf 88' lang='lat' dir='ltr'>ii.</span> <span class='ocrx_word' id='word_1_242' title='bbox 272 3961 346 4024; x_wconf 82' lang='lat'><strong>368.</strong></span> <span class='ocrx_word' id='word_1_243' title='bbox 366 3962 422 4025; x_wconf 90' lang='lat' dir='ltr'>ubi</span> <span class='ocrx_word' id='word_1_244' title='bbox 448 3961 591 4046; x_wconf 86' lang='lat' dir='ltr'>Liguriae</span> <span class='ocrx_word' id='word_1_245' title='bbox 617 3986 675 4028; x_wconf 83' lang='lat' dir='ltr'>rex</span> <span class='ocrx_word' id='word_1_246' title='bbox 700 3964 821 4048; x_wconf 87' lang='lat' dir='ltr'>reginae</span> <span class='ocrx_word' id='word_1_247' title='bbox 842 3962 1023 4047; x_wconf 89' lang='lat' dir='ltr'>AEthiopiae</span> <span class='ocrx_word' id='word_1_248' title='bbox 1053 3961 1209 4046; x_wconf 85' lang='lat' dir='ltr'>sanguine</span> 
     </span>
     <span class='ocr_line' id='line_1_32' title="bbox 157 4077 1210 4162; baseline 0 -20"><span class='ocrx_word' id='word_1_249' title='bbox 157 4077 292 4160; x_wconf 89' lang='lat' dir='ltr'>junctus</span> <span class='ocrx_word' id='word_1_250' title='bbox 319 4089 430 4142; x_wconf 90' lang='lat' dir='ltr'>contra</span> <span class='ocrx_word' id='word_1_251' title='bbox 454 4079 552 4144; x_wconf 89' lang='lat' dir='ltr'>fidem</span> <span class='ocrx_word' id='word_1_252' title='bbox 581 4080 736 4157; x_wconf 65' lang='lat' dir='ltr'>traditum</span> <span class='ocrx_word' id='word_1_253' title='bbox 766 4090 799 4145; x_wconf 90' lang='lat' dir='ltr'>et</span> <span class='ocrx_word' id='word_1_254' title='bbox 825 4080 887 4143; x_wconf 89' lang='lat' dir='ltr'>viii.</span> <span class='ocrx_word' id='word_1_255' title='bbox 916 4080 990 4144; x_wconf 71' lang='lat'>548.</span> <span class='ocrx_word' id='word_1_256' title='bbox 1015 4081 1048 4144; x_wconf 89' lang='lat' dir='ltr'>in</span> <span class='ocrx_word' id='word_1_257' title='bbox 1073 4100 1210 4162; x_wconf 85' lang='lat' dir='ltr'>geogra-</span> 
     </span>
     <span class='ocr_line' id='line_1_33' title="bbox 162 4194 1210 4283; baseline 0.001 -24"><span class='ocrx_word' id='word_1_258' title='bbox 162 4194 271 4279; x_wconf 89' lang='lat' dir='ltr'>phiam</span> <span class='ocrx_word' id='word_1_259' title='bbox 294 4219 333 4260; x_wconf 93' lang='lat' dir='ltr'>eo</span> <span class='ocrx_word' id='word_1_260' title='bbox 359 4197 489 4262; x_wconf 88' lang='lat' dir='ltr'>consilio</span> <span class='ocrx_word' id='word_1_261' title='bbox 510 4210 680 4283; x_wconf 88' lang='lat' dir='ltr'>peccatum</span> <span class='ocrx_word' id='word_1_262' title='bbox 705 4211 764 4276; x_wconf 90' lang='lat' dir='ltr'>est,</span> <span class='ocrx_word' id='word_1_263' title='bbox 790 4201 867 4263; x_wconf 90' lang='lat' dir='ltr'>dum</span> <span class='ocrx_word' id='word_1_264' title='bbox 888 4198 1019 4264; x_wconf 90' lang='lat' dir='ltr'>Theseo</span> <span class='ocrx_word' id='word_1_265' title='bbox 1043 4196 1210 4280; x_wconf 89' lang='lat' dir='ltr'>Calydone</span> 
     </span>
    </p>
   </div>
   <div class='ocr_carea' id='block_1_5' title="bbox 0 0 1410 5010">
    <p class='ocr_par' dir='ltr' id='par_1_6' title="bbox 0 0 1410 5010">
     <span class='ocr_line' id='line_1_34' title="bbox 0 0 1410 5010; baseline 0 0"><span class='ocrx_word' id='word_1_266' title='bbox 0 0 1410 5010; x_wconf 95' lang='lat' dir='ltr'> </span> 
     </span>
    </p>
   </div>
  </div>
 </body>
</html>
