2812 5010
593 326 625 393 iii

90 519 157 565 cum
176 499 249 583 ipso
273 497 395 584 Heynii
412 497 550 585 Virgilio
575 521 753 584 compares,
775 499 870 565 immo
891 501 1026 567 fortasse
1042 516 1131 588 'prae-

88 639 198 700 ponas,
216 616 391 681 dummodo
408 617 596 695 attenderis,
614 640 679 702 qua
698 618 873 702 sagacitate
893 628 1017 684 textum
1034 643 1132 686 excu-

87 735 159 813 tiat3
192 733 299 800 lucem
327 758 370 801 ex
397 735 485 800 fumo
514 736 571 800 det
603 737 821 820 repentinam3
853 746 886 802 et
913 735 1011 823 hujus
1039 741 1132 823 quasi

87 851 281 938 Labyrinthi
300 855 452 940 ambages
472 853 621 933 resalvat,
642 864 731 920 certo
753 877 890 941 semper,
911 878 1131 942 necunquam

85 971 266 1059 interrupto
290 970 347 1036 filo
371 969 500 1038 lectoris
525 994 642 1059 regens
665 973 816 1058 vestigia:
851 996 924 1059 quae
948 973 1030 1052 laus,
1055 974 1131 1041 licet

86 1109 218 1165 summa,
240 1087 321 1152 nihil
343 1099 449 1157 tamen
472 1089 651 1176 Heynianae
673 1089 833 1170 detrahit3
865 1093 923 1157 sed
947 1090 1032 1158 hanc
1056 1116 1132 1179 pro·

85 1207 187 1290 priam
201 1217 236 1275 et
249 1206 444 1292 peculiarem
457 1209 519 1273 sibi
532 1210 710 1277 vindicasse
724 1211 851 1276 videtur
866 1209 915 1274 Cl.
927 1211 1053 1297 Gierig,
1067 1211 1131 1290 cui,

86 1333 132 1388 tot
153 1325 240 1392 inter
261 1337 294 1390 et
315 1336 381 1391 tam
400 1329 503 1392 varias
525 1350 631 1393 rerum
658 1328 791 1415 figuras,
813 1328 981 1394 retinenda
1005 1340 1074 1394 erat
1098 1331 1132 1394 in

84 1442 195 1526 primis
220 1454 327 1528 poetae
355 1445 456 1531 ipsius
481 1445 594 1526 forma,
620 1448 713 1534 cujus
737 1471 798 1512 aon
821 1449 934 1525 uultus,
960 1471 1021 1512 aon
1045 1450 1132 1513 color

85 1583 176 1639 unus,
198 1584 259 1629 nec
283 1564 329 1629 ita
354 1566 638 1645 diuersamtamen,
661 1577 698 1632 ut
727 1568 778 1632 sui
801 1589 933 1653 prorsus
960 1566 1130 1644 dissimilis,

85 1679 205 1764 quique
224 1679 362 1746 Proteum
385 1685 479 1761 alter,
502 1695 539 1749 ut
563 1684 690 1770 scripsit
717 1685 880 1770 ingeniose
901 1685 970 1770 jam
990 1682 1130 1748 laudatae

87 1797 290 1866 Praefationis
310 1810 432 1879 auctor,
447 1826 481 1889 p.
498 1802 553 1866 xii.
569 1824 588 1866 e
607 1801 750 1866 manibus
766 1799 993 1889 exciditgfallit
1010 1799 1130 1880 oculos,

86 1940 104 1982 e
122 1916 235 1981 vinclis
254 1917 366 1998 effluit,
387 1942 446 1985 nec
466 1921 541 1985 ideo
562 1918 667 1984 minus
686 1929 865 2016 perpetua,
876 1942 1059 2005 quanquam
1078 1943 1132 1984 va-

87 2036 189 2100 riante
205 2035 437 2122 prodigialiter,
452 2036 617 2122 voluptate
635 2039 756 2103 animos
776 2036 927 2114 oblectat,
948 2038 982 2101 in
1001 2037 1131 2102 delicias

87 2154 171 2239 rapit
185 2165 219 2219 et
234 2155 419 2220 suavissime
435 2157 567 2221 detinet.

19 2354 21 2360 Ι
128 2271 241 2345 Quum
268 2296 345 2339 vero
374 2274 622 2340 desiderandum
650 2296 721 2339 esse
750 2271 894 2338 nonnihil
920 2272 954 2336 in
977 2273 1132 2358 varietate

87 2390 258 2457 lectionum
287 2393 464 2473 sensissem,
490 2395 533 2460 ad
561 2395 699 2480 Regiam
729 2392 965 2458 Bibliothecam
990 2392 1131 2476 confugi,

88 2511 225 2577 Codices
247 2535 356 2578 omnes
377 2517 610 2599 manuscriptos
633 2517 846 2599 inspecturus
867 2513 893 2575 si
914 2533 994 2596 quos
1015 2511 1133 2574 doctis-

88 2631 183 2694 simus
208 2632 368 2716 interpres
395 2632 586 2719 ignorasset,
610 2631 661 2697 vel
685 2629 880 2716 neglexisset
908 2626 1130 2693 conferendos.

89 2747 142 2812 Ex
158 2747 210 2812 his
230 2760 379 2815 accurate
398 2750 532 2830 collatis,
547 2752 629 2817 duos
646 2749 823 2836 praesertim
840 2746 1058 2832 suppeditavit
1077 2745 1134 2809 xiii

88 2865 251 2945 saeculum,
267 2891 347 2954 quos
366 2869 399 2932 in
420 2869 524 2954 primo
541 2868 671 2954 quidem
689 2865 908 2950 Metamorph.
923 2862 1006 2928 libro
1023 2885 1133 2926 nume-

88 2986 130 3050 ris
156 2986 341 3071 designatos
369 2989 522 3066 invenies,
550 2989 635 3052 8000
661 2996 694 3051 et
719 2986 815 3061 8001,
841 2984 958 3069 quibus
986 2981 1133 3066 inscripti

89 3102 195 3188 Regio
217 3103 372 3190 Catalogo
392 3105 614 3191 reperiuntur3
639 3103 756 3168 deinde
771 3123 848 3166 vero
869 3100 967 3185 signis
987 3098 1021 3162 A
1037 3107 1071 3162 et
1089 3097 1131 3175 B,

89 3219 138 3284 vel
151 3220 202 3285 his
217 3231 341 3288 tanturn
354 3223 472 3300 verbis,
487 3223 603 3288 Nostri
618 3221 741 3309 Regii:
763 3217 890 3284 notulas
905 3239 1034 3303 quoque
1048 3215 1133 3280 notis

88 3337 249 3418 interdurn
276 3341 442 3406 addendas
472 3340 595 3416 censui,
621 3361 701 3424 quas
730 3360 748 3401 e
778 3335 938 3420 congestis
969 3333 1133 3396 Variorum

88 3460 331 3536 commentariis,
350 3469 383 3524 et
403 3458 583 3544 praesertim
601 3479 619 3522 e
639 3456 801 3521 Farnabio
821 3462 992 3537 excerptas
1013 3450 1137 3514 Editor

86 3574 222 3660 signavi.

32 3751 34 3754 .
129 3693 197 3756 Sed
220 3693 408 3779 priusquam
425 3694 467 3757 ad
486 3692 591 3778 ipsum
611 3691 919 3789 Metamorphoseon
937 3684 1055 3750 librum
1077 3685 1133 3749 de·

87 3811 206 3888 venias,
229 3812 460 3876 immorandum
480 3811 542 3877 erit
565 3811 634 3888 tibi,
657 3810 769 3887 lector,
792 3830 852 3872 nec
875 3806 943 3871 sine
968 3803 1076 3867 fructu
1098 3813 1132 3867 et

86 3927 263 4014 voluptate,
279 3931 408 3997 Criticae
428 3931 667 4006 Dissertationi,
684 3930 724 3994 de
738 3926 832 3992 variis
856 3935 1058 3998 «assaturam,
1076 3922 1133 4007 qui

87 4047 199 4114 doctos
213 4069 278 4113 non
292 4050 407 4126 urinus,
422 4072 518 4135 quam
533 4050 644 4114 orbem
659 4048 763 4130 ipsum
777 4044 1062 4129 perturbaverunt,
1075 4040 1133 4103 do·

87 4186 146 4230 uec
167 4164 252 4232 inter
271 4167 491 4252 discrepantes
506 4167 554 4231 vir
573 4174 774 4250 exsurgeret,
789 4173 894 4228 tantas
911 4161 985 4226 lites
1005 4179 1132 4243 compo·

1147 4580 1324 4688 P«
