2812 5010
182 358 250 426 att
449 355 513 422 .P.
537 354 699 421 OVIDII
723 354 951 426 NASONIS,
1044 351 1046 356 ’

184 531 341 607 Tartara
355 529 447 629 quid
461 529 639 606 cessant?
658 554 724 604 cur
737 554 812 605 non
825 529 1032 628 matrisque
1047 539 1232 628 tuumque

183 648 390 748 Imperium
408 647 576 747 profers?
603 648 727 744 agitur
744 672 832 746 pars
850 648 961 721 tertia
978 647 1122 722 mundi.

183 763 235 839 Et
250 775 378 839 tamen
395 763 434 836 in
452 763 560 849 coelo‚
580 763 683 861 (quae
693 764 774 860 jam
791 763 974 862 patientia
990 774 1121 838 nostra
1138 763 1229 858 estl)

180 881 427 980 Spernimur3
449 903 493 953 ac
507 903 657 953 mecum
670 879 767 953 vires
781 890 982 954 tenuantur
999 878 1164 954 Amoris

183 998 342 1072 Pallada
359 1021 483 1070 nonne
496 997 615 1083 vides,
623 996 963 1095 jaculatricemque
978 997 1142 1071 Dianam
1160 1000 1229 1070 375

182 1113 427 1188 Abscessisse
444 1112 561 1194 mihil
589 1111 739 1186 Cereris
758 1136 912 1210 quoque
929 1111 1007 1187 filia
1022 1113 1140 1210 virgo,

183 1229 226 1305 si
244 1229 444 1330 patiamur,
463 1228 554 1318 erit;
584 1252 670 1301 nam
689 1252 777 1326 spes
795 1227 948 1303 affectat
966 1230 1134 1304 easdem.

182 1346 236 1421 At
252 1359 306 1434 tu,
325 1371 393 1445 pro
411 1347 514 1420 socio
531 1345 563 1419 si
582 1369 659 1443 qua
676 1354 736 1418 est
753 1368 838 1419 mea
855 1345 978 1442 gratia
993 1370 1123 1443 regno,

182 1462 308 1560 Junge
321 1463 443 1537 Deam
453 1461 627 1561 patru0.”
656 1461 923 1538 DixitVenus:
943 1464 1007 1537 ille
1017 1464 1229 1562 pharetram

183 1579 326 1668 Solvit3
356 1589 407 1664 et,
427 1579 578 1652 arbitrio
597 1578 738 1666 matris,
758 1580 807 1654 de
825 1579 926 1654 mille
944 1579 1092 1676 sagittis
1158 1586 1227 1656 380

182 1694 308 1768 Unam
326 1695 507 1793 seposuit,
527 1695 594 1769 sed
613 1719 689 1793 qua
705 1720 777 1770 nec
795 1695 940 1771 acutior
957 1697 1046 1783 ulla,

184 1809 268 1884 Nec
286 1810 410 1883 minus
429 1811 574 1886 incerta
591 1823 661 1899 est,
681 1837 751 1888 nec
770 1837 855 1910 quae
880 1813 999 1911 magis
1025 1811 1157 1886 audiat
1173 1835 1226 1887 ar·

184 1925 447 2025 Oppositoque
465 1951 563 2022 genu
582 1929 748 2003 curvavit
765 1929 892 2003 flexile
910 1952 1047 2016 cotnu3
1103 1929 1225 2025 [cum;

183 2041 307 2141 Inque
325 2068 390 2119 cor
406 2041 559 2119 hamata
577 2046 764 2146 percussit
781 2045 963 2120 arundine
983 2044 1127 2118 Ditem,
1159 2045 1227 2118 384

214 2278 272 2326 371.
287 2278 350 2332 Quid
361 2276 462 2328 teuent?
479 2294 521 2327 cnr
533 2295 580 2328 non
591 2278 684 2328 addua·
732 2281 820 2343 gratim
835 2276 939 2326 solennis
956 2275 1057 2325 formula
1072 2275 1098 2324 in
1114 2274 1228 2340 precibus.

182 2357 221 2399 tur
231 2360 310 2400 nostro
324 2351 438 2417 imperiol
454 2352 584 2402 Claudias.
596 2352 613 2402 i.
624 2355 683 2400 222.
731 2351 766 2401 iv.
777 2353 840 2412 5353
857 2350 926 2408 infra,
937 2352 993 2400 515.
1003 2353 1022 2398 ti
1032 2351 1102 2398 nulla
1112 2360 1145 2398 ett
1155 2351 1228 2415 gratia

179 2424 277 2491 Jupiter
288 2426 386 2483 Veneri,
394 2442 437 2474 cur
447 2427 531 2474 ultima
544 2443 616 2491 regna
633 2430 684 2489 qui-
727 2429 822 2474 matria
1126 2428 1129 2432 “

181 2501 277 2547 meunt?
302 2497 427 2562 Imperium
442 2500 542 2564 prffets,
565 2500 683 2559 extendis,
764 2500 822 2547 330.
840 2499 921 2554 Solvit,
942 2496 1025 2563 aperit,
1040 2496 1150 2546 demeto
1166 2512 1227 2562 oper·

181 2573 292 2638 amplias.
326 2575 414 2639 Agitur
428 2575 489 2623 bene
505 2574 614 2640 explicat
631 2576 683 2623 Re·
732 2572 795 2629 culo,
806 2588 854 2636 quo
865 2572 914 2637 tegi
924 2571 1036 2637 pharetra
1046 2570 1149 2621 solebat.
1167 2572 1227 2634 Sepo-

176 2647 243 2711 gius,
253 2647 279 2696 in
295 2646 401 2713 periculo
411 2654 525 2704 versatur,
536 2664 565 2697 ne
583 2664 597 2697 a
614 2649 682 2698 nobis
732 2649 779 2696 tuit
792 2646 940 2711 exquisitius,
955 2661 1038 2710 quam,
1052 2645 1135 2710 elegit.
1169 2643 1228 2696 Vide

178 2721 312 2770 amittatur.
346 2722 414 2787 Saepe
436 2721 490 2771 cic.
513 2725 552 2787 agi
576 2724 681 2780 salutem,
731 2722 765 2770 ad·
773 2721 887 2778 Plinium,
899 2721 961 2769 Pan.
972 2719 1063 2769 xxxvii.
1075 2720 1100 2767 4.
1125 2719 1228 2783 quue

180 2799 309 2856 imperim,
324 2802 372 2844 etc.
387 2794 454 2844 dicit.
485 2796 516 2844 Et
534 2797 595 2845 bene
612 2799 682 2845 tertie
731 2797 811 2860 magis,
832 2804 879 2844 etc.
912 2795 972 2842 Haec
993 2794 1066 2842 verba
1085 2791 1160 2859 capit,
1178 2808 1228 2842 cunt

181 2871 262 2917 mundi
276 2885 346 2931 parm·
363 2885 418 2933 rege
438 2868 501 2918 enim
517 2868 588 2926 victo,
605 2877 681 2918 totum
731 2871 793 2928 aliis,
805 2868 878 2919 etiam
894 2871 1047 2918 Burmannus
1063 2866 1094 2917 de
1110 2877 1178 2918 certa
1196 2883 1229 2916 sa·

180 2959 281 3006 regnum
302 2941 405 2992 vincitur
423 2952 448 2992 et
468 2943 555 2993 servire
579 2944 680 3008 cogitur.
731 2944 800 3008 gitta.
832 2943 917 3004 Mate,
936 2943 980 2991 hoc
996 2939 1060 2991 enim
1075 2942 1128 3007 jam
1141 2943 1229 2992 dixerat

177 3016 309 3065 Claudiam
326 3017 401 3082 Rapt.
421 3017 447 3068 ii.
466 3021 510 3068 13:
534 3020 616 3069 Venus
628 3022 681 3081 jam
731 3025 818 3082 poeta;
835 3017 907 3080 igitur
925 3016 973 3065 alia
983 3016 1058 3065 virtus
1076 3015 1180 3080 intelligi
1192 3015 1229 3064 de-

178 3091 239 3138 nite
259 3094 351 3139 subacto
371 3091 464 3156 lugenti
477 3093 682 3158 famulosMeues
730 3091 779 3140 bet.
811 3091 892 3140 Facile
911 3093 978 3138 audit
994 3106 1076 3138 armtm
1092 3088 1182 3152 sagitta
1196 3105 1228 3146 ea,

181 3167 283 3214 ductura
293 3166 415 3226 triumpho.
732 3180 785 3229 quae
804 3164 891 3213 habilis
909 3172 953 3220 est,
968 3171 992 3213 et
1007 3163 1080 3214 tacite
1097 3165 1157 3228 regi,
1171 3163 1229 3212 mitti

214 3238 271 3287 373.
287 3238 342 3285 Jam
355 3236 453 3286 inservit
463 3236 628 3302 indignationi,
639 3256 681 3288 no·
731 3247 816 3304 potest.
844 3237 929 3302 Virgil.
947 3237 1036 3302 Georg.
1051 3237 1069 3286 i.
1085 3238 1146 3292 514,
1162 3253 1228 3301 aeque

181 3318 247 3360 tante
273 3312 419 3360 Burmanno.
453 3311 582 3369 Patientia,
609 3312 681 3361 animi
731 3316 798 3361 audit
809 3329 891 3362 merrus
905 3313 1008 3368 habenas,
1019 3311 1070 3375 regi
1081 3328 1130 3360 non
1145 3319 1227 3378 potest.

180 3385 276 3443 lenitas,
287 3401 361 3451 quum
377 3385 431 3449 quis
448 3384 538 3450 patitur
553 3395 577 3435 et
587 3401 617 3434 ea
627 3403 681 3450 quse
730 3386 770 3435 Sic
789 3385 852 3451 cepit
869 3385 941 3435 etiam
957 3385 1081 3435 Schirach.
1106 3392 1123 3414 ‘⁴
1135 3386 1229 3441 Notata,

180 3459 230 3509 fieri
241 3477 288 3509 non
296 3459 392 3515 debent,
400 3459 508 3524 adeoque
517 3475 581 3525 saepe
592 3459 617 3508 in
624 3460 681 3510 vitio
730 3460 816 3525 inquit,
828 3460 917 3525 sagitta
926 3460 1027 3510 subtilis.
1046 3461 1170 3510 Praeclara
1178 3475 1229 3510 vero

176 3534 282 3600 ¹ponitur.
314 3534 443 3597 Eleganter
457 3536 497 3597 qui
515 3533 641 3584 adhibetur
656 3533 682 3583 in
732 3545 768 3586 est
784 3536 910 3601 descriptio
929 3536 1026 3585 Amoris
1043 3535 1161 3600 sagittam
1178 3533 1229 3583 mit·

176 3607 390 3675 interjectionibus,
401 3616 443 3656 aut
456 3623 579 3672 proquam
593 3617 681 3656 tantm.
731 3611 820 3672 tentis3
839 3610 907 3674 eligit
920 3611 950 3659 de
966 3609 1031 3658 mille
1046 3625 1133 3666 unam,
1145 3617 1171 3669 et
1180 3607 1228 3673 qui.

182 3683 329 3738 Tenumttur,
338 3681 484 3732 minuuntur.
728 3683 782 3734 dem
800 3683 968 3740 acutissimam,
983 3683 1150 3741 certissimam,
1161 3681 1227 3731 facile

175 3789 178 3795 ·
214 3759 270 3807 375·
290 3756 568 3819 patientiamque]
589 3757 612 3804 A
625 3756 678 3822 qui·
728 3769 881 3825 sequentem:
907 3757 974 3823 atqui
995 3772 1052 3806 vero
1079 3765 1150 3806 tanta
1176 3770 1229 3804 cura

175 3833 225 3880 ,bus
242 3830 392 3896 potissimum
406 3838 531 3895 spernatur
539 3832 622 3883 Venus
637 3846 679 3879 ex·
728 3850 787 3900 opus
800 3840 867 3895 erat5
884 3831 973 3881 etenim
990 3834 1072 3897 agitur
1088 3847 1145 3894 part
1163 3831 1229 3880 tertie

180 3905 262 3970 ponit3
279 3905 362 3954 Pallas
379 3905 443 3954 enim
457 3921 485 3954 ac
500 3904 581 3953 Diana
595 3920 679 3970 perpe-
728 3907 839 3957 mundi.'’

176 3988 246 4028 tuam
264 3987 379 4029 voverant
397 3979 565 4044 virginitatem.
598 3981 679 4028 Absce-
761 3983 818 4030 334.
840 3979 913 4044 Inque
940 3979 998 4042 eom]
1027 3977 1131 4044 Regius,
1158 3981 1229 4029 eorde.

180 4057 241 4102 duret
257 4054 333 4110 alteri,
343 4052 384 4118 qui
399 4054 512 4103 deserunt
527 4053 578 4118 ejus
590 4063 678 4119 partes.
729 4056 889 4111 Burmannus,
900 4071 945 4104 nec
961 4058 987 4102 in
1004 4070 1051 4110 eor,
1063 4068 1107 4101 nec
1123 4055 1150 4101 in
1165 4054 1229 4102 corde

181 4127 228 4196 Sed
249 4143 312 4178 nunc
329 4136 372 4183 est,
388 4127 469 4192 lugere
486 4127 583 4177 alterius
604 4128 679 4194 impe·
726 4131 838 4192 percussit
854 4129 912 4177 satis
931 4129 1054 4191 eleganter
1075 4127 1168 4177 dictum
1186 4143 1229 4193 pu·

181 4200 249 4252 rium.
274 4199 510 4267 Affectat,concepit.
544 4202 569 4250 St
584 4219 629 4265 qua
646 4213 678 4251 est
728 4211 778 4269 tat:
797 4203 880 4253 mallet
891 4207 1001 4254 indecor.
