2812 5010
291 330 357 399 338
591 329 631 394 Ρ.
656 326 816 395 OVIDII
841 327 1055 395 NASONIS

292 506 456 582 Demere
473 503 646 580 tentabat
661 503 744 576 laevi
762 527 916 602 quoque
933 503 1068 578 robora
1085 503 1205 603 postis

293 623 508 722 Cinyphius
527 620 701 696 Pelates:
730 620 894 696 tentanti
912 622 1069 696 dextera
1084 620 1164 693 fixa
1180 629 1240 696 est

292 740 465 839 Cuspide
483 738 723 814 Marmaridae
742 737 915 826 Ooruthi‚
935 736 1113 836 lignoque
1132 736 1310 812 cohaesit:

292 856 464 932 Haerenti
479 857 577 929 latus
595 854 722 929 hausit
737 855 865 943 Abas;
895 880 966 929 nec
984 855 1124 928 corruit
1140 854 1216 952 ille,
1279 859 1345 928 126

294 974 373 1048 Sed
390 972 576 1048 retinente
593 995 747 1045 manum
764 971 927 1045 moriens
945 996 967 1046 e
985 982 1094 1070 poste
1110 971 1306 1069 pependit.

295 1091 483 1166 Sternitur
501 1099 540 1163 et
558 1090 770 1176 Menaleus,
790 1089 947 1164 Perseia
963 1099 1089 1162 castra
1105 1097 1304 1184 sequutus,

294 1207 346 1281 Et
364 1206 632 1281 Nasamoniaci
651 1205 814 1306 Dorylas
832 1204 1041 1278 ditissimus
1060 1204 1160 1300 agri3

295 1324 411 1399 Dives
430 1323 509 1421 agri
528 1322 705 1421 Dorylas,
726 1347 801 1420 quo
817 1345 893 1396 non
910 1321 1132 1420 possederat
1149 1321 1245 1394 alter
1279 1326 1345 1394 130

295 1440 437 1526 LatiuS,
457 1450 523 1513 aut
540 1441 698 1515 totidem
715 1440 873 1514 tollebat
889 1438 996 1513 farris
1015 1463 1181 1513 acervos.

295 1556 420 1655 Hujus
438 1557 477 1630 in
495 1556 650 1653 obliquo
666 1558 824 1630 missum
841 1556 948 1630 stetit
964 1556 1118 1652 inguine
1135 1553 1296 1628 ferrum:

296 1672 437 1746 Letifer
454 1672 517 1746 ille
535 1674 664 1748 locus:
685 1698 798 1770 quem
816 1682 1020 1772 postquam
1037 1669 1201 1745 vulneris
1219 1680 1347 1742 auctor

295 1787 574 1885 singultantem
593 1788 767 1876 animam,
788 1799 827 1862 et
842 1798 1055 1863 versantem
1072 1785 1215 1859 lumina
1230 1785 1323 1858 vidit

297 1904 472 1979 Bactrius
484 1903 743 2002 Halcyoneus
761 1914 785 1944 ‘⁴
799 1905 896 1995 Hoc,
909 1906 1012 2005 quod
1025 1902 1202 2003 premiS‚”
1212 1901 1345 1999 inquit,

448 2029 472 2059 “
491 2020 629 2095 habeto
1278 2022 1344 2091 135

297 2135 357 2210 De
372 2144 429 2209 tot
445 2135 545 2232 agris
562 2145 670 2210 terrae
686 2135 720 2212 :”
738 2161 953 2236 corpusque
971 2158 1164 2234 exsangue
1183 2133 1344 2232 reliquit.

295 2250 466 2348 Torquet
480 2251 519 2324 in
532 2253 632 2325 hunc
648 2254 795 2327 hastam
811 2252 934 2327 calido
952 2253 1000 2326 de
1018 2253 1172 2325 vulnere
1190 2261 1334 2350 raptam

295 2366 427 2440 Victor
445 2367 701 2444 Abantiades:
731 2371 857 2445 media
875 2395 960 2467 quae
979 2394 1067 2445 nare
1086 2380 1242 2467 recepta

297 2483 456 2557 Cervice
466 2494 604 2559 exacta
615 2497 685 2574 est,
698 2486 736 2559 in
749 2498 954 2585 partesque
965 2488 1108 2562 eminet
1117 2487 1262 2561 ambas.
1280 2489 1347 2558 139

331 2711 386 2758 123.
398 2710 516 2773 Demere]
534 2710 587 2760 Cic.
598 2711 659 2760 dixit
674 2715 799 2762 convellere
849 2713 972 2762 fertilitate
985 2713 1035 2778 agri
1046 2711 1180 2778 Cyrenaici.
1214 2710 1350 2759 Etomnino

298 2785 419 2848 repagula.
445 2784 545 2841 Robora,
561 2787 674 2851 repagula
690 2789 798 2837 roborea.
848 2787 932 2836 Africa
949 2787 1097 2853 πυροφόρος.
1131 2786 1160 2834 In
1178 2783 1282 2833 nummis
1295 2790 1349 2832 cnm

300 2858 394 2920 Cinyps,
404 2874 459 2923 pars
470 2859 550 2924 Libye
567 2876 622 2908 cum
632 2862 730 2910 flumine
741 2878 797 2926 cog·
847 2861 920 2926 spicis
934 2870 959 2910 et
978 2876 1050 2909 cornu
1066 2860 1147 2925 Copia
1167 2858 1280 2908 cernitur.
1312 2858 1350 2906 Ibi

298 2932 395 2980 nomini.
429 2933 578 2981 Marmarides
595 2933 657 2982 inter
667 2935 798 3000 AEgypturn
849 2935 952 2984 anani
963 2935 1090 2983 immensas
1106 2933 1266 2999 possessiones
1276 2930 1350 2980 tate

298 3013 324 3054 et
344 3007 454 3070 Cyrenen
470 3007 618 3057 incolebant.
653 3009 717 3058 Ptin.
733 3026 757 3058 v.
775 3012 799 3058 6.
847 3002 916 3058 bant.
952 3008 1084 3056 Ditisrimns
1098 3010 1151 3073 agri
1164 3007 1238 3056 etiarn
1249 3004 1348 3056 AEneid.

300 3079 360 3127 Fixa
374 3090 415 3130 est.
430 3079 513 3129 Simile
529 3081 595 3145 quid,
606 3083 648 3130 xii.
660 3085 798 3134 331-337.
848 3085 937 3132 κ.363.
960 3083 1052 3140 Latius,
1060 3081 1155 3131 latiores
1166 3094 1244 3146 agros.
1278 3081 1351 3128 Tolis-

300 3153 415 3210 Haurtre,
427 3154 554 3203 confodere
571 3171 614 3204 sen
624 3157 753 3223 transigere
764 3160 798 3205 lo·
821 3146 831 3171 ⁸
848 3159 895 3206 bat.
913 3157 973 3205 Tolli
987 3156 1108 3220 eleganter
1123 3152 1236 3204 dicuntur
1252 3165 1306 3218 quaa
1321 3168 1352 3212 er

300 3227 409 3277 tuadixit
416 3229 467 3294 jam
478 3231 575 3278 Lucret.
586 3247 611 3278 v.
626 3233 697 3280 1323.
707 3247 736 3280 ex
747 3230 797 3281 Hc·
848 3231 911 3296 agris
926 3231 1026 3279 redeunt
1043 3239 1068 3279 et
1085 3229 1238 3294 colliguntur.
1272 3229 1312 3278 Sic
1327 3238 1351 3278 et

299 3302 396 3361 morico,
407 3302 535 3369 ἀφύσσειν.
561 3305 713 3355 Schirachins
723 3315 798 3356 meta-
848 3307 914 3355 Fast.
924 3305 957 3354 iv.
968 3306 1026 3355 560.

298 3376 397 3442 phorum
412 3378 469 3428 inda
483 3380 581 3428 ductam
595 3389 671 3446 putat,
683 3378 746 3446 quod
756 3396 798 3431 ex·
883 3379 937 3428 134.
954 3379 1098 3444 Singultnrs,
1112 3392 1167 3426 curn
1184 3375 1293 3441 singultu
1310 3391 1350 3426 sen

298 3451 533 3519 hannatnrsanguis.
550 3455 799 3505 Meliushauddubie
848 3452 952 3501 motibus
971 3450 1114 3500 convulsivis
1135 3449 1259 3498 exhalare.
1293 3450 1352 3498 AEn.

299 3526 409 3591 lleynins
432 3527 464 3577 ad
484 3529 554 3594 Virg.
577 3529 675 3578 AEneid.
695 3529 722 3579 ii.
743 3532 799 3579 600.
847 3527 882 3577 ix.
893 3528 950 3576 333.
965 3535 1061 3574 manne
1075 3526 1189 3590 sewius
1204 3525 1351 3587 engelram

298 3600 357 3664 qnia
374 3600 506 3651 hauriendo
526 3609 663 3668 penetretur
681 3616 736 3652 vase
755 3603 805 3652 im:
850 3601 906 3649 415.
918 3602 990 3665 longis
998 3601 1138 3665 singultibus
1147 3600 1191 3645 ilia
1197 3599 1287 3659 patient.

300 3673 371 3723 misso
384 3685 409 3724 et
423 3676 562 3726 diffindatnr
576 3691 649 3742 aqua.
682 3678 800 3744 Exempla
885 3677 941 3724 133.
960 3677 1107 3730 Abantiades,
1126 3674 1237 3729 Perseus,
1255 3673 1353 3720 Abantis

299 3751 376 3799 mults
386 3751 457 3817 hujus
467 3751 594 3801 locutionis
604 3766 618 3802 s
627 3752 704 3818 poetis
718 3762 743 3801 et
752 3752 800 3801 his·
849 3763 974 3814 pronepos.
1008 3748 1116 3796 Acrisius
1126 3746 1190 3796 enim
1199 3746 1300 3795 Danaes
1310 3761 1352 3810 pe·

299 3823 380 3873 toricis
400 3826 498 3892 collegit
517 3826 639 3876 Drakenb.
656 3826 688 3876 ad
706 3826 797 3884 Silium,
849 3831 885 3871 ter
896 3830 954 3879 erat,
965 3821 1029 3870 filius
1041 3822 1154 3870 Abantis.

299 3899 393 3946 aeas.
883 3898 938 3947 139.
960 3898 991 3946 In
1006 3906 1126 3959 partesque
1146 3897 1234 3943 eminet
1253 3892 1348 3955 ambra]

335 3972 390 4019 tae.
402 3973 485 4020 Castro
499 3983 615 4036 sequutae,
632 3989 739 4039 pugnans
755 3988 798 4038 pro
849 3973 988 4038 Διαμπερὲς
1001 3971 1049 4020 tale
1065 3969 1140 4019 telum
1152 3970 1182 4017 ab
1193 3969 1300 4017 Homero
1311 3982 1349 4016 ro·

301 4046 395 4094 Perseo.
411 4045 529 4095 aliaue:
548 4051 577 4095 rit
587 4048 661 4112 fortis
674 4057 799 4097 cunnum
849 4055 926 4096 catur.
967 4046 1074 4095 Libreto.
1100 4044 1164 4094 Vide
1184 4041 1216 4092 sd
1237 4042 1274 4092 iii.
1296 4043 1348 4091 311.

300 4121 370 4169 turba
391 4130 491 4169 emim.
525 4121 671 4179 Nasamones,
689 4123 799 4186 Cyrenen
850 4122 984 4170 Libratione
1001 4121 1052 4178 ills,
1067 4119 1103 4169 vis
1121 4117 1230 4166 maxima
1246 4116 1347 4166 addebe

301 4195 445 4244 incolebant.
477 4193 579 4252 Plinius,
598 4199 658 4247 ne.
673 4195 714 4245 uti
729 4195 798 4245 etde
849 4203 887 4245 tor
903 4195 1071 4260 telisyitaqne
1087 4202 1112 4243 et
1126 4194 1184 4242 AEn.
1196 4191 1232 4240 ix.
1249 4192 1306 4240 413.
1322 4191 1348 4238 li·
