2812 5010
365 340 836 407 METAMORPHOSEON
860 341 952 407 LIB.
976 342 1040 409 VI.
1156 344 1222 409 403

177 517 334 591 Sidereo
352 517 495 591 siccata
513 515 616 590 sitim
634 517 788 613 collegit
806 518 854 591 ab
873 528 989 607 aestu;

177 633 385 731 Uberaque
402 635 601 709 ebiberant
618 633 718 708 avidi
736 634 916 708 lactantia
933 635 1025 708 nati.

176 750 291 825 Forte
308 751 434 825 lacum
452 749 617 825 melioris
633 776 741 849 aquae
760 751 956 851 prospexit
973 752 1012 825 in
1030 752 1116 827 imis

173 867 368 942 Vallibus:
398 878 567 965 agrestes
585 867 663 942 illic
681 867 863 942 fruticosa
880 870 1063 964 legebant

175 985 329 1058 Vimina
345 1010 433 1058 cum
446 986 586 1084 juncis,
606 998 832 1084 gratamque
846 987 1049 1085 paludibus
1067 988 1206 1063 ulvam.

176 1100 363 1188 Accessit,
384 1101 586 1201 positoque
605 1127 704 1198 genu
723 1101 873 1177 Titania
887 1112 1024 1181 terram
1159 1108 1234 1178 346

177 1216 337 1306 Pressit,
357 1228 401 1290 ut
417 1218 585 1293 hauriret
602 1219 748 1315 gelidos
768 1231 904 1319 potura
921 1219 1101 1317 liquores.

180 1331 342 1407 Rustica
358 1335 468 1408 turba
485 1346 625 1410 vetant.
667 1336 752 1410 Dea
769 1339 823 1410 sic
842 1337 956 1411 affata
972 1346 1165 1411 vetantes:

179 1457 190 1487 ‘
210 1447 314 1534 Quid
324 1451 533 1549 prohibetis
549 1453 682 1550 aquis?
700 1479 792 1529 usus
803 1453 1014 1529 communis
1026 1477 1241 1551 aquarum?

181 1567 265 1642 Nec
282 1570 402 1643 solem
420 1570 614 1669 proprium
633 1571 670 1644 N
672 1583 792 1661 atura,
811 1597 882 1646 nec
900 1595 988 1644 aera
1004 1570 1108 1657 fecit,
1160 1573 1235 1643 350

179 1685 217 1758 N
220 1710 264 1760 ec
277 1698 411 1761 tenues
430 1689 574 1764 undas:
599 1690 647 1765 ad
665 1691 819 1789 publica
836 1712 993 1763 munera
1009 1686 1116 1778 veni;
1139 1688 1234 1782 [tros

179 1800 275 1886 Quae
294 1812 433 1890 tamen,
451 1813 495 1877 ut
511 1804 625 1894 detis,
645 1807 807 1905 supplex
824 1816 936 1906 peto:
966 1829 1041 1878 non
1059 1829 1129 1901 ego
1147 1828 1234 1877 nos-

181 1917 349 1994 Abluere
366 1919 428 1992 hic
446 1929 562 2009 artus,
581 1923 799 2020 lassataque
817 1922 987 1997 membra
1004 1920 1197 2018 parabam,

181 2035 261 2110 Sed
278 2038 443 2111 relevare
461 2037 583 2113 sitim:
613 2049 716 2113 caret
731 2064 774 2113 os
791 2041 947 2113 humore
965 2039 1169 2134 loquentis

181 2151 234 2225 Et
251 2153 379 2228 fauces
398 2163 526 2243 arent;
547 2154 687 2253 vixque
706 2164 765 2229 est
781 2155 841 2229 via
857 2154 959 2229 vocis
978 2153 1016 2226 in
1034 2153 1129 2241 illis;
1159 2157 1234 2228 355

181 2266 354 2349 Haustus
372 2293 481 2366 aquae
499 2269 591 2343 mihi
610 2279 740 2344 nectar
757 2270 849 2359 erit;
879 2269 1073 2366 vitamque
1090 2268 1237 2344 fatebor

181 2383 390 2484 Accepisse
408 2385 541 2478 simul;
569 2388 685 2462 vitam
702 2386 881 2462 dederitis
899 2386 939 2461 in
956 2386 1070 2460 unda.

1226 580 1237 607 h

214 2587 274 2635 343.
285 2585 353 2635 Forte
364 2590 447 2646 lacum,
458 2588 521 2652 etc]
540 2586 614 2654 Apud
630 2590 684 2638 An·
734 2588 862 2655 cujuslibet
883 2587 971 2637 mentio
991 2587 1056 2637 lacta
1075 2586 1128 2636 fuit.
1163 2587 1236 2636 Porro

181 2660 290 2709 toninum
298 2663 362 2712 venit
374 2663 405 2711 ad
414 2664 524 2713 Melitam
537 2664 615 2728 (apud
625 2666 685 2712 Pro·
735 2662 859 2729 epitheton
869 2665 986 2711 mediocris
997 2661 1104 2726 apprime
1119 2661 1238 2711 consentit

181 2735 250 2792 bum,
278 2734 309 2783 ad
335 2736 441 2796 Melam)
462 2738 563 2802 fontem,
585 2738 684 2802 ejusque
735 2753 790 2786 cnm
798 2736 951 2802 sequentibus
959 2736 1075 2792 versibus,
1086 2736 1134 2784 363
1142 2744 1167 2784 et
1175 2737 1237 2786 ³64:

182 2823 247 2873 aqna
258 2808 293 2857 uti
304 2811 356 2859 vult
370 2810 401 2859 ad
417 2811 548 2860 abluendos
564 2810 667 2860 infantes
677 2829 684 2873 ;
735 2810 822 2860 dicitnr
833 2810 896 2857 enim
907 2809 999 2858 incolas
1008 2811 1145 2872 pedibusque
1155 2828 1237 2859 mann·

182 2881 226 2931 sed
252 2882 371 2947 prohibita
398 2900 413 2933 a
439 2885 559 2943 bubulcis,
582 2883 685 2935 infantes
735 2886 913 2949 qnetnrbaoiese
930 2886 1121 2946 lucunimopnee
1135 2888 1239 2949 gorgite,

182 2963 263 3022 portat
281 2957 312 3005 ad
328 2958 452 3008 Xanthum
466 2959 573 3017 fluvium,
588 2968 612 3009 et
628 2961 685 3010 inde
734 2969 781 3008 etc.
792 2968 816 3009 et
826 2958 863 3006 his
871 2957 948 3007 verbis
956 2957 1063 3006 innuitur
1073 2959 1153 3007 lacum
1164 2959 1236 3009 luisse

184 3046 279 3079 reversa
292 3041 398 3093 pastores
409 3033 490 3099 lapide
500 3050 623 3099 percussos
633 3051 685 3083 mu·
734 3037 876 3084 medioerem.
890 3035 905 3083 J
907 3049 945 3081 am
961 3031 1064 3081 diximus
1075 3033 1169 3081 Heinsii
1180 3050 1238 3083 con-

183 3111 220 3152 tat
241 3103 266 3152 in
280 3120 359 3155 ranas.
392 3107 439 3156 Sed
457 3108 571 3173 majorem
588 3108 686 3158 commi·
731 3109 831 3173 jecturis
848 3123 911 3172 saepe
922 3105 1059 3155 infelicibus
1069 3113 1164 3156 textum
1176 3107 1236 3157 Ovi-

183 3179 326 3228 serationem
349 3180 431 3230 Ovidii
456 3183 595 3246 figmentum
617 3182 685 3232 facit.
735 3182 833 3231 dianum
844 3181 917 3230 luisse
928 3181 1075 3229 subversum.

185 3253 298 3310 Metione,
317 3269 363 3302 non
380 3255 442 3303 rnale
461 3271 486 3303 se
505 3254 594 3317 habet;
611 3273 686 3321 quum
768 3259 826 3305 348.
838 3257 859 3304 Ε
869 3257 938 3304 turbu
948 3265 1038 3304 vetante
1054 3255 1161 3305 aProbo
1173 3271 1238 3305 com·

183 3327 248 3376 enim
266 3329 334 3377 lacus
344 3327 464 3377 turbidam
479 3331 528 3379 fere
540 3346 627 3396 aquam
643 3330 687 3380 ha·
735 3339 878 3379 memoratur
888 3329 997 3378 Neocles
1003 3338 1091 3394 pastor.

182 3401 265 3457 beant,
275 3417 323 3450 non
337 3410 426 3451 temere
442 3411 558 3462 monetur,
569 3405 686 3452 Latonam
768 3405 825 3453 349.
846 3405 909 3458 Quid
924 3405 1055 3466 prohibetis,
1074 3403 1134 3466 etc]
1153 3404 1238 3453 Oratio

184 3475 302 3524 ameliore
318 3491 381 3540 aqua
395 3475 520 3526 invitatam
537 3493 588 3525 esse
607 3476 637 3525 ad
649 3477 686 3526 bi·
736 3477 802 3525 sortis
824 3477 856 3525 ad
883 3477 1074 3543 persuadendum
1096 3485 1120 3524 et
1141 3493 1238 3526 moven-

183 3549 300 3598 bendum.
333 3551 365 3599 Et
386 3553 465 3599 melior
487 3560 550 3601 certo
576 3559 686 3618 respectu
736 3550 802 3598 dum.
837 3551 966 3599 Communis
984 3549 1237 3609 usas51ibroi.135:

183 3621 271 3687 legitur
282 3623 354 3672 etiam
365 3624 381 3672 i.
393 3625 432 3673 79.
445 3626 596 3675 Burmannus
609 3634 686 3691 putat,
738 3626 1008 3674 Communem—humum
1020 3626 1086 3690 longo
1095 3628 1198 3690 signavit
1209 3628 1238 3674 li-

184 3697 330 3747 assentiente
352 3700 465 3764 Verheylc
492 3700 523 3748 ad
544 3701 636 3750 Anton.
661 3703 688 3750 in
736 3702 790 3748 mite
808 3715 902 3747 mensor.
945 3699 1021 3747 Paulo
1042 3706 1104 3764 post,
1125 3700 1150 3747 in
1168 3716 1238 3750 versu

184 3774 284 3820 melione
301 3772 377 3821 latere
396 3790 482 3823 nomen
500 3775 607 3824 Meliten.
639 3776 687 3825 Co·
738 3776 795 3832 ³5³,
806 3791 848 3840 pro
859 3783 933 3831 artus,
943 3772 980 3822 vir
991 3773 1083 3831 doctus,
1095 3774 1120 3822 in
1133 3774 1236 3839 prem.

185 3845 251 3895 dices
264 3846 336 3895 nostri
350 3847 441 3896 habent
459 3852 583 3898 mediocris.
610 3850 687 3898 Hein—
738 3848 775 3898 lit.
792 3848 900 3897 Norimb.
918 3847 1108 3912 conjectantes,
1126 3849 1183 3912 quia
1200 3865 1237 3898 se-

184 3919 258 3969 sianae
279 3921 423 3986 conjecturae
444 3930 468 3972 et
486 3923 524 3972 Cl.
540 3924 623 3989 Glerig
637 3924 688 3989 opi·
739 3922 819 3988 quitur
831 3925 914 3971 lossntn
928 3923 1033 3970 membra.
1066 3922 1106 3970 Ita
1122 3923 1238 3987 respexis-

185 3994 250 4042 nioni
282 3996 398 4060 tantisper
424 3997 604 4048 adhereamus:
630 3998 688 4063 quid
738 3999 863 4064 set'poeta
881 4006 987 4047 auctores
1003 3997 1057 4046 illos
1073 3998 1161 4046 sabula
1178 4015 1239 4063 quos

184 4068 304 4132 significat
330 4069 452 4135 epitheton
473 4073 597 4121 meliorest:
615 4071 688 4136 quod,
738 4072 851 4121 deseruit.
888 4073 971 4136 Vixque
992 4081 1024 4120 est
1045 4075 1101 4131 nio5
1127 4072 1166 4121 vix
1188 4090 1237 4139 prm

185 4157 261 4205 quum
271 4144 472 4208 comparationem
483 4145 581 4204 indicet,
594 4145 627 4194 ibi
643 4146 687 4194 mi·
737 4147 845 4197 siccitate
855 4164 901 4196 vox
913 4156 1026 4213 permeat.

185 4214 251 4265 nime
261 4216 387 4267 convenire
395 4226 482 4283 potest,
490 4219 532 4270 ubi
541 4222 609 4271 nulla
618 4236 687 4286 nque
771 4225 830 4274 357.
859 4224 989 4282 emerem
1016 4221 1040 4272 in
1061 4221 1106 4271 hoc
1122 4221 1241 4273 vocabulo

1237 4510 1351 4722 r
