2812 5010
265 295 273 311 '
376 333 844 401 umnuonruosnou
868 335 958 402 nm.
983 338 1046 405 ιν.
1155 340 1223 406 ers

185 506 414 604 Quocunque
431 508 650 604 ingrederis,
669 510 809 583 clamor
823 458 1028 606 juvenilis:
1033 522 1073 586 et
1089 537 1165 587 una

183 622 366 698 Femineae
383 648 507 711 socen,
527 624 763 724 impulsaque
780 636 963 725 tympana
978 627 1126 725 palmis,
1171 634 1220 703 29

181 738 431 838 Concavaque
445 733 519 814 aera
531 751 677 828 sonant,
689 742 879 840 longoque
889 742 1070 819 foramine
1079 745 1221 819 buxus.

179 852 355 943 Pacatus,
375 855 565 954 mitisque,
585 868 719 954 rogant
738 856 961 945 Ismenides
981 859 1105 949 adsis3

179 968 368 1069 Jussaque
382 996 489 1046 sacra
505 974 655 1048 colunt:
685 974 773 1047 solae
793 972 1008 1072 Minyeides
1029 975 1144 1063 intua,

180 1084 451 1186 intempestiva
466 1090 662 1163 turbantes
679 1088 776 1163 festa
793 1088 976 1177 Minerva,
1093 1099 1095 1103 '

178 1201 254 1277 Aut
272 1203 415 1277 ducunt
432 1205 549 1291 lanae,
569 1215 634 1278 aut
651 1205 811 1279 stamina
827 1206 963 1303 pollice
980 1217 1142 1295 versant,
1170 1212 1217 1280 34

178 1322 254 1395 Aut
271 1319 414 1394 haerent
426 1318 524 1407 telae,
543 1320 777 1418 famulasque
795 1321 984 1396 laboribus
1003 1333 1151 1418 urgent

180 1434 210 1508 E
228 1436 367 1534 quibus
385 1459 460 1509 una
476 1436 548 1511 levi
565 1437 756 1511 deducens
774 1437 910 1535 pollice
928 1436 1049 1523 filum,

208 1729 249 1778 30.
264 1728 410 1792 concavaque
418 1745 474 1785 ero,
483 1729 595 1793 cymbala
603 1745 672 1779 aerea.
722 1731 794 1779 lonas.
816 1728 872 1778 vid.
883 1726 914 1776 ad
924 1727 952 1775 11.
961 1727 1019 1775 411.
1037 1726 1136 1778 etenim
1146 1727 1221 1777 Clau-

179 1803 508 1868 Inngoquefornminebueus.
527 1803 673 1869 Periphrasis
720 1802 786 1852 dian.
804 1819 846 1851 xx.
869 1803 932 1850 385:
961 1801 1052 1850 Vellera
1078 1810 1217 1862 pertenues

179 1885 212 1925 en
232 1875 298 1925 tibiae
317 1891 370 1941 quaa
392 1892 421 1925 ex
448 1878 512 1925 buxo
536 1875 586 1925 fieri
606 1878 672 1926 solet.
713 1875 779 1942 ferra
789 1879 912 1939 producere
921 1878 1000 1923 rimas.
1031 1874 1218 1924 Versnrtalani·

139 2019 142 2023 ι
178 1949 254 2016 longo
267 1949 387 2015 foramine
405 1949 582 2014 explicandum,
602 1950 674 2014 longa
721 1947 1217 2014 ficisdicituretrtanten,filum,etfusus,

177 2024 233 2073 seria
254 2024 404 2080 foraminum,
425 2023 512 2073 docent
529 2023 616 2072 Noster
632 2023 673 2073 xii.
722 2031 749 2072 ut
767 2025 831 2082 221;
852 2021 893 2071 vii.
912 2023 944 2069 22
953 2038 961 2082 ;
985 2020 1067 2072 Tibul.
1083 2022 1118 2069 II.
1135 2023 1152 2071 i.
1167 2023 1217 2072 64:

178 2098 231 2149 lta.
254 2101 349 2164 longave
375 2098 578 2164 multifori*tibto
599 2099 672 2156 bunt,-
723 2096 798 2145 Fusus
808 2099 906 2158 apposito
914 2096 1077 2158 polliceoersat
1084 2111 1146 2157 opus.
1164 2095 1218 2145 He·

177 2168 289 2222 Horatius
305 2173 385 2230 etiam,
395 2172 449 2222 Art.
462 2174 493 2221 P.
504 2174 560 2222 203.
572 2174 627 2221 tibin
639 2181 671 2220 te·
721 2180 774 2218 rent
789 2168 832 2228 rei,
843 2178 884 2218 aut
898 2169 923 2217 in
937 2184 962 2217 re
978 2168 1066 2232 aliqua,
1077 2168 1119 2232 qui
1135 2169 1218 2218 sedulo

177 2248 228 2296 nais
248 2249 384 2310 neuterque
396 2247 516 2312 fmamine
532 2264 625 2308 pauco,-
647 2255 672 2295 et
722 2259 775 2293 eam
791 2250 900 2293 tractant.
929 2242 1218 2299 numerationem.

178 2320 262 2386 tagit.
271 2320 322 2386 qui,
333 2320 432 2370 AEneid.
444 2320 477 2368 ix.
492 2322 548 2368 618.
561 2320 670 2386 Phrygiae
720 2318 796 2367 Attin.
806 2317 856 2366 xiii.
868 2319 898 2365 4.·
916 2317 1010 2365 Herem
1026 2319 1053 2364 in
1065 2319 1132 2378 jure.
1149 2317 1218 2366 Orat.

177 2393 240 2444 tibin
258 2394 352 2458 beforem
368 2404 463 2442 cantum
478 2392 569 2443 tribuit.
595 2393 670 2443 Hein-

176 2469 222 2519 tius
246 2469 394 2534 conjecturat
420 2485 521 2532 uncoque
543 2469 669 2533 foramine,

176 2543 239 2608 quod
249 2543 324 2592 multo
334 2542 416 2591 durius
432 2541 492 2591 toret
506 2541 589 2591 altero.
621 2543 670 2591 Im·

176 2632 213 2666 mo
229 2615 302 2666 lectio
318 2615 420 2673 Heinsii,
435 2630 507 2664 sensu
521 2630 613 2673 carens,
628 2632 670 2664 no·

175 2697 227 2738 strae
238 2689 400 2756 explanationi
411 2688 505 2738 omniuo
516 2699 640 2754 repugnat.

206 2765 248 2814 31.
265 2763 367 2812 Pacatus
379 2772 403 2812 et
420 2765 489 2820 mitis,
499 2764 616 2812 vocabula
632 2779 668 2812 so·

175 2838 256 2887 leunia
286 2832 311 2885 in
339 2836 528 2886 invocationibus
556 2838 670 2886 Deorum.

176 2915 269 2978 Rogant
290 2910 418 2961 Ismenides.
441 2911 562 2959 Thebanae
576 2919 669 2968 matres,

175 2996 201 3036 ut
228 2984 293 3035 felix
313 2984 451 3049 faustusque
475 2983 546 3041 adsis,
572 2998 669 3048 precan-

175 3069 221 3112 tur.

205 3136 248 3184 32.
264 3135 328 3183 Solon
343 3133 386 3182 has
396 3133 448 3182 Deo
463 3130 597 3180 adversatae
610 3146 669 3189 esse,

175 3217 254 3258 monet
263 3207 336 3258 ctiam
346 3206 464 3257 AElianus.
481 3205 549 3255 Intus
555 3223 565 3265 ,·
576 3205 601 3254 in
612 3205 670 3255 aedi·

174 3285 227 3343 bus,
235 3298 310 3349 quum
321 3282 418 3347 reliqua
428 3281 537 3330 mulieres
547 3282 572 3329 in
580 3281 669 3330 Cithe-

174 3373 228 3407 rone
245 3355 427 3406 baccharentur.
464 3355 574 3411 Tartara,
591 3355 668 3420 prola·

176 3446 231 3480 nare
251 3429 324 3495 quod,
346 3430 402 3479 390.
423 3427 580 3478 substituitur.
614 3428 668 3477 Cic.

175 3506 206 3554 Η.
216 3505 250 3554 R.
260 3505 305 3554 16:
323 3521 389 3553 satra
401 3506 507 3566 ludosque
517 3504 667 3561 conturbore5

175 3577 531 3640 Quinctil.1)ecl.265.pnttica
541 3593 605 3624 mmo
618 3586 668 3624 tur·

175 3655 235 3704 lore.
252 3696 254 3699 .
271 3651 430 3715 Intempestive
454 3651 568 3708 Minerva,
596 3666 668 3715 quum

720 2393 737 2442 i.
749 2394 789 2442 38.

752 2469 792 2517 36.
804 2464 999 2531 Urm‚Leucippe.
1018 2463 1216 2514 Deducerezuide
1285 2458 1295 2477 ‘

720 2542 750 2592 ad
760 2542 814 2598 1.,4.
843 2540 899 2588 Leni
907 2541 997 2602 pollice,
1007 2547 1034 2587 ut
1042 2537 1074 2587 vi.
1084 2540 1124 2587 22.
1151 2539 1215 2587 Her-

720 2617 786 2666 cules
803 2624 893 2672 contra,
913 2612 993 2679 Epist.
1010 2612 1045 2662 ix.
1068 2613 1115 2662 77:
1141 2629 1216 2661 cressa

719 2693 808 2740 robusto
824 2691 918 2739 deducit
932 2689 1014 2751 pollice
1024 2688 1081 2752 filo.
1110 2687 1215 2744 Detinet,

719 2764 821 2815 lanificio
831 2771 960 2828 occupatas
970 2762 1064 2810 retinet.
1094 2762 1174 2810 Etiam
1185 2763 1217 2810 ab

718 2838 810 2887 Anton.
829 2853 875 2886 vrr.
893 2835 1011 2902 φιλεργοι.
1041 2836 1103 2898 Opas
1121 2836 1217 2883 lwemus

719 2912 769 2978 ipsa
783 2910 895 2978 explicat,
906 2914 965 2974 quod
983 2919 1080 2973 tempora
1098 2911 1166 2976 longa
1181 2912 1215 2959 oi·

719 2990 769 3037 deri
777 2987 831 3035 Non
840 2990 909 3035 sinat.
925 2985 992 3034 Infra
1002 2986 1059 3035 295.
1070 2984 1103 3033 sic
1115 2988 1218 3034 minuere

721 3063 825 3111 laborem.
843 3059 929 3125 Virgil.
940 3059 1029 3124 Georg.
1039 3059 1057 3108 i.
1069 3060 1126 3108 293.
1134 3066 1217 3108 texens

719 3135 804 3184 mulier
822 3139 913 3200 longam
927 3143 999 3182 cantu
1013 3135 1100 3183 soletur
1111 3134 1216 3182 laborem.

719 3209 766 3258 Sed
784 3224 839 3258 cum
860 3207 905 3257 hoc
926 3208 979 3256 loco
1000 3207 1080 3256 confer
1095 3205 1121 3255 in
1136 3206 1217 3272 primis

719 3284 807 3348 Georg.
816 3282 849 3331 iv.
859 3284 918 3331 345.
929 3281 971 3332 ubi
982 3281 1098 3347 Clymene
1109 3279 1170 3328 inter
1180 3296 1217 3328 so-

718 3354 1117 3421 roresvelleracarpentesDeomm
1125 3369 1216 3402 amores

719 3437 806 3478 narrat.
836 3428 905 3477 Vario
921 3444 1028 3486 sermone,
1040 3427 1111 3477 variis
1121 3424 1216 3476 labellis

718 3503 820 3552 vicissim
836 3501 967 3551 narrandis.
997 3503 1093 3557 Vacuus,
1112 3516 1158 3549 non
1175 3515 1214 3548 oo-

719 3585 816 3642 cupatas
823 3574 875 3624 aliis
885 3576 954 3624 robus
965 3573 1089 3624 audiendis
1098 3591 1105 3634 3
1115 3573 1150 3621 iii.
1158 3572 1215 3621 319.

718 3668 791 3699 omno
801 3650 872 3698 June.
890 3649 929 3697 Sic
940 3647 1045 3713 sequitur
1055 3647 1154 3711 longum
1164 3645 1214 3711 epi·

175 3729 250 3779 alieno
271 3737 375 3792 tempore
393 3740 489 3791 operam
502 3725 590 3778 ,darent
608 3723 669 3772 lani·
718 3723 809 3773 sodium
821 3721 938 3787 usquead
948 3737 997 3770 ver.
1007 3721 1071 3783 388:
1090 3734 1137 3784 quo
1150 3734 1214 3768 com·

175 3804 234 3861 ficio,
243 3801 284 3851 cui
295 3800 406 3850 Minerva
416 3808 526 3866 praeerat.
539 3797 632 3846 AElian.
644 3795 669 3846 αἱ
718 3796 788 3845 mode
799 3796 887 3861 jocosa
905 3793 995 3859 aliquot
1009 3801 1034 3842 et
1048 3791 1167 3841 amatoria
1179 3793 1214 3842 la·

175 3880 218 3942 ptv
229 3876 363 3943 resplende
378 3873 460 3942 ἱστοὺς
475 3872 543 3937 εἶχον
558 3872 598 3920 καὶ
611 3870 669 3919 tero·
719 3871 789 3920 bella
814 3870 1033 3933 internamque
1056 3866 1094 3915 vix
1121 3866 1214 3924 melius,

174 3956 261 4002 votvm
280 3950 338 4015 περὶ
360 3949 408 4009 τὴν
426 3945 561 4012 Ἐργάνην.
596 3945 670 3992 Tertia
720 3960 791 4010 quam
810 3961 825 3993 a
842 3943 979 3994 mulieribus
999 3940 1214 3999 confabulantibus,

175 4030 261 4090 operum
273 4026 382 4073 Minerva
396 4020 547 4077 dixitTibul.
558 4020 593 4068 11.
604 4020 619 4068 i.
630 4021 669 4068 65.
719 4027 848 4067 narrantur.
882 4018 971 4066 Earum
994 4028 1118 4064 numerum
1143 4022 1214 4078 auget

176 4104 220 4151 Aut
231 4099 572 4161 ductent-laboribusurgent,
583 4095 669 4160 triplex
719 4095 830 4141 dubitatio
849 4090 929 4156 primae
947 4088 1051 4139 mulieris
1068 4096 1092 4138 et
1110 4086 1214 4154 praeteri-

176 4175 297 4225 muliemm
316 4175 453 4222 Graecarum
473 4187 539 4236 opus.
572 4169 669 4218 Ducunt
720 4166 987 4218 tioteoiaeeto-tat.
