2812 5010
256 333 726 411 METAMORPHOSEON
750 333 842 405 LIB.
865 334 928 400 IV.
1044 340 1109 407 291

64 510 273 607 Ambiguus
288 507 521 587 fueritmodo
533 509 600 596 vir,
611 508 884 597 modulamina,
899 510 1081 610 Scythen.

110 628 167 703 Te
194 650 359 725 quoque,
388 650 489 700 nunc
517 625 683 711 adamas,
712 627 902 724 quondam
929 627 1110 704 fidissime

213 767 350 842 parvo,
1035 751 1104 819 281

61 861 200 947 Celmi,
219 860 242 934 J
245 859 324 948 ovi;
353 859 534 955 largoque
552 868 655 932 satos
674 857 835 932 Curetas
853 860 901 935 ab
919 860 1041 947 imbri,

59 976 111 1051 Et
129 977 279 1051 Crocon
296 976 335 1050 in
353 999 488 1074 parvos
506 1000 654 1052 versum
672 999 758 1049 cum
778 975 942 1052 Smilace
960 977 1083 1064 flores,

59 1091 274 1180 Praetereo;
304 1092 482 1189 dulcique
500 1092 643 1167 animos
661 1091 824 1170 novitate
842 1095 991 1167 tenebo.

111 1207 226 1283 Unde
244 1209 293 1282 sit
310 1208 480 1298 infamis3
511 1232 627 1306 quare
645 1209 743 1283 male
761 1207 920 1282 fortibus
938 1211 1049 1285 undis

62 1323 247 1400 Salmacis
265 1333 431 1409 enervet,
450 1334 649 1422 tactosque
666 1325 850 1401 remolliat
867 1336 982 1413 artua,
1034 1333 1107 1402 286

62 1438 230 1516 Discite:
259 1464 375 1515 causa
390 1440 483 1513 latet
499 1465 508 1513 :
536 1440 592 1512 vis
610 1450 670 1513 est
686 1439 881 1515 notissima
897 1437 1021 1517 fontis.

64 1555 255 1632 Mercurio
273 1579 431 1656 puerum
448 1557 535 1633 diva
553 1556 783 1655 Cythereide
801 1567 931 1630 natum

58 1739 84 1790 ii.
96 1740 121 1789 8.
157 1741 270 1805 Scythen:
294 1741 333 1790 De
350 1741 462 1804 Scytluue
480 1740 562 1790 labula
610 1747 689 1789 mente
703 1748 783 1789 autem
800 1740 865 1789 Sexti
881 1740 988 1807 Pompeii
1003 1744 1110 1808 nequitia

58 1815 175 1881 ignorata.
610 1830 735 1879 puerorum
745 1815 934 1880 puellarumque,
943 1816 1075 1880 promiscue
1085 1820 1110 1869 in

93 1892 151 1938 282.
169 1889 266 1945 Gelonus,
285 1896 327 1937 aut
346 1887 561 1946 columnarium
611 1888 656 1937 hoc
667 1905 691 1938 se
701 1890 766 1938 sonte
775 1890 915 1947 lavantium,
923 1889 1038 1955 originem
1049 1893 1109 1943 insa

59 1963 136 2021 Jovis,
148 1963 195 2021 cui,
206 1964 262 2012 dum
272 1980 357 2024 porrus
367 1971 425 2020 erat,
436 1965 530 2028 etfidut
538 1972 562 2013 et
611 1961 664 2011 mie
676 1962 783 2013 dederat.
815 1963 856 2012 Ab
866 1963 1006 2014 effeminatis
1017 1969 1109 2018 accola-

59 2039 187 2088 admodum
198 2046 278 2102 gratus
288 2037 343 2088 fuit.
368 2038 415 2088 Sed
424 2055 561 2104 quumpos·
610 2053 662 2089 rum
683 2037 787 2087 moribus
805 2038 868 2088 hanc
887 2038 1010 2089 infamiam
1028 2051 1110 2106 poetas

59 2120 99 2162 tea
116 2111 244 2177 vulgasset,
258 2112 343 2161 Jovem
358 2128 409 2161 esse
428 2112 560 2170 mortalem,
611 2111 757 2160 transtulisse
768 2111 799 2160 ad
810 2111 908 2168 sontem,
920 2122 1001 2162 monet
1016 2116 1108 2176 Strabo,

58 2186 84 2235 in
100 2189 243 2235 adamantem
258 2185 288 2234 ab
304 2193 478 2234 eoversusest.
512 2185 559 2234 Cu·
609 2185 652 2235 lib.
664 2187 713 2235 xiv.
746 2187 827 2235 Aucta
843 2195 879 2235 est
894 2187 977 2236 sabula
991 2205 1027 2246 eo,
1043 2192 1108 2256 quod

58 2271 117 2308 retes
127 2259 208 2315 iidem,
220 2259 261 2324 qui
275 2260 428 2324 Corybantes.-
441 2258 496 2308 vide
507 2260 557 2324 Hy·
609 2259 688 2310 vicina
698 2268 766 2309 erant
775 2260 876 2310 Veneris
887 2268 911 2309 et
922 2262 1036 2311 Mercurii
1047 2271 1108 2313 tem-

57 2333 109 2398 gini
119 2334 168 2382 lab.
182 2335 236 2383 139.
246 2335 326 2399 ibique
341 2335 452 2384 Munker.
485 2336 560 2384 Erant
608 2333 657 2398 pla,
668 2351 721 2398 quae
734 2335 951 2397 Hermaphroditum
966 2348 1108 2399 genuerunt.

58 2407 217 2472 antiquissimi
235 2409 312 2458 Crete
331 2409 426 2458 incola.
458 2410 495 2457 Ex
514 2408 558 2457 im·
609 2409 639 2456 In
655 2407 756 2457 Anthol.
772 2424 797 2473 p.
810 2410 866 2456 130.
879 2415 945 2458 extat
961 2409 1108 2475 epigramma

56 2483 140 2531 bribus
150 2483 265 2546 procreati
276 2484 423 2534 dicebantur.
450 2484 497 2533 Sed
508 2484 558 2550 ple·
608 2479 713 2546 elegans,
721 2481 786 2545 quod
796 2498 888 2531 omnem
900 2483 930 2530 ab
942 2482 987 2531 hoc
998 2484 1061 2534 sonte
1072 2486 1108 2535 iu·

58 2572 133 2621 raque
144 2556 174 2604 de
185 2555 213 2604 iis
221 2557 303 2621 ignota
313 2567 377 2607 sunt.
409 2562 453 2616 Ab,
463 2576 502 2608 ex.
607 2554 704 2619 lamiam
711 2555 829 2605 amolitur.
845 2558 932 2606 Noster
937 2572 987 2605 rem
993 2574 1072 2608 mrsus
1079 2577 1109 2610 ex

91 2632 150 2680 283.
162 2632 249 2688 Grecos,
257 2631 402 2689 adolescens,
411 2649 483 2696 quem
493 2648 558 2682 ama·

58 2706 102 2754 bat
119 2705 213 2753 Smilor.
246 2705 326 2754 Ambo
343 2706 368 2754 in
385 2707 454 2755 flores
472 2722 558 2770 cogno-

57 2778 166 2828 nomines
183 2778 267 2827 mutati
285 2788 349 2829 sunt.
383 2781 456 2830 Multi
475 2781 559 2845 legunt

58 2854 156 2903 Mimo.
197 2853 334 2909 Salmasius,
360 2853 386 2903 in
409 2856 507 2904 exercit.
528 2855 559 2904 ad

56 2928 121 2977 Plin.
137 2928 193 2977 733.
208 2928 278 2977 docet
291 2927 385 2978 differre
400 2930 519 2981 Smilueem
535 2938 560 2979 et

59 3003 179 3051 Milouem.
212 3001 275 3051 Vide
296 3012 377 3053 tamen
397 3005 509 3054 Munker.
528 3005 559 3055 ad

57 3079 170 3127 Lactant.
181 3076 282 3141 Argum.
318 3078 413 3135 Tenebo,
425 3079 558 3129 oblectabo.

607 2628 696 2679 sabulis
712 2628 807 2694 repetit.
840 2631 905 2679 Male
915 2632 992 2695 jorres
1009 2632 1108 2692 dictum,
1156 2652 1157 2655 ¹

608 2711 635 2751 ut
645 2704 699 2752 187.
716 2722 762 2752 nou
778 2707 866 2764 tristis,-
889 2707 947 2754 male
964 2705 1028 2755 enim
1045 2724 1108 2773 saepe

608 2784 689 2842 negat,
710 2786 737 2827 ut
758 2780 816 2827 rmle
838 2796 914 2837 sunus,
936 2782 993 2828 mels
1012 2784 1108 2832 sobrius.

609 2851 741 2910 Remollo'ot,
756 2854 857 2903 molliat.
890 2855 938 2904 Vix
953 2855 998 2904 hoc
1014 2871 1109 2921 compo-

608 2924 680 2975 situm
690 2927 725 2976 sic
735 2928 800 2991 apud
810 2929 967 2993 antiquiorem
973 2930 1109 2995 scriptorem

608 3002 717 3051 occurrit.
749 3003 887 3052 Secundum
904 3004 998 3052 Vitruv.
1016 3021 1109 3056 ommes

608 3080 681 3126 morbo
688 3079 818 3140 implicabat
829 3081 867 3144 (in
876 3095 984 3129 venerem
993 3081 1109 3145 proclives

58 3151 283 3208 Neritus,nondum
294 3152 500 3216 vulgatalabula;
517 3170 559 3202 no·
607 3151 736 3213 reddebat)
745 3168 794 3210 eos,
803 3155 844 3218 qui
854 3153 909 3202 inde
920 3153 1036 3202 biberant.
1060 3156 1109 3206 Pro

57 3241 95 3274 vae
112 3232 192 3274 autem
209 3225 296 3274 fabule
312 3229 390 3275 dalem
405 3235 468 3284 sunt,
482 3227 559 3276 liben·
608 3241 637 3273 eo
656 3242 722 3282 mox,
733 3228 809 3276 molles
827 3237 850 3275 et
866 3229 990 3288 impudicos
1006 3231 1110 3279 reddere.

58 3299 149 3349 tissime
163 3299 300 3350 audiuntur.
325 3302 409 3351 Horat.
417 3301 450 3350 A.
462 3303 491 3352 P.
502 3305 559 3353 223.
607 3297 647 3348 Sic
655 3308 679 3348 et
687 3300 751 3364 apud
758 3301 897 3349 Strabonem
908 3298 931 3348 d.
936 3299 954 3348 l.
964 3301 1109 3365 μαλακίζειν

57 3384 128 3440 grute
137 3378 239 3424 sevitute
249 3379 334 3425 mereri
343 3386 484 3438 spectatores.
608 3373 696 3438 capies.
723 3376 802 3432 Quam
808 3373 856 3423 vim
867 3382 947 3423 autern
957 3375 1045 3424 Noster
1054 3375 1079 3423 h.
1087 3394 1109 3426 v.

90 3449 148 3496 285.
159 3447 258 3510 Infamia
265 3448 330 3513 apud
337 3451 436 3498 Veteres
442 3450 560 3510 Salmacis,
608 3447 744 3512 subjecerit,
756 3445 869 3498 ex'versu
884 3449 941 3496 885.
953 3458 1060 3513 apparet,
1072 3451 1108 3499 fa·

56 3521 110 3570 lons
126 3521 269 3579 cmmhoc
287 3522 465 3588 nomine,quod
484 3539 513 3572 ex
530 3540 559 3572 eo
609 3521 816 3572 ceresemivimm.
844 3521 1110 3587 Ietetmempevulgo.

54 3595 175 3651 bibentes,
189 3611 265 3660 eoque
275 3612 301 3644 se
311 3596 420 3645 lavantes
432 3596 560 3656 effeminet,
608 3596 671 3660 Ergo
678 3595 789 3644 Alcithoe
795 3611 848 3645 eam
857 3597 908 3647 vult
916 3596 1043 3661 explicare.
1063 3599 1109 3655 Vis,

57 3667 214 3732 molliatque:
235 3669 300 3718 conl.
311 3687 353 3719 xv.
365 3672 422 3720 319.
455 3671 559 3720 Causam
609 3678 694 3719 natura
704 3669 826 3718 mirabilis.

54 3741 126 3807 hujus
136 3741 240 3791 inlamiae
251 3742 411 3807 quaesiverunt
419 3743 496 3793 multi.
514 3745 558 3793 Vi·
639 3746 696 3794 288.
707 3745 824 3794 Mercurio
831 3747 950 3810 puerum]
970 3747 1042 3796 Hunc
1051 3765 1110 3812 pue·

55 3815 143 3873 truvio,
155 3816 181 3865 ii.
193 3819 217 3867 8.
235 3817 348 3867 credibile
363 3818 465 3876 videtur,
483 3819 559 3868 Caras
607 3834 668 3876 rum,
687 3835 702 3868 a
722 3819 861 3884 parentibus
882 3821 1110 3886 Hermaphroditum

54 3889 170 3938 barbaros
180 3898 205 3938 et
220 3890 328 3940 efferatos
346 3892 472 3941 dulcedine
488 3893 559 3958 hujus
609 3892 707 3950 dictum,
719 3893 837 3957 Hyginus,
849 3893 898 3941 lab.
908 3896 964 3942 271.
976 3895 1000 3942 in
1012 3896 1111 3960 ephebis

54 3963 129 4012 fontis
139 3965 237 4013 allectos
248 3982 307 4023 esse,
319 3975 346 4015 ut
356 3983 386 4015 ex
397 3968 517 4016 montibus
528 3967 560 4017 ad
609 3966 781 4016 formosissimis
798 3976 913 4018 recenset.
947 3969 978 4016 In
994 3986 1047 4031 quo,
1063 3979 1110 4018 etc.

55 4053 113 4090 eum
140 4039 300 4099 decurrerent,
321 4040 410 4106 ibique,
436 4058 510 4106 quum
534 4042 559 4091 in
610 4041 672 4090 Plin.
684 4041 716 4090 V.
725 4042 770 4108 Ep.
778 4042 827 4090 xvi.
836 4042 885 4090 filia
892 4053 982 4105 putrem
990 4048 1110 4107 exscripse-

56 4129 130 4163 unam
150 4113 288 4166 societatem
307 4116 457 4172 coaluissent,
476 4116 558 4182 paula-
609 4125 656 4173 rut,
667 4115 741 4167 veluti
758 4116 789 4167 ad
807 4115 936 4182 imaginem
952 4117 1026 4184 patris
1044 4118 1112 4184 picta

55 4186 100 4235 tim
111 4187 229 4240 molliores
244 4206 321 4240 mores
335 4200 489 4240 assumerent.
522 4194 559 4240 Ex
609 4199 668 4243 erat.
