2812 5010
107 325 172 390 170
378 322 441 388 .P.
465 322 628 390 OVIDII
652 322 876 389 NASONIS·
933 335 937 342 '

109 495 265 594 Excipit
283 494 481 583 Eridanus,
501 496 758 594 fumantiaque
776 480 896 572 abluit
911 520 989 571 ora.

160 613 303 687 Naides
322 612 518 710 Hesperiae
536 613 660 688 trifida
676 613 861 688 fumantia
877 614 1031 687 flamma
1081 617 1153 687 325

110 728 279 827 Corpora
312 727 404 802 dant
434 729 592 817 tumulo,
624 729 854 828 signentque
883 730 958 832 hoc
990 729 1155 803 carmine

258 869 413 919 saxum:

109 967 134 999 “
153 960 227 1034 Hic
246 961 340 1035 situs
359 970 418 1035 est
435 961 646 1050 Phaethon,
665 986 796 1037 currus
814 961 944 1057 auriga
960 959 1130 1058 paterni;

109 1076 233 1160 Quem
251 1076 375 1150 sinon
393 1075 526 1164 tenuit,
545 1079 691 1175 magnis
707 1090 835 1152 tamen
854 1077 997 1152 excidit
1015 1074 1154 1150 ausis.'’

109 1191 209 1266 Nam
227 1203 335 1291 pater
352 1193 535 1266 obductos
554 1195 658 1268 luctu
676 1193 901 1268 miserabilis
920 1217 1020 1289 aegro
1092 1205 1097 1226 ¹

109 1307 342 1382 Condiderat
359 1309 507 1398 vultus3
538 1318 588 1397 et,
609 1309 640 1383 si
660 1310 772 1383 modo
791 1309 992 1395 credimus,
1011 1331 1131 1381 unum

108 1423 190 1499 Isse
209 1426 307 1500 diem
327 1425 408 1498 sine
429 1426 517 1500 Sole
531 1424 677 1501 ferunt:
707 1426 883 1500 incendia
899 1427 1028 1498 lumen
1080 1428 1151 1497 331

108 1539 359 1629 Praebebant;
389 1540 602 1638 aliquisque
621 1543 719 1616 malo
733 1541 805 1615 fuit
823 1566 913 1615 usus
932 1541 970 1613 in
987 1540 1065 1614 illo.

107 1654 159 1727 At
178 1655 376 1753 Clymene,
391 1666 594 1754 postquam
612 1656 710 1731 dixit
727 1681 966 1755 quaecunque
983 1655 1136 1730 fuerunt

109 1770 155 1845 In
173 1772 286 1846 tantis
304 1773 465 1847 dicenda
481 1772 603 1861 melia,
619 1775 801 1871 lugubris,
821 1785 860 1848 et
877 1798 1020 1860 amens,

139 2023 198 2071 324.
216 2023 331 2087 Excipit]
366 2025 447 2089 longe
468 2025 557 2091 quippe
575 2028 606 2076 ab
655 2025 757 2093 proprie,
765 2024 861 2075 conditi.
873 2023 925 2074 Cic.
934 2022 1041 2088 Leggdi.
1048 2024 1089 2070 22.
1106 2023 1157 2070 No-

108 2095 454 2162 AEthiopiadistatEridanus:
467 2099 543 2150 Ένθα
552 2101 606 2152 ποτ’
655 2101 714 2150 mini
735 2101 763 2172 in
781 2100 856 2150 titulis
877 2100 979 2148 breviter
1003 2097 1158 2146 ascribeban-

108 2172 251 2222 αἰθαλόεντι
269 2175 356 2231 τυπεὶς
378 2176 442 2238 πρὸς
461 2174 551 2240 στέρνα
568 2195 606 2226 κε·
656 2184 694 2223 tur
704 2184 833 2240 resgestae.
863 2170 1156 2231 Tenuit,obtinuit,tueri,

106 2248 200 2314 ραυνῷ,
216 2245 336 2312 Ὴμιδαὴς
355 2247 455 2299 Φαέθων
472 2248 548 2299 πέσεν
562 2252 607 2316 ἅρ-

106 2341 185 2388 ματος
210 2320 324 2372 Ἠελίοιο.
356 2323 470 2388 Apollon.
491 2324 524 2373 iv.
545 2326 605 2390 Arg.

109 2399 157 2446 Oro
184 2399 266 2453 obluit,
293 2404 320 2444 ut
347 2398 411 2462 apud
437 2399 606 2456 Claudianum,

107 2470 191 2519 xxviii.
208 2473 255 2519 166
264 2488 271 2530 3
288 2472 330 2519 ubi
346 2471 465 2520 Eridanus
484 2473 548 2537 palla
565 2490 606 2522 ve-

117 2553 179 2602 atus,
190 2544 229 2594 cui
247 2545 372 2594 Phaethon
387 2547 500 2603 intextus,
511 2551 607 2597 uulnem

118 2620 262 2666 uuitanhclt'.

140 2694 278 2741 ans-³66.
298 2693 384 2742 Naides
403 2693 526 2756 Hesperia,
544 2697 604 2760 eto]

108 2766 213 2814 Ultimus
240 2774 316 2822 actus,
342 2766 381 2832 qui
409 2769 608 2833 metamorphosin

107 2839 221 2895 continet,
230 2850 325 2906 propter
333 2857 405 2905 quam
412 2836 487 2890 omnis
494 2842 523 2890 de
531 2843 607 2892 Phae-

107 2913 189 2961 thonte
200 2914 247 2962 lab.
257 2923 360 2963 narrata.
388 2915 474 2964 Naides
485 2906 608 2979 Hesperia,

108 2987 218 3051 nymphae
235 2989 340 3037 Italica:
366 2989 421 3038 vide
440 2991 471 3039 ad
488 3006 539 3039 ver.
551 2993 607 3041 258.

110 3061 198 3129 Tpifida
212 3064 320 3126 flamma.
349 3063 467 3121 Fulmina,
489 3065 553 3128 quod
572 3065 607 3116 ita

106 3133 259 3201 pingebatur.
293 3138 328 3186 Ut
345 3137 408 3187 enim
430 3138 518 3187 tridens
537 3141 605 3206 Nep-

108 3216 173 3265 tuno,
190 3209 224 3258 sic
243 3209 347 3260 trifidum
362 3212 451 3260 fulmen
471 3213 606 3263 attribuitur

106 3285 124 3333 J
125 3284 171 3332 ovi.
203 3285 225 3332 A
238 3284 325 3350 triplici
338 3295 454 3350 potestate
469 3287 503 3335 sic
514 3288 606 3336 dictum

107 3359 202 3407 volunt:
214 3359 267 3408 lerit
278 3359 349 3417 enim,
360 3369 477 3424 penetrat,
485 3369 510 3410 et
520 3362 605 3412 adurit.

12 3444 14 3447 ’
107 3431 229 3490 Tumulus,
247 3438 329 3498 χῶμα,
350 3442 413 3483 terra
434 3443 549 3493 extructa,
566 3436 605 3485 cui

102 3525 209 3570 vcorrrorn,
224 3512 385 3566 amaricatur
399 3518 440 3558 ant
456 3510 606 3561 mandantur.

107 3583 199 3640 Sanum,
210 3583 288 3640 λιθὸς,
300 3583 391 3643 στήλη,
403 3583 514 3631 columna
525 3584 605 3648 sepul-

106 3659 184 3714 cralis,
206 3657 298 3722 cippus.
339 3658 453 3713 Carmine,
472 3657 604 3723 ἐπιγραφῇ,

106 3730 189 3792 titulo;
206 3746 261 3779 narn
278 3748 379 3786 carmen,
396 3747 545 3795 quaecunque
559 3731 605 3782 sor·

107 3805 173 3852 mula
184 3806 316 3855 verborum.
343 3807 451 3870 Signum,
459 3806 605 3871 insculpunt,

106 3879 205 3926 verbnm
232 3879 359 3942 proprium·
371 3877 397 3926 in
419 3878 464 3927 hac
484 3895 523 3928 re:
550 3881 605 3929 vide

107 3950 240 4000 Heinsium.
283 3952 354 3999 Tales
382 3960 462 4000 autern
487 3953 604 4019 inscripti-

107 4039 164 4074 ones
178 4023 256 4089 prisca
270 4024 313 4072 illa
328 4033 385 4073 artas
399 4025 523 4090 ignoravit.
556 4027 605 4075 Ini-

55 4141 57 4146 .
107 4098 167 4147 tiron
192 4098 289 4146 solenne
316 4098 451 4164 hujusmodi
472 4099 603 4158 titulorum,

109 4173 156 4222 Hic
165 4177 222 4222 situs
233 4181 272 4228 est,
285 4179 326 4220 aut
335 4174 452 4235 hicjccet.
486 4174 531 4222 Siti
542 4175 605 4222 enim

656 2263 736 2311 regere
758 2248 851 2313 potuit3
880 2262 968 2310 magna
989 2254 1069 2294 tamen
1090 2251 1159 2293 erant

656 2335 722 2377 ausa,
733 2320 819 2385 quibus
829 2319 927 2368 excidit.
952 2321 1013 2369 Haec
1024 2319 1077 2383 ipsa
1084 2318 1160 2366 verba

656 2399 814 2458 quem—ausis
845 2394 876 2443 ad
903 2394 997 2443 virtutis
1025 2391 1158 2441 studiosum

657 2470 779 2518 transtulit
796 2471 897 2524 Seneca,
916 2467 946 2517 de
960 2467 1020 2516 Vita
1036 2468 1123 2522 Beata,
1134 2481 1158 2514 c.

657 2543 706 2592 xxi.
718 2544 757 2593 cf.
768 2545 839 2592 etiam
851 2543 881 2591 de
892 2544 962 2591 Prov.
973 2546 998 2592 5.
1008 2549 1070 2590 extr.
1080 2540 1160 2589 Aliter

658 2626 737 2666 autem
743 2616 861 2684 judicavit
868 2618 952 2666 Horat.
959 2617 1006 2667 IV.
1014 2616 1062 2666 Od.
1069 2616 1102 2664 xi.
1110 2617 1158 2664 25:

659 2694 739 2742 Terret
749 2697 864 2742 ambustus
875 2694 993 2741 Phaethon
1004 2707 1086 2740 ancras
1093 2707 1150 2753 spes.

690 2771 747 2817 329.
765 2769 847 2832 Num]
883 2767 991 2824 Librarii,
1002 2766 1044 2831 qui
1057 2766 1119 2813 Num
1133 2766 1159 2814 in

658 2844 690 2891 At
716 2841 848 2898 mutarunt,
870 2841 1018 2905 ignorabant,
1044 2857 1098 2887 nam
1124 2839 1160 2889 sic

657 2917 722 2982 poni,
734 2925 762 2965 ut
775 2914 1002 2980 subintelligendum
1014 2913 1045 2962 sit
1057 2913 1159 2978 aliquid,

657 2991 732 3041 veluti
749 2991 798 3040 h.l.
809 2999 877 3056 pater
891 2990 988 3056 quidem
1000 2991 1090 3045 aberat,
1101 3005 1160 3037 narn

657 3067 686 3123 is,
697 3075 744 3115 etc.
760 3065 800 3114 Sic
810 3076 834 3114 et
844 3066 877 3113 vi.
887 3066 944 3113 271.
979 3064 1095 3112 obducere
1105 3064 1161 3112 vul·

656 3148 715 3197 tum,
734 3140 764 3188 ad
784 3156 908 3188 moerorem
928 3154 1083 3204 componere:
1109 3140 1161 3188 Ca-

655 3217 723 3264 saub.
735 3216 766 3263 ad
776 3217 876 3263 Sneton.
887 3215 941 3262 Tib.
952 3215 992 3261 68.
1023 3215 1104 3278 AEger,
1116 3215 1160 3278 qui

655 3305 710 3337 eum
727 3289 843 3338 reddebat
858 3305 956 3353 regrum,
974 3296 1001 3336 ut
1018 3304 1078 3352 ager
1092 3306 1160 3337 amor

655 3363 724 3426 Virg.
739 3363 827 3426 Georg.
845 3362 877 3410 iv.
893 3363 949 3410 464.
982 3362 1037 3418 isse,
1052 3361 1159 3418 fluxisse,

655 3438 832 3502 praeterlapsum
848 3452 909 3486 esse.
950 3438 1095 3499 Aliquisque,
1106 3444 1157 3485 etc.

656 3511 821 3576 ineptissimus
827 3510 904 3576 jocus.
923 3511 1011 3558 Parum
1018 3525 1082 3557 saure
1090 3526 1159 3559 men·

656 3583 686 3632 tis
696 3592 732 3632 est
745 3583 771 3631 in
786 3582 869 3631 mnndi
884 3583 980 3632 interitu
994 3583 1087 3647 jocari:
1103 3600 1160 3632 usus

655 3660 681 3707 in
698 3659 748 3714 illo,
759 3665 786 3706 ut
801 3656 851 3706 riv.
863 3659 920 3708 268.
931 3673 985 3706 usna
1001 3661 1027 3705 iu
1035 3658 1115 3723 solim·
1133 3677 1160 3709 x.

655 3734 712 3780 213.
723 3734 784 3782 color
794 3735 820 3779 iu
830 3733 887 3779 illis.

688 3808 744 3855 ³34.
756 3807 883 3871 Lugubres,
894 3812 973 3854 vestes
983 3806 1095 3870 lugubres
1105 3805 1159 3856 sive

655 3888 718 3928 atras
732 3879 826 3936 induta,
839 3880 897 3928 torte
908 3887 932 3927 et
942 3878 1039 3927 resectis
1054 3879 1158 3928 tonsisue

654 3953 757 4018 capillis.
793 3955 895 4002 Laniare
909 3969 980 4017 grave
996 3955 1103 4009 verbum,
1114 3954 1159 4002 sed

655 4039 737 4092 aptum
754 4029 831 4077 luctui
848 4027 964 4077 acerbiori
980 4027 1157 4091 antiquissimo-

654 4119 706 4150 rum
722 4113 747 4151 et
765 4103 858 4151 rudium
877 4103 955 4151 adhuc
973 4101 1102 4158 hominum,
1113 4103 1159 4168 qui

654 4177 773 4241 unguibus
790 4176 850 4226 adeo
864 4193 905 4226 ora
920 4185 945 4225 et
958 4184 1054 4241 pectora
1069 4176 1158 4241 palmis
