2812 5010
170 321 236 387 180
463 319 504 384 Ρ.
527 318 690 386 OVIDII
714 319 926 387 NASONIS

164 496 246 569 ‘Vix
264 495 393 568 oculos
411 495 550 569 attollit
566 495 703 585 humo;
732 518 815 582 nec,
835 505 878 569 ut
895 505 982 569 ante
1002 494 1162 581 solebat,

169 611 193 685 J
196 622 312 685 uncta
330 611 423 685 Deae
441 610 562 698 lateri,
582 636 652 685 nec
670 621 751 686 toto
770 621 829 685 est
847 612 996 709 agmine
1012 612 1155 710 prima:

73 759 76 765 ¹
171 728 251 802 Sed
269 727 379 816 silet3
409 738 449 801 et
464 726 544 800 laesi
562 728 630 800 dat
647 727 756 824 signa
773 728 909 801 rubore
927 727 1096 826 pudoris.
1146 730 1222 800 450

172 843 235 932 Et,
255 845 326 917 nisi
345 845 448 941 quod
465 845 569 942 virgo
587 855 657 933 est,
678 857 826 944 poterat
844 844 984 944 sentire
1003 844 1129 919 Diana

171 960 279 1035 Mille
297 962 396 1034 notis
414 963 588 1060 culpam:
619 962 809 1061 Nymphae
828 962 993 1036 sensisse
1010 961 1193 1036 feruntur.

173 1078 277 1151 Orbe
294 1078 540 1174 resurgebant
555 1079 699 1151 lunaria
716 1102 857 1152 cornua
873 1102 993 1167 nono;

171 1192 298 1278 Quum
317 1192 402 1267 Dea
418 1193 603 1281 venatrix,
622 1193 795 1268 fraternis
813 1193 995 1290 languida
1012 1192 1189 1278 flammis,

174 1309 300 1384 Nacta
316 1334 450 1384 nemus
475 1310 653 1407 gelidum,
673 1311 816 1408 dequo
838 1334 925 1383 cum
949 1332 1140 1383 murmure
1168 1309 1220 1382 la-

172 1412 272 1512 Ibat,
292 1436 331 1500 et
349 1427 496 1501 attritas
514 1429 690 1502 versabat
707 1429 807 1501 rivus
825 1451 969 1503 arenas.
1016 1428 1128 1522 [bens
1146 1429 1220 1498 455

173 1545 228 1617 Ut
245 1545 328 1617 loca
344 1544 523 1632 laudavit,
543 1571 708 1620 summas
726 1547 824 1645 pede
841 1544 1001 1642 contigit
1018 1543 1162 1617 undas:

114 1686 118 1692 ·
172 1658 244 1732 His
274 1684 427 1758 quoque
457 1661 632 1749 laudatis,
671 1663 854 1757 “Procul
885 1672 955 1748 est,
988 1661 1052 1747 ait,
1083 1658 1222 1734 arbiter

321 1776 467 1851 omnis:

173 1901 197 1930 “
217 1891 332 1966 Nuda
349 1893 557 1991 superfusis
576 1894 792 1990 tinguamus
810 1917 967 1991 corpora
984 1890 1191 1990 lymphis.”

172 2007 367 2081 Parrhasis
387 2009 557 2083 erubuit:
578 2019 724 2083 cunctae
742 2009 930 2083 velamina
946 2017 1116 2107 ponunt:
1145 2011 1220 2080 460

173 2123 261 2196 Una
278 2147 401 2197 moras
419 2125 579 2222 quaerit:
600 2126 788 2199 dubitanti
806 2125 921 2198 vestis
941 2125 1122 2222 adempta
1138 2131 1198 2196 est
1206 2149 1217 2208 ·;

170 2239 259 2323 Qua
274 2241 411 2338 posita,
431 2241 531 2328 nudo
546 2241 670 2339 patuit
688 2264 774 2314 oum
790 2264 945 2338 corpore
963 2240 1119 2312 crimen.

170 2355 365 2444 Attonitae,
386 2357 637 2455 manibusque
655 2367 805 2432 uterum
824 2358 947 2431 celare
965 2354 1118 2444 volenti,

170 2480 196 2511 “
215 2472 380 2572 iprocul
398 2473 498 2560 hinc,
518 2473 626 2560 dixit,
647 2497 716 2548 nec
735 2497 860 2546 sacros
879 2473 1006 2571 pollue
1023 2469 1186 2557 fontes,”

203 2757 260 2806 452.
278 2757 389 2820 Nympha
405 2760 502 2813 statuta,
516 2757 576 2820 etc.]
611 2757 670 2808 Per·
721 2758 770 2807 63:
791 2758 899 2806 consuas
919 2759 1071 2806 inuitabat.
1095 2754 1223 2814 Quomodo

170 2829 264 2894 stringit
274 2837 299 2878 et
309 2828 348 2879 bic
359 2829 483 2887 libidinem
495 2831 670 2897 Nympharum,
721 2829 802 2879 Diana
817 2829 894 2895 tingui
912 2846 976 2894 aqua
992 2830 1024 2878 sit
1039 2829 1118 2888 solita,
1136 2844 1165 2878 ex
1183 2828 1221 2878 iii.

171 2920 224 2968 quse
243 2905 297 2968 plus
308 2903 398 2968 virgine
413 2904 514 2953 scirent:
528 2905 577 2954 vid.
588 2907 671 2956 Burm.
723 2905 767 2953 171
779 2921 832 2970 sqq.
843 2904 960 2954 videmus.

169 2985 194 3027 et
204 2978 303 3036 Safftius
313 2979 344 3027 ad
355 2979 419 3028 hunc
429 2979 519 3029 locum.
753 2980 810 3030 460.
828 2979 959 3036 Parrhasis,
971 2978 1063 3028 Celisto
1079 2991 1142 3026 soror
1152 2977 1226 3026 Perr-

204 3053 260 3100 453.
271 3053 582 3117 Orberesurgabaut.]Nono
589 3071 670 3106 mense
720 3052 783 3102 basii
797 3053 839 3118 qui
853 3053 997 3102 Parrbasida
1011 3050 1119 3102 condidit
1136 3050 1162 3099 in
1177 3049 1226 3099 Δτι

170 3140 245 3190 quum
265 3125 344 3189 partui
364 3125 444 3175 vicina
461 3136 524 3176 esset
539 3128 668 3194 Nympha:
719 3126 790 3176 cedia
796 3145 805 3188 ;
822 3134 848 3175 et
866 3126 918 3176 baec
935 3126 992 3175 olim
1011 3124 1137 3176 Parrhasia
1156 3123 1225 3174 dicta

170 3199 371 3256 orbe,inorbem.
528 3238 530 3243 ,
720 3191 805 3240 fuerat·
840 3220 843 3226 *

204 3276 262 3323 454.
276 3274 433 3337 cananea]
445 3274 538 3338 Regius
547 3277 579 3324 B.
593 3276 671 3329 Quum
753 3275 812 3323 461.
839 3274 974 3329 Dubitanti,
993 3271 1124 3328 cunctanti,
1144 3286 1225 3322 moras

172 3351 223 3397 Deo
233 3350 353 3414 fraternis
369 3358 463 3400 venatu.
492 3350 582 3400 Veaatu
596 3350 622 3398 id
636 3360 671 3400 est
721 3348 937 3413 qnaerenti‚secum
956 3346 1113 3408 deliberantt;
1131 3346 1224 3412 dequo

170 3423 289 3480 venando,
307 3421 369 3472 inter
386 3422 521 3472 venandum
540 3425 670 3488 languida5
721 3439 766 3472 usn
776 3422 830 3471 vide
849 3423 955 3472 Gronov.
970 3421 1001 3470 ad
1019 3423 1106 3471 Senec.
1122 3420 1223 3485 Thyest.

169 3513 225 3562 qum
243 3496 315 3545 lectio
329 3495 387 3544 mihi
402 3495 507 3560 genuina
517 3495 628 3556 videtur;
647 3504 672 3546 at
722 3499 778 3547 715.
797 3498 834 3546 Ex
844 3513 909 3546 more
920 3513 962 3546 suo
973 3496 1075 3545 scribere
1085 3495 1224 3545 debuisset:

170 3569 319 3636 importunus
333 3578 370 3618 est
379 3569 436 3618 ordo
447 3568 547 3635 phrasis.
576 3570 671 3618 Frater·
725 3571 779 3620 Una
788 3573 880 3619 dubitat
888 3588 897 3629 ,-
915 3572 1041 3626 dubitanti,
1053 3577 1101 3619 etc.

171 3648 208 3693 uis
224 3646 338 3709 languida
348 3644 451 3707 flammis
460 3661 469 3703 ,-
486 3643 581 3692 defessa
596 3643 671 3692 fervo·
755 3645 813 3692 464.
824 3643 924 3706 Sacrae]
942 3644 997 3691 Deo
1008 3641 1226 3692 alicuiconsecrati

171 3719 237 3768 ribus
257 3717 325 3776 Solis,
345 3715 423 3766 fratris
442 3717 487 3766 sui.
515 3718 603 3766 Laberis
615 3719 671 3775 ibat,
722 3716 1225 3767 suntamnaafontes2videctatan.11.

171 3792 303 3846 labebatur,
320 3799 348 3839 ut
357 3791 391 3840 iii.
403 3793 467 3841 388:
486 3808 615 3856 egressaque
631 3793 672 3840 sii·
722 3791 787 3841 Fast.
807 3793 868 3840 174:
888 3793 938 3842 Nee
959 3803 1032 3841 eamus
1048 3794 1135 3856 pollue,
1153 3794 1225 3850 atati,

171 3868 205 3913 vis
216 3866 277 3920 Ibat,
290 3865 465 3928 egrediebatur.
493 3866 590 3914 Homer.
601 3865 632 3915 Ι1.
643 3871 672 3915 Β.
721 3883 800 3928 aquas.
843 3868 952 3931 Cynthia.
979 3867 1068 3926 Diana,
1090 3882 1105 3916 a
1126 3867 1225 3932 Cyntho

172 3940 237 3987 302:
256 3937 318 4001 ἔβαν
328 3937 448 4004 φέρουσαι.
457 3939 473 3988 i.
484 3954 506 3987 e.
517 3939 611 4006 ἔφερον.
639 3941 672 3988 Et
722 3939 779 3989 Deli
789 3953 879 4000 monte,
888 3943 928 3991 ubi
940 3950 1006 3991 nata.
1031 3944 1139 3992 secedere
1155 3952 1225 3992 eoetu.

172 4014 275 4068 attritas,
295 4021 342 4061 etc.
361 4011 487 4078 descriptio
504 4012 597 4078 limpidi
616 4013 670 4063 rivi.
721 4014 857 4065 Secundum
876 4017 934 4066 alios
949 4009 964 4067 ‘a
979 4016 1060 4067 Diana
1070 4018 1110 4067 vel
1126 4025 1224 4083 sponte,

173 4087 285 4152 Contigit,
296 4101 380 4150 nempe
391 4087 499 4136 tentandi
507 4103 588 4136 causa.
612 4089 671 4137 Om·
721 4089 759 4137 vel
770 4090 786 4138 J
787 4105 864 4139 unone
876 4089 999 4148 incitante,
1010 4091 1103 4157 sagittis
1113 4090 1226 4140 confossa

171 4159 212 4208 nia
222 4175 264 4225 per
275 4169 353 4225 partes
363 4159 485 4208 describit.
510 4163 620 4221 Arbiter5
639 4162 671 4211 iv.
721 4170 757 4211 est
768 4181 773 4209 :
791 4162 845 4212 vide
855 4162 968 4230 Apollod.

64 4586 238 4696 A
