2812 5010
252 336 723 404 METAMORPHOSEON
747 340 838 405 ΗΒ.
862 339 932 406 ΙΙΙ.
1048 341 1114 408 287

61 507 278 606 Obsequio,
300 509 463 598 Semele,
485 509 686 596 “Qualem
706 512 917 601 Saturnia,’'
935 514 1043 602 dixit,

59 624 116 715 Te
136 626 235 700 solet
252 628 443 726 amplecti,
463 628 621 706 Veneris
640 654 758 727 quum
776 630 898 705 foedus
915 631 1029 719 initis,

63 741 125 814 Da
138 741 232 815 mihi
250 755 288 816 te
302 743 454 818 talem.”
481 743 612 818 Voluit
629 745 734 820 Deus
749 771 815 819 ora
825 746 1017 843 loquentis
1035 751 1108 821 295

65 857 314 957 Opprimere:
336 861 479 935 exierat
493 863 573 957 jam
588 886 660 935 vox
679 873 881 959 properata
898 864 968 937 sub
987 887 1108 937 aurae.

63 972 274 1071 Ingemuit3
294 978 529 1074 nequeenim
545 1002 618 1050 non
634 978 714 1049 haec
729 979 897 1075 optasse,
912 1002 1036 1076 neque
1049 979 1111 1053 ille

64 1089 149 1163 Non
162 1092 312 1188 jurasse
330 1102 481 1190 potest:
511 1117 600 1191 ergo
618 1091 880 1167 moestissimus
900 1095 1019 1168 altum

65 1205 220 1280 AEthera
237 1208 471 1294 conscendit,
492 1219 662 1306 nutuque
681 1208 878 1306 sequentia
895 1211 1011 1284 traxit

65 1321 97 1394 N
101 1322 226 1412 ubila3
248 1325 333 1421 quls
352 1324 512 1411 nimbos,
533 1324 779 1421 immixtaque
796 1324 944 1421 fulgura
960 1326 1081 1399 ventis

65 1436 233 1525 Addidit,
253 1448 292 1512 et
310 1441 482 1526 tonitrus,
502 1450 542 1513 et
558 1438 773 1512 inevitabile
792 1439 945 1514 fulmen.
1033 1446 1103 1514 301

66 1552 147 1637 Qua
164 1565 292 1629 tamen
307 1581 429 1652 usque
444 1565 583 1653 potest,
596 1554 693 1628 vires
708 1554 779 1628 sibi
794 1556 945 1630 demere
960 1566 1082 1630 tentat
1097 1583 1105 1633 :

67 1667 158 1755 Nec,
179 1694 256 1767 quo
274 1670 529 1744 centimanum
546 1670 735 1767 dejecerat
752 1671 838 1768 igne
857 1671 1039 1770 Typhoea,

67 1785 174 1859 Nunc
195 1798 359 1860 armatur
377 1811 443 1860 eo:
473 1787 629 1860 nimium
647 1786 804 1862 feritatis
823 1787 862 1876 in
880 1787 955 1862 illo.

66 1899 131 1975 Est
145 1903 249 1975 aliud
262 1902 380 1976 levius
396 1902 558 1992 fulmen3
580 1904 641 1978 cui
656 1905 791 1978 dextra
802 1904 1015 2002 Cyclopum
1033 1909 1107 1977 305

67 2018 239 2106 Saevitiae,
258 2019 495 2118 flammaeque
513 2021 649 2108 minus,
669 2021 792 2093 minus
810 2020 955 2094 addidit
973 2020 1053 2095 irae:

65 2131 152 2209 Tela
162 2137 332 2209 secunda
343 2148 479 2211 vocant
491 2138 643 2236 Superi:
661 2137 764 2236 capit
778 2136 843 2210 illa
849 2164 859 2227 ;
878 2137 1106 2233 domumque

66 2247 183 2324 Intrat
200 2249 437 2349 Agenoream
454 2279 462 2328 :
491 2278 628 2353 corpus
646 2254 805 2328 mortale
822 2252 1006 2326 tumultus

66 2363 96 2437 N
98 2391 148 2440 on
165 2369 253 2443 tulit
269 2369 454 2457 aetherioS,
474 2371 659 2469 donisque
672 2367 864 2467 jugalibus
883 2366 987 2442 arsit.

90 2562 150 2610 299.
168 2561 243 2627 Apud
257 2563 374 2629 Apollod.
392 2564 465 2612 intrat
482 2564 560 2614 thala·
610 2565 687 2615 Iocus
695 2563 809 2614 classicus
817 2562 848 2611 de
860 2562 913 2611 telis
920 2561 988 2612 Jovis
997 2567 1034 2610 est
1044 2560 1108 2627 apud

64 2648 134 2693 num,
155 2634 190 2702 ἐφ’
208 2637 320 2704 ἅρματος
339 2638 483 2704 ἀστραπαῖς
500 2638 561 2706 ὁμοῦ
610 2640 680 2704 Virg.
696 2637 793 2688 AEneid.
806 2636 857 2686 viii.
875 2638 923 2686 429
941 2652 995 2702 sqq.
1013 2634 1056 2684 ubi
1078 2635 1108 2684 iis
1209 2683 1211 2686 Α

63 2711 100 2758 καὶ
113 2710 247 2776 βρονταῖς.
274 2713 307 2762 Η.
322 2714 340 2762 l.
355 2712 428 2762 sumit
445 2713 561 2772 habitum,
611 2713 770 2762 admiscentur
784 2711 869 2768 imber,
882 2712 965 2767 nubes,
977 2709 1049 2767 venti,
1061 2710 1107 2759 tul-

62 2799 130 2848 quem
141 2786 231 2835 coelom
242 2793 347 2852 tempore
359 2788 507 2852 tempestatis
517 2788 560 2837 ha·
610 2803 686 2852 gotes,
697 2787 794 2842 sonitus,
805 2794 889 2842 metus,
901 2786 1002 2833 flamma
1018 2792 1043 2833 et
1057 2783 1107 2833 ira.

62 2857 107 2908 bet.
135 2861 205 2924 Sequi
223 2859 404 2926 dicunturque
424 2861 496 2911 facile
516 2879 559 2928 pa·
643 2863 700 2910 307.
717 2860 831 2916 Secundo,
848 2858 947 2908 secundi
963 2858 1060 2916 ordinis,
1071 2857 1107 2906 in-

62 2941 127 2983 tent:
144 2934 200 2984 vids
215 2935 321 2986 adPlin.
331 2935 374 2984 vii.
386 2937 431 3001 Ep.
441 2936 474 2985 ix.
488 2939 525 2987 11.
536 2946 561 2987 et
610 2935 703 2984 seriora.
728 2934 901 2983 Itasecundum
916 2939 941 2980 et
954 2929 1069 2997 δεύτερον
1083 2939 1107 2980 et

62 3005 118 3056 Pan.
130 3007 182 3057 xlv.
194 3012 219 3059 5.
252 3010 361 3076 Fulgura
375 3018 400 3059 et
407 3011 504 3073 fulmen
513 3010 560 3060 dif·
608 3006 634 3063 iri
649 3009 702 3058 aliis
717 3007 892 3058 locutionibus:
910 3006 964 3056 vide
982 3007 1062 3056 Graev.
1076 3005 1107 3055 ad

61 3078 150 3130 lerunt:
160 3082 257 3147 fulmen
273 3090 309 3131 est
324 3083 399 3132 telum
415 3083 484 3141 illud,
495 3085 560 3149 quod
609 3082 710 3132 Hesiod.
725 3081 800 3148 Ἐργ.
821 3083 875 3130 141.
909 3079 991 3144 Superi
1015 3090 1106 3129 uocant.

61 3156 144 3205 aJove
160 3155 187 3204 in
199 3165 283 3205 terram
295 3156 388 3206 demitti
399 3158 557 3220 credebatur3
608 3155 688 3205 Etiam
696 3157 812 3204 Homerus
819 3162 934 3204 memorat
941 3153 1045 3211 nomina,
1054 3152 1107 3219 qui·

53 3229 143 3295 firlgur
155 3239 245 3287 autem,
255 3232 396 3281 coruscatio.
421 3231 461 3281 De
476 3232 557 3281 fulmi-
608 3230 653 3279 bus
663 3225 705 3278 Dii
718 3245 755 3278 res
770 3229 872 3293 signent.
899 3229 1108 3276 Introriatalovo-

60 3317 116 3352 num
125 3304 262 3368 generibus,
274 3305 339 3353 Plin.
351 3304 378 3354 ii.
389 3306 429 3354 51.
608 3311 648 3352 cat
665 3304 751 3352 Senec.
769 3303 805 3350 N.
824 3303 856 3359 Q.
873 3300 899 3349 ii.
910 3302 950 3349 44.
967 3300 1009 3349 ubi
1029 3301 1106 3357 docet,

88 3379 147 3426 302.
167 3378 263 3435 Quodn
278 3386 403 3444 quantum.
428 3379 468 3428 Sic
482 3379 558 3446 expli·
608 3385 716 3424 auctores
733 3375 804 3441 hujus
818 3374 923 3439 figmenti
939 3377 1105 3422 admonerem-

60 3459 125 3500 tatur
140 3451 168 3500 in
186 3451 276 3515 glossa.
304 3452 361 3509 Sibi,
373 3451 427 3501 telis
444 3451 502 3502 suis.
533 3453 557 3502 A
609 3451 826 3512 tolerassemus
844 3452 1055 3510 odoumrpeccata
1069 3449 1107 3495 lw-

60 3524 144 3590 virgil.
155 3524 255 3574 AEneid.
265 3525 282 3574 i.
292 3527 349 3575 665.
364 3526 433 3576 Jovis
450 3528 496 3575 tela
512 3527 558 3592 Ty·
607 3529 695 3573 mittum
707 3523 887 3587 fulminandum
912 3525 949 3577 sit,
969 3538 1015 3569 uon
1033 3523 1107 3568 eodem

58 3600 121 3659 plura
130 3610 352 3657 commemorantur,
360 3608 387 3648 ut
395 3600 498 3650 maxime
509 3609 557 3649 ter·
608 3602 671 3647 modo
680 3601 755 3645 omnio
766 3612 809 3644 esre
817 3597 977 3658 percutienda.

59 3671 142 3731 ubilis,
157 3673 215 3738 quia
231 3673 351 3738 Typlrcus,
368 3674 472 3724 immane
489 3691 557 3736 mon·
639 3673 696 3721 309.
718 3669 853 3732 AEtlrerira]
878 3669 1001 3716 Tumultus
1019 3667 1107 3714 artati

60 3753 140 3803 strum,
152 3746 242 3796 vertice
258 3747 347 3796 coelum
365 3756 475 3813 tangens,
489 3749 558 3798 aliter
607 3744 743 3811 explicandi
757 3751 813 3792 sunt
825 3758 856 3791 ex
872 3743 957 3790 Horat.
967 3741 988 3789 I.
997 3739 1047 3789 xri.
1059 3741 1107 3789 12:

59 3817 173 3870 debellari
186 3836 234 3869 non
251 3828 353 3886 poterat.
384 3822 449 3871 Hinc
466 3831 491 3872 et
506 3824 557 3872 No·
610 3821 732 3868 Tremendo
747 3818 841 3879 Jupiter
853 3820 899 3878 ipse
914 3817 1107 3871 rucrrstumultu,

60 3900 105 3941 ster
123 3908 180 3943 eum
196 3894 354 3960 potissimum
378 3904 501 3945 memorat.
534 3897 574 3945 Is'
608 3895 790 3958 detempestate
806 3907 861 3939 cum
874 3891 977 3952 toniuu3
993 3889 1106 3952 etgravi-

61 3967 188 4016 tscundum
205 3967 273 4025 alios,
286 3984 345 4034 quos
358 3970 454 4027 Noster,
466 3988 490 4019 v.
501 3970 557 4018 346.
607 3977 643 4017 ter
660 3965 742 4022 nimbi,
758 3966 861 4030 fulgura,
875 3965 983 4022 tonitrus,
999 3963 1108 4019 fulmina,

61 4042 173 4106 requitur,
190 4043 290 4092 fulmine
307 4044 446 4093 vulneratus
466 4045 559 4110 aufugit
608 4057 662 4108 quae
682 4038 776 4107 Jupiter
796 4041 822 4087 in
840 4039 889 4088 alto
904 4040 986 4088 ethere
1000 4053 1107 4102 sumpse-

63 4119 85 4160 et
99 4116 174 4165 AEtna
188 4124 269 4167 monte
282 4117 380 4166 obrutus
398 4128 444 4174 est,
454 4119 495 4167 sed
507 4118 559 4166 h.'l.
608 4124 653 4174 rat,
663 4116 751 4164 cathodi
762 4116 876 4163 tumultus
886 4113 1005 4162 dicuntur.
1033 4112 1106 4176 Apud

64 4188 167 4250 dejectus,
184 4189 331 4241 inter-lectus.
362 4192 456 4240 Phaedr.
465 4193 500 4241 Il.
508 4193 524 4242 i.
537 4195 559 4242 1.
609 4189 725 4256 Apollod.
736 4189 830 4256 Jupiter
840 4189 930 4238 intrans
940 4188 1030 4238 fulmen
1039 4186 1107 4236 emit·

95 4263 171 4313 VOL.
186 4263 238 4312 111.
707 4263 756 4314 Aa
