2812 5010
156 335 224 399 412
444 332 483 396 P.
509 330 670 397 OVIDII
695 331 906 398 NASONIS

159 508 318 581 Divitior
331 506 470 580 forma:
500 506 631 602 quales
651 505 780 579 audire
798 507 963 581 solemus

162 624 302 699 Naidas
320 634 358 698 et
376 623 550 721 Dryadas
566 622 701 696 mediis
719 623 893 698 incedere
912 622 1036 709 silvis,

159 740 201 812 Si
219 741 331 814 modo
349 739 416 814 des
435 738 509 811 illis
523 738 648 811 cultus
663 736 882 836 similesque
896 749 1065 837 paratus.

157 855 195 928 N
197 881 245 928 on
262 880 372 930 secus
387 853 528 928 exarsit
545 864 750 951 conspecta
766 854 908 950 virgine
923 853 1078 940 Tereus,
1132 858 1200 928 455

157 970 281 1055 Quam
300 971 331 1044 si
349 970 435 1068 quis
453 969 557 1043 canis
575 969 701 1066 ignem
720 979 910 1068 supponat
927 969 1051 1044 aristis
1067 997 1077 1059 ;
1172 1022 1175 1029 -

155 1086 235 1162 Aut
251 1087 432 1173 frondem,
448 1087 667 1185 positasque
684 1097 826 1161 cremet
845 1085 1036 1160 foenilibus
1054 1086 1199 1160 herbas

157 1205 284 1301 Digna
299 1204 452 1303 quidem
470 1203 606 1279 facies:
630 1203 698 1277 sed
717 1214 756 1276 et
772 1203 872 1276 hunc
890 1204 1020 1276 innata
1036 1201 1154 1276 libido

156 1319 410 1408 Exstimulat3
439 1343 676 1418 pronumque
695 1318 1046 1417 genusregionibus
1064 1317 1139 1390 illis

156 1434 202 1509 ln
211 1436 398 1511 Venerem
412 1446 470 1510 est
482 1463 491 1514 ε
504 1437 637 1532 flagrat
646 1435 734 1509 vitio
747 1434 947 1531 gentisque
958 1457 1117 1530 suoque.
1129 1436 1200 1506 460

156 1551 326 1651 Impetus
342 1563 400 1627 est
418 1553 484 1640 illi,
499 1553 678 1627 comitum
696 1574 934 1648 corrumpere
952 1573 1095 1634 curam,

155 1668 193 1741 N
194 1670 403 1767 utricisque
420 1669 554 1747 fidem:
583 1695 652 1744 nec
671 1694 746 1743 non
764 1669 979 1765 ingentibus
997 1667 1120 1765 ipsam

156 1783 365 1859 Sollicitare
383 1785 503 1876 datis3
532 1795 729 1884 totumque
748 1783 965 1882 impendere
981 1807 1159 1878 regnum3

154 1898 233 1973 Aut
251 1926 394 1999 rapere,
414 1912 452 1976 et
470 1927 568 1977 saevo
586 1913 731 2000 raptam
748 1899 951 1976 defendere
969 1898 1092 1972 bello:

154 2013 206 2088 Et
223 2016 315 2090 nihil
332 2026 402 2103 est,
422 2019 524 2115 quod
541 2043 616 2091 non
634 2018 774 2092 effreno
792 2026 925 2114 captus
944 2037 1071 2088 amore
1127 2016 1197 2086 465

151 2129 285 2220 Ausit3
315 2157 384 2206 nec
401 2133 557 2231 capiunt
575 2135 739 2208 inclusas
754 2143 909 2231 pectora
924 2132 1109 2204 flammae.

152 2244 317 2344 Jamque
334 2272 457 2323 moras
475 2248 572 2323 male
590 2248 674 2337 fert,
690 2249 906 2347 cupidoque
924 2248 1123 2320 revertitur
1136 2268 1198 2318 ore

154 2359 338 2437 Mandata
355 2364 402 2437 ad
422 2363 603 2451 Procnes,
622 2375 661 2440 et
678 2365 756 2462 agit
774 2388 842 2438 sua
858 2373 944 2437 vota
962 2363 1034 2436 sub
1052 2360 1140 2434 illis.

154 2476 373 2552 Facundum
390 2464 553 2554 faciebat
570 2505 693 2569 amor;
724 2480 949 2577 quotiesque
967 2477 1127 2575 rogabat

154 2590 324 2668 Ulterius
337 2597 453 2692 justo,
473 2594 646 2670 Procnen
664 2596 717 2670 ita
732 2594 829 2670 velle
846 2595 1014 2669 ferebat:
1125 2595 1197 2664 470

152 2706 311 2783 Addidit
328 2719 367 2784 et
383 2709 568 2798 lacrimas,
583 2722 763 2809 tanquam
780 2708 998 2785 mandasset
1016 2718 1055 2782 et
1072 2707 1166 2781 illas.

152 2821 254 2897 Proh
274 2825 422 2923 Superi,
443 2838 625 2924 quantum
643 2826 814 2901 mortalia
829 2835 985 2923 pectora
1002 2847 1116 2897 caecae

153 2937 287 3013 Noctis
305 2940 465 3016 habent!
493 2943 575 3040 ipso
593 2943 745 3019 sceleris
762 2940 954 3016 molimine
972 2939 1118 3015 Tereus

150 3143 256 3194 sissima.
283 3147 344 3196 Cum
355 3149 431 3212 priore
442 3151 475 3199 cf.
488 3151 505 3199 i.
515 3152 572 3200 492.
604 3152 648 3201 Ca·
689 3153 763 3217 fidem
781 3152 921 3216 elegantius,
938 3165 1012 3216 quam
1028 3149 1139 3205 comites,
1156 3164 1197 3196 nu-

150 3220 194 3274 ab,
206 3219 322 3268 utillo.
357 3222 650 3290 Herbaepositaefoenitibns
697 3227 836 3292 tricemque.
877 3228 988 3276 Nutriaes
1015 3225 1083 3289 apud
1103 3224 1197 3272 Veteres

151 3307 216 3340 mera
225 3292 367 3359 periphrasis
377 3295 477 3345 foenilis.
697 3299 786 3364 ubique
808 3299 917 3348 alumnas
936 3313 991 3347 suas
1018 3297 1196 3350 comitabantur,

183 3367 241 3415 458.
259 3367 347 3431 Digna,
359 3367 460 3426 scilicet,
477 3369 520 3418 tali
535 3377 649 3436 tantoque
698 3382 723 3423 et
741 3389 828 3438 magna
850 3375 880 3423 ab
897 3371 927 3422 iis
944 3371 1196 3438 pietate-colebantur.

150 3455 236 3490 amore.
261 3442 306 3490 Sed
315 3453 338 3491 ar
348 3444 419 3492 hurso.
438 3444 588 3493 Burmannus
598 3461 648 3495 ma-
698 3449 837 3504 Sotlicttara‚
847 3446 988 3512 pudicitiam
999 3445 1050 3510 ejus
1060 3452 1161 3494 tentare.

150 3513 179 3562 lit
189 3518 227 3563 sed
237 3519 267 3564 nd
278 3517 327 3573 hoc,
337 3516 362 3566 id
374 3526 417 3575 est,
428 3526 551 3583 praterea,
562 3528 650 3584 etpost
731 3523 788 3571 467.
807 3523 904 3583 Cupido,
922 3519 987 3586 quod
1006 3518 1096 3584 cupide
1112 3519 1196 3584 profert

153 3590 259 3638 Venerem
280 3590 345 3640 delet
363 3602 404 3640 est.
440 3594 526 3651 Genus,
547 3593 647 3652 scilicet,
698 3596 778 3646 verba.
811 3597 879 3661 agn,
905 3592 1014 3661 proponit
1036 3600 1062 3640 et
1086 3588 1195 3656 consequi

149 3663 288 3721 humanum,
305 3665 415 3730 populus.
449 3666 552 3716 Thraces
568 3675 648 3716 autern
698 3669 775 3734 cupit.

150 3745 175 3784 et
185 3737 299 3786 vinolenti
313 3747 337 3786 et
350 3738 466 3803 proclives
481 3739 647 3790 inverterem.
730 3745 787 3792 472.
806 3743 925 3796 Quantum
935 3741 1052 3797 mortalia,
1061 3739 1122 3802 eta]
1140 3738 1195 3786 Sen-

150 3812 291 3860 lmmoratur
309 3812 387 3862 causis
402 3813 467 3862 illius
485 3814 577 3871 luroris,
591 3815 648 3879 quia
697 3815 772 3865 tentia
783 3814 862 3880 gravis
873 3822 897 3863 et
907 3827 971 3862 vera.
1008 3813 1083 3869 Cosa,
1092 3813 1197 3862 obscure.

148 3885 204 3934 inde
216 3887 387 3935 atrocissimum
397 3887 500 3938 lacinus.
527 3891 585 3938 Mox
596 3888 645 3936 vim
697 3890 749 3938 Noa·
761 3898 817 3938 sunt
834 3887 914 3936 studia
929 3887 1034 3942 occulta,
1045 3901 1131 3935 sensus
1145 3900 1196 3950 pro-

149 3960 233 4008 furoris
252 3960 335 4009 sedulo
356 3969 432 4019 notat,
453 3971 502 4011 tam
520 3963 644 4019 internam,
695 3963 768 4012 funde
789 3963 891 4010 latentes
916 3959 942 4009 in
966 3969 1063 4025 pectore
1084 3959 1196 4009 hnmano.

149 4050 222 4098 quarn
248 4050 273 4082 se
301 4035 429 4085 exserentis
448 4036 549 4086 Athenis
575 4046 599 4086 et
620 4036 645 4085 in
696 4035 749 4086 Cic.
760 4037 839 4084 Marc.
853 4036 878 4083 7.
896 4042 920 4083 et
930 4032 1032 4090 Plinius,
1041 4033 1094 4084 111.
1105 4034 1151 4098 Ep.
1162 4049 1196 4080 ru

148 4107 242 4155 itinere.
696 4111 720 4158 6.
737 4112 834 4159 latebras
850 4109 945 4158 stultos
963 4123 1062 4155 racanas
1079 4105 1199 4156 dixerunt.

182 4181 237 4230 461.
264 4181 376 4229 Comitum
402 4200 482 4232 caram
507 4188 647 4247 astericisque
696 4185 778 4242 Sumit,
790 4182 920 4249 paratsibi,
933 4179 1096 4246 consequitur.
