2812 5010
173 340 239 404 194
478 335 518 401 Ρ.
544 334 706 446 OVlDII
734 335 948 401 NASONIS

175 511 415 607 Incaluitque
435 509 531 597 Deo,
549 534 663 607 quem
679 510 850 583 clausum
868 522 1021 608 pectore
1039 512 1217 600 habebat,

172 628 323 727 Aspicit
340 628 542 715 infantem;
574 638 596 666 ‘⁴
614 627 819 724 Tou-”que
838 636 862 665 “
883 627 1052 701 salutifer
1068 629 1151 701 orbi

176 745 331 830 Cresce,
352 745 481 842 puer,’'
498 743 617 818 dixit:
648 753 672 783 “
687 743 757 816 tibi
775 767 816 816 se
835 743 1009 816 mortalia
1025 767 1129 842 saepe
1156 749 1229 818 643

176 861 347 960 Corpora
364 861 580 935 debebunt:
609 862 753 934 animas
770 860 841 933 tibi
859 860 1016 934 reddere
1030 861 1229 959 ademptas

175 977 248 1050 Fas
268 977 359 1064 erit3
389 977 505 1073 idque
523 977 640 1050 semel
660 976 729 1049 Dis
749 977 1031 1073 indignantibus
1050 1001 1180 1063 ausus,

176 1092 298 1166 Posse
315 1092 405 1165 dare
422 1093 494 1166 boc
513 1093 648 1165 iterum
666 1093 819 1166 flamma
835 1093 1045 1191 prohiberis
1064 1092 1186 1169 avita:

176 1208 286 1305 Eque
307 1208 389 1282 Deo
404 1233 541 1308 corpus
559 1208 627 1282 fies
646 1233 865 1306 exsangue3
897 1209 1094 1306 Deusque,

176 1325 251 1409 Qui
270 1325 382 1398 modo
400 1349 538 1423 corpus
557 1349 660 1412 eras;
691 1335 729 1398 et
745 1325 805 1399 bis
823 1335 889 1398 tua
906 1325 984 1398 fata
1001 1325 1173 1399 novabis.

174 1535 246 1591 teque
256 1525 344 1574 moveri
355 1523 521 1582 credebantur,
530 1524 595 1574 unde
605 1523 677 1573 iidem
728 1525 804 1575 cisse.
837 1524 930 1573 Similia
946 1525 1098 1590 Pherecydes
1109 1534 1134 1574 et
1143 1526 1230 1575 Hesio·

174 1602 316 1662 θεοἍηπτοι,
327 1599 678 1664 θεοφορούμενοι,ἐνθουσωῑν-
727 1600 772 1648 dus
791 1599 947 1655 tradiderunt,
967 1599 1031 1647 uude
1048 1599 1129 1648 Schol.
1146 1599 1232 1665 Eurip.

177 1694 225 1734 τις,
236 1676 386 1723 dicebantur.
420 1674 540 1722 Dicuntur
552 1676 626 1723 Deam
638 1694 676 1724 ne·
727 1673 822 1722 adure.
831 1676 856 1721 2.
867 1673 982 1721 nonnulla
993 1672 1072 1722 affert.

174 1754 249 1812 cipere
261 1759 358 1811 pectore,
375 1750 478 1797 cumam
494 1758 569 1797 tenere
580 1760 676 1812 pectore,
760 1749 817 1796 645.
836 1749 907 1796 Semel
918 1747 1008 1810 nosue]
1028 1749 1106 1805 Quem
1117 1747 1230 1797 AEscule-

175 1834 279 1872 excutere
296 1833 394 1885 pectore.
419 1823 505 1872 Senec.
524 1823 606 1890 OEdip.
625 1841 676 1873 ver.
727 1821 780 1888 pius
793 1821 819 1869 in
833 1822 906 1869 vitam
924 1821 1079 1876 revocaverit,
1091 1821 1122 1869 de
1139 1837 1168 1869 eo
1183 1821 1230 1873 die·

176 1899 234 1947 296.
246 1905 313 1945 vates
321 1906 411 1959 pectore
420 1899 507 1945 excutit
518 1899 602 1947 Deum.
727 1896 833 1945 sentiunt
858 1895 997 1959 mythologi,
1020 1893 1074 1942 eliis
1100 1895 1231 1951 Glaucum,

209 1974 266 2023 642.
286 1973 496 2038 Totiqitesolutt‘fer
506 1974 576 2036 orbi]
612 1975 677 2023 Geb-
728 1970 818 2019 Minois
848 1969 934 2026 filium,
962 1969 1148 2026 nominantibus,
1178 1969 1232 2021 eliis

178 2049 265 2097 bardus
280 2048 340 2111 legit
353 2051 450 2104 urbi,ct
463 2048 494 2097 de
510 2049 589 2097 Roma
604 2051 677 2114 capit,
729 2045 894 2110 Hippolytum,
922 2044 975 2093 aliis
999 2043 1152 2108 Tyndareon,
1178 2043 1232 2095 aliis

177 2139 225 2187 quo
242 2123 371 2171 translatus
388 2129 472 2188 postea
492 2121 613 2187 Epidauro
632 2122 679 2172 fuit
728 2119 795 2167 alios.
822 2118 882 2167 Vide
899 2118 1011 2183 Apollod.
1027 2119 1164 2180 111.x.a;
1188 2120 1230 2168 Ze·

177 2197 339 2261 AEsculepiua
372 2196 499 2245 Mirificam
515 2196 620 2261 profecto
636 2214 677 2246 va·
729 2193 784 2241 nob.
795 2193 811 2241 i.
827 2195 863 2241 18.
874 2201 899 2241 et
913 2192 1065 2241 Munker.ad
1081 2192 1232 2257 Hygin.fab.

176 2280 224 2320 tem
240 2272 307 2320 nobis
324 2270 446 2320 exhibuit!
483 2271 556 2334 Toth.
571 2273 679 2336 rolotiy‘irr
730 2266 788 2315 xlix.
821 2267 891 2315 Hanc
907 2266 978 2331 igitur
991 2269 1022 2316 ob
1035 2268 1231 2317 causamaJove

175 2349 231 2395 orbi.
256 2345 680 2410 AEsculapiuscnimadeopraestans
730 2341 828 2389 fulmine
838 2349 938 2390 necatus
949 2349 993 2390 est·
1027 2342 1231 2407 Ditindigoonti-

176 2420 511 2477 inMedicinafuit,utetiam
522 2420 679 2485 Hippolytum
731 2418 777 2464 bo·
810 2416 931 2464 Eratosth·
953 2418 1004 2465 niv
1022 2417 1085 2465 θεῶν
1105 2415 1234 2482 δυσχερῶς

176 2496 207 2544 ab
218 2494 298 2543 inferis
307 2493 452 2543 revocaverit
462 2513 469 2554 ;
485 2495 654 2559 propterquod
666 2511 681 2544 a
730 2493 803 2539 τοῦτο
813 2491 948 2555 φερόντων,
960 2500 1007 2539 etc.
1040 2490 1150 2539 Plutonis
1160 2492 1191 2539 de
1202 2507 1232 2540 ea

176 2570 236 2619 Jove
247 2569 346 2617 fulmine
357 2568 402 2618 fuit
417 2568 546 2625 extinctus,
558 2584 586 2616 ac
598 2577 681 2634 postea
730 2581 756 2614 re
773 2566 881 2630 querelas
899 2565 973 2614 babet
986 2564 1087 2613 Diodor.
1103 2565 1178 2613 Sicul.
1195 2565 1231 2614 iv‘.

177 2645 245 2693 Deus
256 2643 363 2692 effectus.
385 2642 679 2708 ACelsoiupraefatione,
730 2641 770 2688 71.
804 2641 1009 2704 metadigmon,-
1025 2639 1129 2689 Plutone
1141 2639 1233 2689 seilicet

178 2717 331 2783 AEsculapius
347 2724 484 2765 numeretur
499 2717 588 2781 primus
604 2717 680 2765 medi·
730 2723 844 2779 querente
862 2723 887 2764 et
901 2717 962 2764 Jove
975 2714 1124 2778 indignante,
1139 2713 1231 2780 Hippo·

177 2808 229 2848 cus,
237 2792 278 2856 qui
289 2792 372 2840 rudem
384 2791 461 2840 adbuc
472 2793 596 2841 scientiam
607 2793 680 2857 paulo
730 2791 806 2855 lytum
831 2791 861 2838 ab
883 2790 952 2855 cquis
975 2789 1121 2854 discerptum
1140 2789 1233 2840 restitui

178 2865 288 2915 subtilius
309 2866 447 2914 excoluerit.
480 2866 589 2914 Clinicen
613 2883 680 2931 repe·
732 2865 762 2913 ab
775 2863 913 2929 AEsculapio
930 2863 955 2911 in
971 2863 1022 2910 vita
1035 2877 1111 2928 posse.
1145 2862 1235 2926 Virgil.

178 2941 236 2989 risse
248 2940 347 2988 traditur
357 2940 388 2988 ab
397 2939 489 3004 Hygiu.
502 2940 551 2987 fab.
560 2941 616 2988 274.
650 2941 681 2989 Et
731 2939 830 2988 AEneid.
841 2939 883 2986 vii.
896 2939 943 2986 772
953 2957 959 2986 z
979 2938 1029 3000 lpse
1040 2946 1176 2999 repertorem
1186 2955 1233 2985 me·

179 3031 266 3063 nomen
292 3016 386 3079 σωτὴρ,
405 3015 522 3079 salutifer,
547 3015 628 3063 multis
655 3015 680 3063 in
730 3016 812 3061 dloinae
830 3015 882 3061 talis
900 3022 922 3060 et
941 3016 998 3060 ortis
1016 3012 1124 3058 Fulmine
1141 3011 1234 3060 Pteni-

179 3090 281 3138 uummis
298 3089 320 3137 ei
336 3089 462 3137 tribuitur:
480 3089 534 3138 vide
552 3090 680 3154 Spauhem.
729 3105 811 3153 genam
822 3088 914 3152 Stygios
925 3090 1022 3136 detrusit
1033 3088 1064 3133 orl
1074 3088 1157 3134 nudos.
1173 3087 1234 3134 AEs-

179 3164 210 3213 dc
229 3165 281 3213 Usu
300 3172 325 3212 et
345 3164 481 3228 praestantia
501 3164 680 3221 numismatum,
729 3162 847 3227 culapius,
866 3170 891 3210 et
916 3161 967 3226 ipse
993 3178 1040 3209 non
1066 3159 1116 3208 sine
1142 3159 1234 3224 flagitio

179 3239 270 3305 pilo.
280 3246 304 3288 et
314 3240 402 3304 paco,
429 3238 541 3287 Medicus
551 3239 679 3288 enimfelix
730 3235 850 3301 Apollinis
867 3243 946 3290 natus,
963 3233 1022 3299 quid
1039 3233 1096 3281 fecit
1112 3233 1177 3281 aliud
1197 3232 1235 3281 di-

179 3312 335 3362 ratiocinio.
346 3311 506 3361 valetudinem
517 3312 595 3361 reddit
606 3329 680 3377 egro·
729 3311 790 3359 vinis
805 3310 931 3359 bonoribus
944 3309 1052 3374 dignum,
1064 3308 1109 3357 nisi
1118 3309 1184 3373 quod
1195 3325 1235 3358 ss·

180 3388 297 3436 tentibus.
392 3413 397 3424 ·
581 3399 586 3407 “
730 3386 796 3434 nevit
821 3385 999 3450 Hippolytum?
1042 3385 1146 3432 Mortem
1173 3398 1234 3432 sene

211 3465 268 3512 643.
288 3462 338 3511 Tibi
356 3478 378 3509 se
394 3464 510 3518 mortalia,
528 3462 588 3525 etc]
612 3461 680 3526 Saepe
729 3460 814 3508 babuit
829 3460 959 3515 clariorem,
970 3458 1033 3523 quod
1050 3458 1133 3506 aDeo
1146 3457 1236 3505 meruit

180 3536 341 3587 valetudinem
358 3552 481 3600 corporum
496 3551 589 3584 suorum
605 3543 629 3583 et
644 3535 680 3583 vi·
731 3532 859 3583 fulminari.

180 3621 229 3661 tam
240 3612 284 3661 tibi
300 3612 422 3660 debebunt
434 3611 554 3659 mortales.
587 3612 682 3659 Animos
763 3610 820 3657 646.
833 3608 985 3670 Prohibent]
1003 3607 1110 3655 Praesens
1126 3620 1168 3668 pro
1185 3605 1236 3653 Fu-

179 3689 274 3735 reddere
284 3689 407 3746 odernptas,
416 3692 519 3732 mortuos
527 3684 552 3731 in
561 3683 634 3732 vitam
644 3700 681 3732 re·
731 3691 792 3740 turo,
808 3684 866 3750 quia
881 3691 949 3732 vates
966 3683 1046 3731 futura
1065 3688 1090 3729 ut
1106 3681 1237 3745 praeseutia

181 3776 274 3816 vocare,
287 3762 328 3807 tibi
336 3759 388 3821 fas,
403 3758 515 3824 possibile
530 3757 583 3815 erit,
598 3758 623 3806 in
639 3766 681 3808 tua
731 3758 776 3806 sibi
796 3758 896 3822 fingunt.
934 3758 976 3805 Bis
996 3767 1037 3804 too
1050 3757 1109 3820 fleto
1130 3757 1236 3813 novabis,

181 3842 298 3900 potestate
310 3833 362 3882 erit.
395 3832 512 3881 Pindarus
522 3833 594 3897 Pytb.
606 3834 630 3882 3.
641 3835 681 3883 83.
731 3832 851 3897 duplicem
869 3833 995 3898 experieris
1012 3829 1213 3897 metamorphosin
1229 3821 1248 3878 ι’

181 3916 331 3963 narrat,eum
341 3906 467 3956 herbarum
477 3907 680 3964 suecis,carmini-
732 3906 807 3970 primo
825 3921 838 3954 e
856 3905 937 3954 matris
957 3904 1078 3953 morientis
1095 3912 1162 3951 utero
1178 3919 1236 3967 rap-

180 3984 235 4037 bus,
249 3980 359 4029 amuletis
369 3988 393 4029 et
404 3982 464 4030 ferro
474 3982 567 4029 morbos
578 3981 681 4038 sanasse,
731 3990 786 4033 test
803 3980 907 4029 secundo
923 3980 965 4028 ubi
984 3996 999 4028 a
1016 3977 1122 4027 fulminis
1142 3979 1237 4026 confla-

183 4057 281 4105 vulnera
295 4061 367 4117 atque
379 4055 456 4104 calore
466 4063 508 4103 eut
518 4054 603 4119 frigore
619 4056 681 4103 male
731 4056 838 4118 grafione
853 4055 997 4104 reviviscens
1011 4054 1161 4102 divinitatem
1176 4067 1236 4101 con-

183 4131 269 4178 aflectn
283 4143 389 4192 corpora,
403 4136 454 4177 tum
472 4128 570 4177 avaritia
589 4129 680 4177 adduc·
731 4140 848 4193 sequutus
858 4146 891 4180 es.
927 4129 1027 4185 Nocere,
1039 4127 1073 4176 sic
1085 4128 1181 4186 eloim
1199 4126 1236 4175 xi.

184 4213 234 4253 tum
248 4211 364 4252 mortuum
376 4203 479 4268 aliquem
490 4203 515 4251 in
527 4203 599 4251 vitam
615 4219 679 4251 revo-
731 4203 788 4250 261.
