2812 5010
275 347 341 427 398,
573 346 612 412 Ρ.
636 340 800 410 OVIDII
824 341 1037 409 NASONIS

279 522 447 598 Ultimus
465 519 631 595 Ilioneus
649 543 724 592 non
741 516 955 617 profectura
971 519 1161 617 precando

280 638 446 715 Brachia
463 637 688 725 sustulerat3
711 645 734 675 “
756 635 883 735 Dique
901 636 968 710 0!''
985 637 1236 711 communiter
1252 659 1330 711 om·

280 756 453 842 Dixerat,
466 755 617 852 ignarus
635 779 710 829 non
725 778 856 828 omnes
875 777 960 827 esse
977 754 1176 851 rogandoS,
1248 755 1331 850 [nes

281 882 305 913 “
321 872 473 947 Parcite
487 871 520 944 !''
531 880 657 945 motus
668 880 760 954 erat,
776 895 893 968 quum
900 871 981 967 jam
991 871 1203 945 revocabile
1213 871 1331 945 telum

279 990 369 1065 Non
388 988 472 1075 fuit,
491 986 737 1076 Arcitenens;
759 987 913 1063 minimo
930 999 1057 1062 tamen
1070 987 1210 1063 occidit
1227 988 1292 1061 ille

280 1106 458 1192 Vulnere,
477 1128 552 1178 non
570 1105 645 1178 alte
664 1128 844 1204 percusso
861 1105 977 1180 corde
995 1105 1145 1200 sagitta.
1259 1108 1331 1177 266

282 1223 400 1297 Fama
416 1223 518 1309 mali,
531 1221 740 1320 populique
758 1221 876 1310 dolor,
891 1221 1132 1318 lacrimaeque
1151 1243 1304 1294 suorum

282 1339 378 1413 Tam
396 1338 531 1412 subitae
550 1347 708 1411 matrem
726 1349 868 1412 certam
885 1336 1009 1412 fecere
1027 1338 1156 1424 ruinae,

283 1454 488 1529 Mirantem
505 1453 687 1552 potuisse,
705 1453 1021 1552 irascentemque,
1038 1453 1142 1551 quod
1159 1453 1242 1527 ausi

284 1571 369 1646 Hoc
387 1581 516 1646 essent
536 1570 684 1668 Superi,
704 1572 808 1668 quod
825 1581 972 1646 tantum
987 1571 1084 1668 juris
1102 1571 1307 1658 haberent;

285 1687 386 1761 Nam
404 1696 513 1786 pater
527 1684 730 1784 Amphion,
746 1687 842 1761 serro
860 1711 928 1786 per
940 1696 1074 1785 pectus
1092 1686 1242 1773 adacto,
1261 1689 1330 1759 271

284 1802 453 1878 Finierat
469 1802 631 1876 moriens
649 1803 789 1901 pariter
806 1827 893 1877 eum
910 1804 995 1876 luce
1013 1798 1194 1878 dolor'em.

285 1917 394 1993 Heu!
414 1930 598 2017 quantum
615 1918 698 1992 haec
714 1918 838 1993 Niobe
858 1918 983 1993 Niobe
1000 1888 1168 1993 distabat
1183 1919 1232 1993 ab
1245 1918 1319 2005 illa,

286 2033 381 2120 Quae
398 2037 510 2110 modo
529 2032 657 2109 Latois
674 2037 856 2133 populum
873 2035 1113 2109 submoverat
1126 2034 1213 2123 aria,

286 2149 339 2226 Et
350 2152 514 2227 mediam
532 2152 670 2225 tulerat
686 2176 838 2248 gressus
855 2151 1033 2251 resupina
1045 2177 1113 2250 per
1130 2152 1276 2240 urbem,

287 2267 479 2359 Invidiosa
494 2269 595 2360 suis3
617 2278 656 2342 at
673 2294 773 2343 nunc
791 2269 1004 2343 miseranda
1020 2269 1079 2368 vel
1096 2268 1210 2356 hosti,
1262 2272 1334 2341 276

286 2382 517 2484 Corporibus
535 2387 670 2483 gelidis
688 2385 892 2476 incumbit;
921 2398 961 2462 et
977 2386 1106 2461 ordine
1123 2386 1229 2460 nullo

289 2499 434 2576 Oscula
449 2502 644 2604 dispensat
660 2514 768 2577 natos
787 2527 963 2603 suprema
976 2527 1044 2602 per
1060 2527 1206 2578 omnes.

289 2718 329 2767 im
339 2735 394 2768 aera
404 2725 500 2786 rumpit,
511 2720 556 2770 hoc
567 2728 647 2771 autem
658 2720 720 2779 loeo,
732 2731 790 2771 tere-
840 2723 897 2773 dum
908 2723 1058 2788 Timagoran
1073 2738 1149 2772 casua
1164 2728 1202 2771 est
1211 2736 1230 2770 ‘a
1240 2720 1337 2788 Spartir.

289 2793 351 2850 brat,
367 2793 471 2858 perforat
486 2813 577 2845 aarum.
604 2795 652 2844 Sed
666 2797 738 2845 verba
754 2804 790 2846 te·
842 2796 948 2847 Dolorem
965 2797 1066 2847 Ienzius
1080 2794 1193 2859 intelligit
1211 2811 1225 2845 e
1242 2795 1338 2844 vnlnere

193 2865 200 2885 ³
288 2882 354 2917 mere
380 2870 514 2920 cumulasse
532 2870 626 2920 videtur
651 2869 792 2921 seeundum
840 2880 998 2938 conceptum:
1016 2871 1132 2941 malim,e
1146 2870 1336 2935 jacturalibero·

291 2942 373 2992 Ovidii
383 2942 523 3007 ingenium:
540 2945 637 3010 sanguis
652 2961 674 2993 re
689 2949 791 3009 eiacula-
841 2964 902 2998 rum.
935 2946 1014 2995 Niobe
1024 2946 1097 3003 dolet,
1107 2944 1150 2993 aed
1158 2943 1280 3009 Amphion
1291 2944 1339 2993 finit

290 3024 341 3072 tur,
356 3019 445 3074 emieat,
461 3021 559 3080 prosilit,
581 3021 680 3067 terebrat
700 3037 790 3068 aarum.
840 3022 958 3071 dolorem:
977 3019 1019 3069 sed
1035 3035 1066 3068 ne
1076 3028 1151 3068 morte
1162 3019 1262 3084 quidem
1276 3018 1338 3068 dolo-

290 3089 368 3139 Paulo
386 3099 440 3156 post
458 3092 484 3141 in
505 3095 597 3142 minimo
616 3093 792 3143 vulneratum
842 3113 894 3146 rem
906 3095 974 3144 finire
989 3094 1081 3161 potuit3
1099 3093 1163 3159 apud
1178 3093 1268 3142 inferos
1280 3093 1339 3142 enim

292 3161 404 3213 Ovidius.
841 3171 893 3237 ejus
904 3169 1063 3226 contumelia,
1075 3184 1124 3233 qua
1133 3167 1214 3217 Niobe
1224 3170 1338 3216 Latonam

324 3240 381 3288 268.
394 3239 449 3288 Tam
457 3242 536 3289 subite
546 3245 638 3302 ruine3
655 3249 746 3306 strages
757 3247 792 3290 lot
842 3243 930 3301 affecit,
951 3258 1035 3310 poenaa
1055 3242 1157 3309 pendere
1184 3242 1338 3292 credebatur:

291 3310 393 3362 filiorum
408 3314 503 3379 egregie
516 3330 639 3376 carorum
656 3324 740 3364 certam
748 3315 791 3379 fe·
841 3317 982 3373 Pausanias,
994 3319 1075 3366 Boeot.
1086 3332 1110 3381 p.
1122 3317 1179 3365 721.

291 3403 342 3436 cere
361 3387 514 3438 admonuere.
547 3389 645 3439 Miratio
660 3391 685 3439 in
700 3405 792 3438 summo
874 3393 931 3451 273.
949 3392 1006 3440 Haec
1020 3391 1099 3447 Niobe,
1115 3390 1184 3455 quasi
1200 3389 1251 3439 alia
1263 3383 1338 3447 easel;

291 3461 376 3512 dolore
393 3461 433 3511 vix
454 3464 533 3513 locum
552 3463 665 3514 babebat.
706 3465 792 3514 Verius
842 3465 977 3515 AEneidii.
990 3466 1047 3514 274.
1065 3474 1176 3528 quantum
1194 3475 1299 3514 mutetur
1315 3465 1339 3512 ol

291 3552 341 3585 ver.
350 3538 399 3585 280
410 3553 462 3602 seq.
473 3537 524 3603 ejus
535 3536 635 3588 affectus
645 3554 776 3605 expressus.
842 3541 883 3588 iilo
894 3541 1001 3589 Hectore.
1023 3540 1139 3603 Magnam
1151 3546 1233 3586 autem
1243 3537 1293 3587 vim
1301 3538 1340 3586 ba-

325 3613 383 3661 271.
395 3613 507 3675 Amphion
525 3612 589 3676 apud
607 3612 750 3669 Lucanum,
761 3612 792 3661 de
842 3614 884 3662 bet
894 3613 998 3680 pristina
1006 3621 1030 3662 et
1040 3611 1162 3676 praesentis
1170 3611 1339 3661 fortunoeeom·

291 3685 378 3734 Saltat.
396 3687 436 3735 41.
455 3703 504 3752 prae
527 3686 607 3737 dolore
628 3687 659 3736 ad
675 3686 793 3735 insaniam
843 3688 943 3754 paratio.
975 3687 1085 3736 Pristinae
1101 3686 1238 3750 repetendae
1258 3685 1339 3735 immo·

293 3756 413 3823 adigitur;
429 3760 485 3808 iude
500 3761 562 3810 sorte
578 3760 630 3826 ipse
649 3760 735 3810 ferrum
751 3776 793 3826 per
844 3771 918 3812 ratur.
963 3762 1089 3823 Reuepiua.
1116 3760 1182 3810 Vide
1200 3761 1232 3809 ad
1250 3775 1340 3809 versum

293 3841 378 3898 pectus
392 3834 489 3898 adegit;
507 3850 647 3901 quanquam
659 3835 711 3884 haec
722 3836 795 3885 verba
846 3839 900 3886 169.
939 3837 1075 3895 Invtdiosa5
1102 3849 1177 3898 quum
1203 3835 1229 3883 in
1253 3848 1341 3884 summa

293 3906 366 3955 etiam
383 3904 413 3956 ex
431 3908 544 3974 Apollod.
563 3911 678 3976 explicari
695 3910 793 3976 possint,
843 3919 923 3959 nostra
941 3909 1056 3959 felicitate
1077 3908 1149 3958 etiam
1170 3909 1244 3958 nostri
1265 3910 1340 3958 dicere

294 3979 410 4041 ἐτοξεύθη
428 3980 453 4030 δὲ
469 3983 510 4032 rai
528 3986 608 4044 Ζῆθος
621 3983 793 4050 rnl’Appiom.
843 3984 943 4042 soleant,
970 3984 1071 4033 Invideo
1096 3983 1140 4032 tihi
1163 3983 1227 4033 banc
1250 3993 1340 4034 sortem.

295 4053 401 4103 Auctore
409 4057 601 4121 Hygino,fabula
607 4061 631 4109 9.
637 4075 711 4124 quum
717 4059 793 4124 Apol·
844 4060 1024 4121 Dispeasnatur,
1035 4074 1089 4125 quae
1099 4073 1141 4124 per
1151 4066 1233 4123 partes
1243 4074 1272 4108 ac
1281 4058 1342 4107 vices

294 4126 351 4176 linis
368 4130 484 4196 templum
505 4148 641 4198 expugnare
658 4132 739 4191 vellet,
756 4133 792 4182 in·
844 4133 911 4191 liunt,
920 4149 968 4182 non
976 4150 1024 4184 uno
1030 4140 1158 4182 momento.
1174 4134 1262 4183 Horat.
1268 4134 1290 4182 1.
1297 4131 1343 4182 od.

295 4201 410 4252 terficitur
427 4205 536 4270 ejusdem
551 4207 598 4258 Dei
615 4207 677 4258 telis.
704 4209 793 4257 Secun-
844 4207 925 4257 xxxvi.
936 4209 962 4258 6.
974 4211 1079 4258 diuidere
1090 4207 1176 4256 orcula.
