2812 5010
206 324 258 389 811
439 336 441 340 “
490 323 536 388 -Ρ,
561 321 723 388 OVIDII
747 321 958 400 NASONIS

204 497 450 573 Prodierant:
469 495 595 594 prodit
608 496 763 583 bellum,
784 497 886 594 quod
904 506 1048 594 pugnat
1066 508 1250 596 utroque;

207 615 500 714 sanguineaque
516 638 630 688 manu
648 612 875 711 crepitantia
891 612 1059 687 concutit
1076 639 1190 689 arma.

203 731 350 806 Vivitur
360 756 409 807 ex
420 741 544 830 rapto:
566 755 640 803 non
658 732 796 829 hospes
815 731 863 805 ab
881 730 1029 829 hospite
1046 740 1163 818 tutus,
1182 735 1252 804 144

206 847 294 923 Non
314 872 421 923 socer
440 872 463 922 a
482 871 647 944 genero:
676 846 832 922 fratrum
858 871 1011 945 quoque
1031 848 1152 945 gratia
1173 871 1257 922 rara

207 963 385 1040 Imminet
401 964 519 1040 exitio
536 964 591 1037 vir
609 965 793 1061 conjugis
813 964 878 1039 illa
895 963 1040 1038 mariti:
1156 965 1254 1060 [est:

206 1081 345 1158 Lurida
362 1081 546 1156 terribiles
565 1081 729 1155 miscent
743 1081 891 1156 aconita
907 1104 1077 1154 novercae
1093 1106 1103 1154 ;

206 1197 322 1272 Filius
341 1208 428 1273 ante
447 1198 547 1272 diem
566 1197 707 1295 patrios
726 1196 881 1293 inquirit
899 1197 937 1270 in
955 1221 1094 1271 annos:

204 1315 316 1389 Victa
328 1318 433 1412 Jacet
451 1315 600 1404 Pietas3
624 1324 663 1387 et
677 1312 793 1410 Virgo
811 1314 916 1387 caede
934 1314 1142 1398 madentes,

204 1430 349 1505 Ultima
362 1432 570 1518 coelestum,
590 1441 708 1504 terras
725 1429 875 1504 Astraea
892 1428 1060 1526 reliquit.
1184 1430 1254 1499 150

204 1737 252 1770 ver.
276 1723 330 1779 136,
350 1727 375 1771 et
402 1721 535 1772 Amaldum
554 1723 580 1770 in
600 1721 703 1787 Specim.
755 1722 797 1789 qni
815 1739 845 1771 ex
863 1721 982 1770 natalibus
1000 1721 1079 1768 lutura
1096 1718 1258 1786 predicebant

204 1794 331 1845 Animadv.
342 1813 366 1862 p.
379 1797 418 1844 74.
755 1795 871 1861 (Gellius,
881 1796 914 1843 N.
924 1793 956 1842 A.
965 1793 983 1841 i.
995 1794 1035 1853 9.)
1047 1808 1143 1849 annum,
1155 1808 1202 1857 qno
1213 1808 1256 1857 pa·

237 1870 292 1919 144.
318 1870 410 1919 Vivitur
433 1887 460 1918 en
484 1870 570 1934 rapta]
602 1872 705 1921 Gravem
755 1879 791 1919 ter
805 1869 931 1918 moriturus
945 1868 990 1916 sit:
1009 1877 1063 1916 ante
1077 1869 1136 1916 etiem
1150 1869 1258 1931 inquirit,

203 1941 265 1992 hanc
284 1942 419 1993 vitiositatis
435 1944 546 1992 humanas
564 1944 705 2010 deploratio·
755 1945 863 2010 praescire
884 1943 958 2009 cupit.
975 1943 1054 2000 Silius,
1074 1941 1109 1991 iii.
1133 1944 1170 1998 13,
1192 1958 1259 1990 casin

204 2033 260 2066 nem
275 2018 367 2068 Seneca
382 2018 473 2076 laudat,
488 2019 518 2067 de
532 2019 572 2067 Ira
584 2019 610 2069 ii.
622 2021 654 2079 83
674 2019 705 2068 de
754 2019 914 2082 scirefntnros
929 2018 988 2064 Ante
1004 2018 1070 2064 diem.
1102 2015 1189 2064 Lenzio
1204 2014 1257 2064 haec

205 2091 289 2142 Benel.
300 2110 324 2142 v.
343 2095 386 2154 153
402 2094 437 2141 N.
451 2096 484 2151 Q.
500 2110 525 2158 p.
540 2095 597 2142 911.
629 2094 706 2143 Iocus
755 2091 872 2157 impietas,
894 2092 919 2139 in
941 2090 985 2138 hac
1007 2090 1103 2155 quidem
1128 2085 1258 2146 notatione,

205 2165 360 2216 adumbratus
391 2183 421 2217 er
450 2167 548 2216 Hcsind.
579 2183 625 2217 ver.
659 2170 706 2217 182
756 2182 802 2216 non
818 2167 876 2215 satis
890 2181 977 2230 magna
992 2164 1099 2224 ridetur3
1122 2164 1203 2228 itaque
1221 2163 1258 2212 his

204 2257 257 2305 sqq.
290 2240 351 2291 Οὐδὲ
369 2243 454 2307 πατὴρ
464 2240 594 2292 παίδεσσιν
603 2241 704 2306 ὁμοίως,
756 2240 833 2289 verbis
845 2239 941 2305 subjicit
951 2239 974 2287 h.
982 2254 1089 2287 sensum:
1102 2237 1153 2302 ipse
1163 2239 1191 2285 fit
1201 2254 1257 2287 auc·

205 2313 260 2364 οὐδὲ
270 2334 294 2365 τι
303 2314 398 2374 renides,
407 2314 469 2365 Οὐδὲ
479 2317 558 2374 ξεῖνος
569 2314 706 2380 ξεινοδόκῳ,

202 2390 244 2438 καὶ
259 2383 354 2456 ἐταῖρός
371 2389 464 2455 ἑταίρῳ,
478 2387 540 2440 Οὐδὲ
557 2388 707 2454 κασίγνητος

203 2463 274 2528 φίλος
284 2463 387 2514 ἔσσεται.
414 2465 527 2514 Nostrum
538 2465 652 2529 expressit
662 2465 705 2513 Se·

202 2553 256 2587 nec.
266 2537 339 2603 Hipp.
348 2553 398 2601 ver.
409 2541 458 2588 553
473 2555 527 2603 sqq.
537 2538 579 2586 sed
591 2554 638 2588 non
648 2536 706 2587 satis

205 2611 317 2660 feliciter.

238 2687 294 2735 145.
319 2686 425 2749 Gratim]
453 2684 593 2736 Concordia.
627 2687 705 2735 immi·

204 2770 242 2808 net
254 2775 326 2823 grave
338 2761 402 2810 verb.
413 2758 500 2823 cupide
511 2759 592 2808 instat.

239 2835 293 2882 147.
312 2833 402 2881 Lrtridc
415 2833 526 2896 aconita]
546 2832 613 2889 Atra,
630 2830 707 2880 tristia

204 2922 304 2956 venena.
337 2907 375 2955 De
390 2906 572 2968 cernitqherba
581 2914 707 2963 venenata,

204 2979 251 3029 vid.
269 2979 331 3029 insra
347 2980 389 3029 vii.
407 2982 462 3030 415,
497 2981 600 3029 Luridns
615 2979 707 3046 proprie

204 3052 235 3101 de
256 3052 346 3117 pallore
370 3052 511 3102 cadaverum
533 3052 632 3101 dicitur:
658 3053 707 3102 vid.

204 3127 324 3176 Brouclrh.
353 3126 384 3174 ad
411 3127 517 3192 Propert.
540 3127 587 3175 IV.
611 3125 655 3174 vii.
684 3129 707 3177 2.

205 3201 270 3249 Hinc
287 3200 360 3249 etiam
378 3216 470 3249 venena
488 3200 581 3249 letifera
597 3199 708 3250 dicuntur

206 3275 286 3322 larido
297 3275 328 3322 ah
339 3273 436 3323 effectu.
464 3275 529 3322 Ante
537 3274 617 3323 oculos
627 3282 706 3323 autem

206 3349 293 3396 Noster
314 3347 397 3396 habuit
418 3347 485 3411 virg.
506 3349 594 3413 Georg.
610 3347 637 3396 ii.
661 3351 706 3398 128

175 3455 178 3460 -
204 3439 257 3487 sqq.
269 3423 310 3471 ubi
321 3439 381 3470 saenae
389 3439 487 3471 novercis
497 3425 590 3471 miscent
598 3424 676 3471 lrerbcs
685 3434 706 3472 et

158 3542 162 3546 .
205 3514 252 3545 non
267 3499 361 3545 innoxia
380 3499 454 3544 verbm
482 3495 570 3544 Claud.
587 3512 627 3545 xv.
644 3497 705 3545 173:

205 3572 483 3636 Adlrucignotcnovercis
492 3570 613 3619 Gramina.
637 3570 707 3620 Adeo

204 3645 267 3694 male
290 3645 346 3694 olim
369 3645 498 3694 audiebant
517 3645 638 3694 novercae!
666 3645 706 3694 Ad

204 3719 325 3784 exemplar
336 3719 426 3775 Nostri,
437 3727 462 3767 et
471 3719 501 3767 ab
517 3718 603 3767 effectu
614 3718 706 3777 veneni,

203 3791 335 3848 iuvenalis,
345 3791 376 3840 de
386 3801 493 3840 matrona
504 3807 557 3856 qum
569 3792 618 3840 viro
629 3796 707 3842 miscet

204 3863 299 3913 sitiente
319 3866 436 3922 rubetam,
456 3863 525 3922 dixit,
545 3866 595 3914 Sat.
614 3865 631 3914 i.
654 3883 705 3916 ver.

205 3938 246 3994 72,
256 3940 359 3985 institnit
370 3941 447 4003 nigros
456 3939 537 4004 efferre
551 3943 650 3998 maritos,
660 3942 705 3991 sci·

204 4010 260 4061 licet
271 4027 361 4063 veneno
371 4010 447 4061 lurido
457 4014 592 4063 exstinctos.

242 4088 296 4135 148.
313 4085 425 4150 Inquirit,
438 4089 499 4151 etc]
520 4090 611 4145 Quaerit
627 4090 705 4137 alila-

206 4160 348 4218 thernaticis,
371 4178 390 4210 s.
429 4161 560 4219 Chaldaeis,
583 4162 705 4228 astrologis

756 2321 792 2363 tor
804 2315 884 2363 mortis
897 2322 1044 2379 prematnrae
1056 2312 1127 2378 patri.
1161 2312 1191 2360 Id
1202 2328 1261 2361 vero

756 2389 828 2437 verba
837 2388 970 2453 significare
981 2402 1028 2434 non
1037 2394 1145 2450 possunt.
1177 2385 1258 2434 Tacit.

756 2461 805 2510 An.
812 2462 845 2510 iii.
854 2464 886 2510 22
896 2481 901 2509 :
923 2462 1047 2515 Quasitnm
1055 2476 1097 2521 per
1106 2460 1222 2509 Chaldaeos
1232 2463 1258 2508 in

756 2537 845 2584 &mum
857 2536 959 2592 Caesoris,
972 2534 1013 2583 ubi
1023 2533 1118 2599 Lipsius
1134 2544 1158 2583 et
1169 2535 1217 2584 suis
1234 2542 1259 2583 et

756 2609 847 2659 Tertnl.
862 2610 938 2659 verbis
958 2616 1046 2666 monet,
1064 2625 1137 2673 quam
1155 2611 1258 2676 capitale

756 2684 781 2733 id
791 2684 830 2733 sit.
863 2684 973 2732 Varietas
985 2692 1066 2732 tamen
1081 2683 1191 2733 lectionis
1207 2701 1257 2735 ma-

756 2756 839 2806 teriam
854 2757 997 2806 emendandi
1006 2759 1096 2821 largam
1112 2759 1259 2824 suppeditat.

757 2832 826 2880 Forte
839 2830 912 2880 Ovid.
926 2830 1031 2896 scripsit:
1051 2835 1160 2893 irrumpit
1175 2836 1201 2881 in
1213 2853 1257 2883 cn-

756 2921 803 2953 rros.
827 2905 879 2954 Cic.
890 2903 942 2968 Lig.
954 2907 979 2954 5.
991 2906 1117 2966 irrumpere
1130 2907 1156 2952 ia
1162 2907 1259 2969 fletum,

757 2995 811 3029 eum
832 2978 992 3043 interpellare,
1013 2977 1162 3043 abrumpere.
1182 2978 1259 3029 Tacit

752 3052 805 3102 An.
819 3053 852 3103 iv.
863 3055 903 3110 67,
921 3055 1045 3113 immpere
1062 3056 1157 3115 quietem
1173 3053 1258 3103 eodem

756 3141 836 3175 sensu.
868 3127 929 3175 Tum
947 3136 1001 3173 ante
1017 3127 1084 3181 diem,
1098 3126 1191 3175 scilicet
1209 3127 1259 3176 lato

756 3199 908 3258 destinatum,
926 3208 953 3249 ut
968 3200 1022 3249 Art.
1040 3200 1122 3250 Amat.
1140 3200 1174 3248 iii.
1193 3203 1257 3262 7395

756 3273 824 3340 Virg.
835 3275 932 3324 AEneid.
942 3275 974 3322 iv.
984 3276 1040 3325 696.

791 3351 845 3398 149.
862 3339 962 3414 Pietas]
981 3351 1056 3399 Amor
1074 3351 1260 3414 consanguineo·

756 3439 808 3471 rum
822 3431 933 3485 mutuus3
950 3427 1011 3473 victa
1016 3428 1084 3487 jacet
1092 3424 1195 3488 graviter
1206 3425 1258 3475 dic·

757 3504 815 3555 tum,
833 3500 932 3564 expulsa
948 3508 993 3547 est.
1026 3499 1169 3564 Metaphora
1185 3502 1261 3566 petita

757 3573 787 3621 ab
798 3573 904 3622 hostibus
914 3583 956 3623 aut
966 3573 1137 3638 gladiatoribus
1146 3575 1225 3625 victis.

790 3650 844 3697 150.
863 3647 932 3714 Virgo
949 3648 1058 3711 Astron]
1076 3648 1176 3698 Justitia
1186 3686 1193 3706 ,
1203 3667 1257 3714 quie

756 3720 828 3769 etiarn
844 3720 982 3787 simpliciter
1001 3722 1078 3788 Virgo,
1091 3729 1115 3770 et
1132 3737 1147 3770 a
1162 3723 1258 3774 Caesare

755 3795 836 3843 Germ.
839 3797 968 3857 justissima
976 3797 1041 3861 virgo
1051 3795 1145 3844 dicitur.
1161 3797 1260 3847 Relicta

754 3874 826 3925 terra,
838 3868 906 3918 lovis
923 3869 1022 3918 in'coelo
1037 3870 1133 3918 resedit.
1169 3870 1259 3920 Ultima

754 3944 875 3999 colesium,
886 3952 936 3991 erat
946 3943 1009 3991 enirn
1017 3945 1089 3993 etiam
1101 3945 1144 3994 hoc
1155 3945 1179 3992 in
1191 3948 1258 4008 aurei

755 4016 828 4065 seculi
839 4015 914 4073 bonis,
926 4024 952 4065 ut
963 4017 1004 4065 Dii
1012 4027 1140 4082 praesentes
1150 4019 1258 4068 homines

756 4090 866 4140 viserent.
877 4091 942 4139 Fast.
952 4090 969 4140 i.
981 4093 1040 4143 247.
