2812 5010
366 334 837 404 METAMORPHOSEON
862 333 953 402 LIB.
978 337 1041 403 IV.
1155 338 1220 405 281

178 511 208 585 Ε
227 512 365 610 quibus
383 512 449 586 illa
464 510 536 585 fuit
550 511 663 608 longa
681 509 902 606 dignissima
917 511 1013 584 vita!

179 628 318 702 Nostra
334 652 474 703 nocens
484 628 610 702 anima
623 637 701 702 est:
723 651 793 723 ego
804 637 855 715 te,
872 626 1096 716 miseranda,
1112 644 1220 730 pere-⁴

175 743 218 818 In
237 745 323 819 loca
340 747 453 844 plena
470 754 593 819 metus
612 742 677 840 qui
692 742 789 841 jussi
808 753 921 816 nocte
938 745 1106 836 venires;
1137 750 1218 844 [mi,

173 859 257 934 Nec
275 859 376 958 prior
393 861 466 933 huc
480 859 585 933 veni!
604 869 774 932 nostrum
791 859 956 934 divellite
975 885 1124 960 corpus
1148 869 1218 938 112

174 974 224 1049 Et
242 978 427 1050 scelerata
442 976 519 1050 fero
537 974 747 1050 consumite
765 977 910 1050 viscera
925 972 1064 1066 morsu,

176 1091 208 1163 O
229 1094 448 1191 quicunque
466 1096 537 1167 sub
555 1094 626 1167 hac
644 1093 823 1167 habitatis
841 1117 946 1190 rupe,
961 1093 1112 1168 leones!

179 1207 257 1281 Sed
274 1207 397 1281 timidi
415 1205 475 1282 est
492 1219 623 1307 optare
641 1208 811 1282 necem.''
846 1207 1045 1282 Velamina
1061 1209 1224 1288 Thisbes

177 1321 302 1410 Tollit,
323 1322 361 1398 et
379 1325 427 1399 ad
444 1336 564 1423 pactae
584 1348 713 1398 secum
728 1323 800 1397 fert
817 1323 958 1397 arboris
976 1321 1168 1418 umbram3

179 1438 308 1537 thue
326 1442 432 1516 dedit
448 1452 545 1515 notae
564 1442 762 1540 lacrymae,
781 1441 888 1514 dedit
905 1442 1036 1514 oscula
1052 1444 1147 1516 vesti
1161 1470 1169 1520 :

180 1563 202 1592 “
218 1555 363 1656 Accipe
378 1559 515 1645 nunc,’'
532 1559 668 1656 inquit,
690 1566 714 1596 “
728 1557 845 1630 nostri
859 1580 1012 1655 quoque
1031 1559 1224 1657 sanguinis

328 1668 485 1747 haustus
500 1672 536 1763 ;''

182 1786 342 1887 Quoque
360 1801 440 1864 erat
457 1791 661 1873 accinctus,
680 1788 847 1862 demittit
864 1788 902 1861 in
920 1789 984 1863 ilia
1000 1790 1160 1869 ferrum:

183 1903 216 1975 N
220 1929 263 1978 ec
282 1928 406 1995 mora3
436 1906 592 1980 ferventi
611 1902 775 1978 moriens
793 1929 815 1978 e
832 1904 985 1979 vulnere
1002 1904 1131 1983 traxit.
1154 1914 1233 1984 120.

184 2019 235 2092 Ut
248 2022 370 2117 jacuit
386 2022 584 2120 resupinus
602 2021 719 2108 humi,
738 2046 847 2095 cruor
861 2021 998 2095 emicat
1015 2025 1111 2113 alte;

184 2136 268 2210 Non
288 2138 406 2226 aliter,
421 2164 536 2237 quam
555 2135 673 2237 quum
689 2139 820 2213 vitiato
838 2138 963 2212 fistula
981 2139 1136 2236 plumbo

184 2253 385 2340 Scinditur,
405 2266 593 2330 attenues
611 2255 794 2329 stridente
811 2253 991 2329 foramine
1008 2254 1121 2353 longe

183 2368 402 2466 Ejaculatnr
419 2396 559 2469 aquas3
589 2382 705 2469 atque
722 2371 860 2444 ictibus
879 2395 966 2445 aera
976 2365 1135 2470 rumpit.

181 2485 338 2560 Arborei
356 2487 466 2561 foetus
485 2489 682 2587 aspergine
700 2489 815 2562 caedis
833 2488 872 2560 in
890 2498 1009 2560 atram
1156 2496 1225 2566 125

181 2601 390 2678 Vertuntur
406 2603 562 2693 faciem3
590 2606 876 2703 madefactaque
895 2605 1077 2702 sanguine
1095 2608 1202 2681 radix

182 2717 359 2792 Poeniceo
376 2720 514 2816 tinguit
531 2721 735 2819 pendentia
753 2745 858 2795 mora
875 2722 1012 2794 colore.

231 2835 346 2924 Ecce,
367 2849 470 2911 metu
488 2840 655 2912 nondum
673 2839 809 2937 posito,
828 2861 876 2911 ne
900 2837 1005 2911 fallat
1022 2850 1224 2931 amantem,

217 3072 272 3119 ll6.
293 3072 371 3119 Pacta
381 3074 475 3129 arboria,
486 3071 516 3121 ad
534 3089 606 3137 quam
623 3090 679 3123 con-

181 3145 260 3193 venire
272 3145 451 3192 constituerant.

215 3221 271 3266 118.
289 3218 393 3266 Harrstue
414 3222 542 3284 sangoinis,
563 3221 679 3286 profluen-

181 3300 229 3340 tem
244 3291 402 3355 seuguinem:
421 3292 462 3342 vii.
474 3295 536 3354 3333
554 3294 605 3343 xiii.
622 3297 679 3344 331.

184 3366 265 3414 Traxit
284 3383 296 3414 e
312 3368 414 3422 orrlnere,
433 3382 480 3430 quo
500 3368 609 3425 celerius,
627 3386 681 3418 san·

180 3439 253 3502 guine
270 3438 363 3496 emisso,
371 3440 495 3505 expiraret.
521 3443 619 3491 Ferreae
628 3447 680 3492 oul-

182 3531 225 3561 nus
240 3513 372 3578 eleganter,
382 3516 476 3571 vulnus,
487 3532 516 3564 ex
532 3533 579 3580 quo
596 3518 681 3566 ebullit

182 3587 278 3651 sanguis
287 3588 387 3637 calidus.
408 3589 479 3646 Quod
490 3590 575 3654 Virgil.
582 3592 680 3640 AEneid.

182 3661 215 3709 iv.
228 3664 287 3711 689.
303 3663 371 3719 dixit,
389 3667 466 3712 stridit
481 3667 573 3724 vulnus,
587 3666 613 3714 id
630 3667 681 3715 Nu·

184 3744 229 3786 ster
240 3736 396 3785 similitudine
408 3738 519 3787 illustrat.

217 3812 273 3858 121.
284 3811 378 3874 Horret]
394 3811 475 3860 Nostri
487 3812 595 3869 Codices,
607 3815 680 3863 bomo.

184 3885 238 3932 Non
260 3885 320 3933 tanti
340 3885 446 3934 lecerunt
464 3887 624 3949 grammaticae
644 3905 681 3937 re-

182 3959 250 4021 gulas
260 3957 385 4022 scriptores
395 3959 496 4024 antiqui,
505 3969 531 4008 ut
541 3961 570 4009 ab
579 3977 609 4010 ea
620 3978 680 4010 nun·

184 4046 255 4094 quam
276 4031 430 4092 recederent;
452 4034 516 4098 quod
530 4033 582 4098 jam
602 4036 681 4084 obser-

729 3073 809 3123 litum.
841 3075 937 3130 Vitiari,
948 3072 1041 3134 scindi3
1058 3089 1137 3138 supra,
1147 3077 1229 3124 vitium

728 3148 833 3215 parietis,
861 3150 928 3197 rima.
973 3148 1108 3209 Ejaculatnr
1134 3151 1229 3214 sanguis

730 3222 803 3271 etiarn
814 3223 846 3270 vi.
857 3223 913 3270 260.
924 3220 1064 3270 describitur
1081 3221 1166 3286 partim
1186 3223 1227 3271 iis-

730 3297 793 3353 dem,
805 3298 891 3362 partim
903 3296 957 3345 aliis
967 3295 1055 3343 verbis.
1080 3296 1152 3351 Nam,
1164 3298 1229 3362 quod

730 3371 769 3419 hic
781 3380 825 3429 est,
836 3375 918 3420 ictibus
928 3387 982 3418 aero
993 3373 1088 3432 rumpit,
1098 3369 1124 3418 id
1137 3369 1170 3418 ibi
1182 3388 1229 3420 uon

730 3445 809 3494 minus
826 3455 915 3501 ornate,
927 3447 1040 3493 terebrata
1054 3447 1143 3507 prosilit
1160 3463 1228 3495 auru.

730 3520 800 3576 Mox,
813 3521 910 3567 Arborei
913 3519 1101 3583 fretus—colore,
1113 3517 1177 3566 idem
1191 3519 1229 3568 bis

730 3609 809 3641 rursus
818 3591 887 3640 dixit.

764 3666 819 3714 128.
836 3666 927 3713 Fallere
941 3674 1063 3720 amantem,
1076 3663 1177 3712 formula
1191 3679 1228 3712 so-
1301 3663 1305 3672 '

730 3739 807 3787 lenuis
827 3739 857 3788 de
877 3737 972 3804 puellis,
995 3736 1048 3803 quaa
1076 3752 1123 3783 nou
1143 3743 1228 3800 presto

730 3813 827 3863 suntad
842 3813 932 3861 dictum
947 3812 1037 3868 locum,
1049 3827 1074 3858 se
1085 3810 1171 3857 frustra
1186 3825 1227 3858 ex-

730 3888 820 3952 pectari
835 3887 923 3934 sinunt.
952 3887 1031 3933 Oculis
1046 3887 1164 3945 animoque
1182 3900 1228 3947 req.

730 3979 848 4011 summum
865 3961 1008 4009 desiderium
1021 3957 1139 4024 exprimit.
1166 3958 1229 4008 Prin.

729 4036 777 4083 VI.
795 4037 840 4100 Ep.
859 4053 883 4083 x.
902 4038 933 4082 2:
956 4037 1023 4082 illum
1041 4037 1140 4087 animus,
1161 4033 1229 4081 illum

185 4104 290 4152 ravimus
308 4105 334 4152 in
350 4106 445 4155 Caesare
462 4115 548 4156 nostro.
580 4109 619 4157 Ita
635 4110 680 4158 hoc
730 4113 791 4159 ocati
798 4113 950 4174 requirebant.
969 4108 1081 4158 Similiter
1089 4111 1164 4155 animo
1175 4125 1227 4155 ocu-

184 4176 234 4225 loco
251 4179 326 4235 bomo,
343 4195 385 4243 pro
406 4182 476 4236 humi,
496 4197 543 4229 non
563 4190 599 4230 est
619 4182 680 4231 inso-
731 4187 880 4248 lispuesequi,
892 4185 954 4233 infra
965 4183 1070 4232 xitoae
1093 4182 1228 4231 Gestitver-
