2812 5010
293 335 764 402 METAMORPHOSEON
787 335 880 402 LIB.
904 336 974 402 111.
1082 339 1147 404 241

95 507 399 608 Narcissumque
416 520 546 585 vocat:
575 511 624 584 de
642 534 718 607 quo
737 512 945 599 consultus,
962 536 1010 586 an
1028 525 1131 590 esset
1161 578 1164 582 ,

94 624 287 725 Tempora
302 636 458 702 maturae
474 627 620 702 visurus
637 628 750 723 longa
768 637 952 716 senectae;

96 741 292 818 Fatidicus
310 756 426 833 vates
449 746 490 818 Si
509 769 550 818 se
567 770 643 819 non
659 743 806 830 viderit,
825 744 961 840 inquit.

96 857 209 933 Vana
226 861 290 934 diu
307 861 388 935 visa
404 872 464 936 est
479 886 553 934 vox
572 861 744 958 auguris:
774 859 899 934 exitus
917 860 1031 949 illam,
1073 867 1147 938 349

98 973 258 1074 Resque
276 980 423 1076 probat,
442 978 585 1076 letique
606 1001 738 1073 genus,
758 977 981 1073 novitasque
998 977 1146 1053 furoris

95 1089 264 1189 Jamque
282 1103 339 1168 ter
356 1093 404 1168 ad
421 1094 558 1193 quinos
576 1117 691 1166 unum
712 1092 914 1190 Cephisius
933 1116 1073 1168 annum

95 1206 329 1300 Addiderat3
358 1221 581 1310 poteratque
599 1235 693 1308 puer
705 1209 931 1307 juvenisque
949 1210 1080 1286 videri.

99 1325 217 1399 Multi
234 1327 339 1401 illurn
352 1329 524 1425 juvenes,
544 1329 673 1401 multae
689 1327 842 1424 cupiere
860 1328 1009 1425 puellae.

100 1443 181 1515 Sed
197 1443 269 1516 fuit
285 1445 323 1517 in
341 1455 470 1518 tenera
487 1454 564 1516 tam
582 1444 664 1516 dira
681 1443 858 1540 superbia
874 1442 1013 1533 forma3

99 1560 207 1633 Nulli
224 1561 329 1634 illum
341 1563 515 1659 juvenes,
534 1562 645 1633 nullae
662 1559 820 1656 tetigere
838 1560 986 1657 puellae.
1071 1565 1145 1637 355

150 1675 299 1775 Aspicit
308 1677 420 1763 hunc,
434 1677 599 1775 trepidos
614 1677 819 1771 agitantem
835 1674 873 1747 in
889 1676 984 1748 retia
1001 1696 1144 1765 cervoS,

96 1794 251 1868 Vocalis
268 1794 469 1892 Nymphe3
491 1817 577 1891 quae
590 1816 661 1866 nec
676 1791 834 1865 reticere
849 1792 1033 1888 loquenti,

98 1910 136 1982 N
140 1936 183 1984 ec
201 1910 302 2009 prior
319 1911 403 2009 ipsa
419 1910 523 2006 loqui
541 1908 685 1997 didicit,
705 1909 925 1982 resonabilis
945 1907 1062 2003 Echo

99 2027 250 2125 Corpus
266 2026 388 2099 adhuc
408 2024 527 2111 Echo,
540 2050 614 2098 non
629 2049 701 2097 vox
717 2035 814 2098 erat:
836 2036 875 2098 et
892 2035 1018 2098 tamen
1036 2049 1146 2097 usum

99 2143 262 2217 Garrula
283 2167 357 2216 non
381 2142 508 2231 alium,
528 2167 642 2240 quam
666 2167 765 2215 nunc
789 2141 918 2228 habet,
938 2141 1010 2214 oris
1030 2141 1146 2215 habe-

98 2259 277 2334 Reddere
291 2260 339 2332 de
354 2259 482 2331 multis
494 2260 659 2332 utverba
673 2257 876 2330 novissima
888 2267 1029 2355 posset.
1051 2258 1145 2351 [bat

98 2368 259 2452 Fecerat
275 2376 347 2449 hoc
365 2375 387 2447 J
391 2400 478 2462 uno,
499 2376 600 2472 quia,
616 2399 732 2472 quum
750 2358 983 2471 deprendere
1002 2383 1131 2470 posset

99 2492 222 2593 SubyJ
225 2518 293 2567 ove
311 2517 412 2591 saepe
431 2517 499 2565 suo
519 2489 718 2588 Nymphas
737 2489 774 2559 in
793 2498 920 2560 monte
933 2490 1119 2586 jacentes

98 2608 170 2685 Illa
187 2609 318 2684 Deam.
328 2611 440 2706 longo
459 2608 623 2707 prudens
642 2629 813 2679 sermone
831 2605 1000 2691 tenebat,
1070 2607 1143 2677 364

35 2757 38 2760 ·
98 2724 812 2824 DumfugerentNymphae:postquam
823 2719 1142 2810 Saturniasensit3

95 2930 213 2997 Nympha
221 2929 274 2994 ipsa
285 2928 385 2993 Liriope,
396 2942 451 2991 quae
466 2923 536 2973 enixa
546 2923 594 2986 sit3

96 3022 143 3056 nou
159 3006 179 3055 is
194 3005 237 3071 qni
254 3011 334 3070 posset
346 3004 420 3054 amari
437 3019 451 3052 a
469 3001 597 3066 Nymphis.

95 3080 213 3130 Deleatur
224 3079 316 3144 virgula
325 3088 379 3145 post
392 3079 514 3144 infantem,
526 3087 551 3126 et
560 3091 597 3126 re·

94 3163 197 3220 ponatur
216 3163 270 3219 post
289 3155 409 3218 Nymphe5
434 3162 458 3203 et
475 3170 526 3203 eam
546 3156 595 3202 lec·

645 2931 766 2980 renthesin
777 2931 871 2997 adjecta
880 2939 956 2997 putat.
990 2932 1101 2993 Superbia
1111 2937 1149 2980 est

646 3005 785 3063 amantium,
807 3005 848 3070 qui
869 3005 985 3054 fastidiosi
1011 3022 1059 3054 non
1079 3005 1148 3054 reda·

646 3089 720 3129 mant.
735 3079 815 3128 Tibul.
826 3080 850 3127 Ι.
863 3079 912 3128 viii.
923 3080 963 3128 69.
966 3080 1077 3145 fastidia.
1106 3080 1147 3127 Te·

647 3159 726 3219 rigere,
748 3156 843 3204 flectere
864 3154 915 3219 ejus
937 3154 1043 3203 animum
1065 3162 1148 3219 potue·

94 3231 184 3279 tionem
205 3229 335 3293 genuinam
355 3231 512 3295 praetulerim:
540 3231 594 3280 vide
643 3239 707 3288 runt,
728 3240 755 3279 ut
773 3229 805 3279 iv.
824 3232 878 3278 164.
919 3231 951 3278 Et
968 3237 1003 3278 est
1017 3231 1104 3294 flexere
1122 3227 1148 3278 in

94 3303 157 3353 infra
165 3320 216 3354 ver.
228 3305 285 3353 357.
295 3304 335 3353 ubi
347 3305 459 3371 Nymphe
470 3305 592 3369 reperitur.

98 3379 183 3428 Nunc:
211 3379 265 3428 vide
286 3380 317 3429 ad
335 3380 357 3428 Ι.
376 3382 432 3429 321.
476 3381 596 3429 Fatutieaa

93 3462 163 3510 amca,
173 3452 328 3519 χρηστήριος
337 3453 433 3520 μάντις.
453 3457 533 3504 Videre
541 3466 596 3504 tem·

91 3543 158 3587 pora,
181 3527 283 3576 vivendo
298 3544 326 3576 eo
344 3529 476 3594 pervenire.
511 3531 596 3587 Furor,

93 3600 274 3654 insanusamor.

123 3680 183 3726 352.
202 3679 268 3728 Puer
276 3684 422 3744 juvenisque,
436 3682 453 3730 i.
465 3697 487 3730 e.
504 3679 597 3730 medius

93 3761 146 3801 erat
160 3752 223 3801 iuter
241 3763 381 3821 utrumque;
397 3755 451 3805 vide
468 3757 499 3804 ad
513 3756 545 3806 iv.
559 3759 596 3806 17.

96 3825 192 3888 Capera,
214 3835 242 3876 ut
262 3839 345 3890 petere,
366 3831 396 3879 de
417 3830 552 3879 amantibus
573 3838 597 3879 et

94 3901 215 3949 connubia
236 3904 381 3967 optantibus.
426 3905 521 3962 Tenere,
542 3904 596 3969 pnl-

95 3973 160 4022 chra.
194 3977 266 4026 Dira.
285 4014 287 4019 .
300 3978 350 4026 Alii
362 3979 451 4028 habent
461 3983 521 4027 dara
533 3979 597 4043 quod

95 4064 142 4098 non
159 4050 278 4117 improbat
296 4054 454 4111 Burmannus,
471 4055 527 4118 quia
543 4058 594 4102 teti·

92 4142 149 4189 gere
158 4127 274 4192 sequitur,
286 4146 327 4194 pro
337 4145 384 4193 quo
395 4138 476 4178 tamen
486 4129 527 4178 alii
535 4131 596 4192 fler-

95 4206 140 4268 ere.
157 4191 226 4242 ldem
238 4196 311 4242 verba
319 4195 490 4269 jair-forma,
501 4210 596 4270 perpau-

644 3307 714 3354 Varr.
735 3308 806 3354 Lect.
828 3308 894 3353 Lusu
914 3314 992 3353 autern
1015 3304 1065 3362 illo,
1085 3321 1147 3354 vers.

644 3381 693 3428 353
713 3389 737 3428 et
755 3382 812 3428 355.
829 3379 944 3444 expressit
965 3379 1045 3427 Catul.
1068 3379 1148 3427 Canu.

645 3455 721 3519 Nupt.
733 3456 774 3502 58.

679 3539 734 3587 356.
752 3536 839 3600 Aspicit
856 3539 924 3593 hunc,
940 3536 998 3599 etc.]
1034 3538 1068 3584 Ut
1082 3537 1146 3584 Nar·

647 3612 721 3661 cissus
732 3611 762 3658 ad
773 3610 840 3658 Echo
855 3609 880 3657 in
896 3610 961 3657 silvis
972 3618 1106 3658 versantem
1121 3616 1147 3657 et
1190 3620 1209 3664 ,ξπ

647 3685 678 3733 ad
699 3684 787 3732 sontem
809 3684 931 3732 commode
952 3681 1039 3732 deduci
1061 3690 1147 3748 posset,
1206 3688 1208 3691 '

645 3769 769 3824 propterea
784 3775 874 3806 venans
888 3757 1015 3805 inducitur.
1052 3757 1149 3816 Verulis,

646 3847 703 3879 voce
715 3831 835 3879 notabilis.
870 3831 954 3878 Obiter
970 3829 1011 3877 sed
1024 3831 1148 3882 commode

647 3906 717 3971 hujus
724 3905 843 3971 Nymphae
853 3905 902 3953 lata
912 3904 1030 3970 superiora
1039 3904 1149 3955 innectit.

648 3983 760 4037 Reddere,
770 3990 886 4045 repetere.
904 3979 967 4027 Plin.
979 3978 1042 4028 Hist.
1053 3981 1111 4029 Nat.
1122 3998 1147 4031 x.

646 4057 692 4104 42:
721 4056 840 4103 Humanas
859 4071 919 4103 voees
933 4056 1035 4102 reddunt
1047 4058 1147 4117 psittaci.

648 4131 706 4176 Mox
718 4131 752 4177 sic
763 4138 879 4191 reportare
889 4136 914 4177 et
924 4131 1049 4178 remittere.
1084 4131 1146 4178 Pru-

648 4207 709 4261 dens,
720 4204 834 4252 consulto.
