2812 5010
266 325 739 394 METAMORPHOSEON
764 327 855 393 LIB.
873 328 922 394 II.
1053 332 1119 398 203

72 499 122 575 Et
139 512 244 576 tanto
261 503 413 601 penitus
431 503 547 576 traxit
564 502 726 600 suspiria
742 514 859 590 motu,

73 617 126 692 Ut
142 619 282 717 pariter
299 629 448 718 pectus,
466 619 706 718 positamque
725 621 763 691 in
781 630 932 717 pectore
950 621 1037 695 forti

71 735 208 831 AEgida
223 745 465 810 concuteret:
487 737 600 822 subit,
613 737 710 809 hanc
725 760 860 810 arcana
872 737 1027 834 profana
1045 746 1117 815 755

71 851 274 927 Detexisse
291 878 405 928 manu
424 864 517 939 tum,
538 878 655 950 quum
674 852 755 925 sine
774 863 892 927 matre
911 866 1076 931 creatam

71 967 296 1042 Lemnicolae
316 971 470 1068 stirpem
489 981 619 1044 contra
637 970 728 1044 data
744 969 884 1043 foedera
901 971 1014 1062 vidit;
1111 995 1113 1000 ·

71 1083 121 1158 Et
138 1097 361 1185 gratamque
382 1088 464 1162 Deo
483 1087 561 1161 fore
574 1089 655 1184 jam
673 1071 894 1183 gratamque
913 1069 1041 1176 sorori,

70 1198 121 1273 Et
138 1201 257 1276 ditem
276 1213 439 1301 sumpto,
459 1204 563 1299 quod
581 1227 692 1276 avara
709 1202 935 1299 poposcerit,
955 1228 1056 1278 auro.

120 1315 298 1390 Protinus
317 1317 486 1406 Invidiae,
506 1321 611 1416 nigro
628 1318 841 1416 squalentia
857 1320 958 1404 tabo,
1045 1327 1118 1396 760

71 1430 192 1507 Tecta
208 1433 325 1532 petit:
355 1436 488 1508 domus
507 1447 566 1510 est
583 1435 667 1508 imis
685 1437 724 1508 in
738 1435 899 1509 vallibus
915 1438 1011 1509 antri

71 1548 228 1637 Abdita,
248 1551 327 1624 sole
345 1575 491 1637 carens,
512 1577 586 1625 non
605 1552 671 1624 ulli
689 1551 821 1648 pervia
832 1562 965 1642 vento;

71 1665 220 1754 Tristis,
238 1676 279 1742 et
296 1668 420 1764 ignavi
439 1667 657 1766 plenissima
674 1667 841 1765 frigoris;
873 1678 1013 1765 etquae

72 1780 167 1878 Igne
184 1794 295 1858 vacet
313 1809 474 1883 semper,
489 1784 650 1882 caligine
668 1808 817 1882 semper
835 1784 1015 1859 abundet.

73 1896 160 1972 Huc
177 1899 243 1974 ubi
260 1901 431 1998 pervenit
446 1901 535 1976 belli
554 1902 757 1975 metuenda
773 1899 912 1996 virago,

72 2123 118 2164 etc.
139 2116 569 2182 AEgis,munimentumilludaeneum,

73 2189 135 2253 qnod
145 2189 171 2238 in
186 2199 282 2255 pectore
298 2191 358 2254 gerit
372 2191 461 2248 Pallas,
473 2192 571 2257 insigni-

73 2273 122 2312 tum
136 2264 218 2329 capite
229 2264 357 2329 Gorgonis,
370 2265 434 2330 qnod
449 2267 509 2315 etin
520 2267 570 2330 cly-

71 2353 115 2403 peo
126 2338 178 2403 ejus
188 2353 325 2403 expressum
335 2347 395 2387 erat.

104 2414 161 2462 755.
179 2412 267 2475 Sutia]
296 2414 327 2460 In
345 2414 483 2462 memoriam
503 2413 572 2462 redit.

71 2487 214 2544 Lemnicolo,
224 2486 357 2544 Vulcanus,
371 2486 413 2551 qui
432 2487 457 2536 in
473 2489 572 2547 Lemno,

72 2561 151 2610 insula
164 2563 235 2610 maris
251 2562 339 2626 AEgaei,
350 2562 468 2610 officinam
486 2564 572 2613 habere

72 2635 222 2692 credebatur,
229 2634 310 2701 ibique
317 2637 342 2684 in
351 2636 433 2701 primis
443 2638 573 2687 colebatur.

74 2711 162 2760 Contra
185 2714 241 2763 data
260 2711 363 2776 fodero,
385 2725 467 2761 contra
492 2712 573 2762 datam

56 2783 152 2834 ndens
429 2812 433 2818 v

105 2861 161 2908 760.
180 2859 291 2908 Protinus
312 2859 431 2922 inuata]
461 2858 572 2909 Minerva

72 2932 192 2981 Invidiam
200 2934 288 2981 excitat
295 2933 320 2980 in
327 2933 446 2996 Aglauro:
459 2933 501 2981 sed
508 2933 572 2991 vide,

72 3005 189 3070 quomodo
199 3005 244 3055 hoc
251 3006 382 3055 exornavit.
416 3005 571 3055 PrimumIn-

71 3080 572 3148 uidiamfecit,praeennteEurip.inInone,
588 3101 590 3103 ·

1046 1906 1118 1978 765

620 2118 715 2168 domum
733 2126 757 2167 et
770 2117 868 2175 loedam,
883 2125 907 2166 et
921 2117 1021 2176 tristem,
1033 2119 1121 2169 omnis-

621 2208 667 2256 que
686 2191 834 2241 amoenitatis·
855 2199 976 2256 expertem
998 2192 1120 2242 describit.

623 2267 717 2323 Tobrrm,
727 2282 853 2320 venenum,
864 2281 912 2330 qno
919 2265 995 2314 inficit
1005 2265 1120 2317 homines.

621 2342 680 2389 Mox
691 2343 771 2397 tabem,
782 2357 862 2388 nocens
872 2342 936 2388 uirus
945 2348 970 2389 et
984 2343 1072 2402 piceum
1083 2358 1120 2390 ve-

622 2433 706 2463 nenam
722 2424 801 2463 vocat.
834 2415 937 2479 Nigrum
955 2415 1052 2464 solenne
1070 2416 1121 2480 epi-

623 2489 705 2539 theton
718 2490 811 2538 veneni.
843 2489 908 2537 Situs
925 2488 1044 2536 tristitiam
1058 2490 1120 2537 bene

622 2572 705 2612 notant
714 2565 787 2612 verba
794 2567 843 2612 imis
854 2566 879 2610 io
888 2564 985 2611 vallibus
992 2566 1063 2618 antri,
1072 2562 1120 2611 imo

623 2637 647 2686 in
661 2638 755 2702 angulo,
767 2644 809 2685 ant
825 2636 874 2684 ima
888 2637 913 2684 in
927 2636 1030 2684 cavitate
1041 2637 1119 2696 antri3

624 2728 725 2777 namque
743 2713 811 2759 vellis
829 2719 853 2759 et
872 2709 981 2759 caritatis
1002 2710 1121 2759 notionem

623 2786 732 2835 involvit.

657 2862 712 2909 763.
729 2859 834 2925 Ignavi]
853 2859 893 2907 Ab
909 2858 1005 2915 effectu,
1016 2867 1042 2908 ut
1056 2873 1120 2916 mox,

623 2935 679 2982 821.
693 2938 778 2998 igrmvo
792 2934 901 2997 gravitas.
936 2933 1025 2981 Contra
1040 2934 1122 2981 babilis

622 3011 695 3073 vigor,
715 3008 756 3072 qni
776 3005 856 3055 reddit
877 3006 975 3062 habiles,
996 3006 1120 3070 Virgilius,

623 3083 710 3146 Georg.
719 3080 752 3130 iv.
761 3082 817 3129 418.
853 3081 911 3128 Post
921 3081 973 3128 haec
983 3080 1058 3128 otiosa
1067 3088 1122 3128 sunt

71 3157 156 3220 fragm.
174 3160 197 3205 5.
214 3172 347 3221 personam,
360 3165 396 3214 ut,
411 3156 454 3204 xii.
471 3158 502 3205 39
519 3173 573 3221 sqq.
623 3167 645 3204 et
659 3158 846 3220 qua—abundet,
857 3155 881 3203 in
897 3154 983 3219 quibus
997 3155 1069 3203 etiarn
1082 3155 1120 3203 lu-

72 3229 179 3286 Famam,
187 3238 212 3278 et
218 3231 301 3279 Horat.
310 3230 331 3278 1.
338 3231 387 3278 Od.
397 3247 469 3278 xxxv.
480 3232 508 3278 17
520 3247 572 3296 sqq.
622 3247 662 3278 sus
673 3231 795 3278 verborum
807 3238 852 3277 est.

72 3303 256 3353 Necessitatem.
276 3303 371 3354 Deinde
379 3304 447 3353 finxit
455 3305 572 3355 Minerrae
656 3306 710 3353 765.
740 3305 802 3353 Belli
827 3305 947 3352 metuendo
974 3302 1068 3359 dicitur,
1095 3313 1122 3352 nt

73 3377 170 3426 adeam
185 3378 240 3435 iter,
252 3387 279 3427 nt
292 3378 422 3428 ministerio
434 3380 485 3444 ejus
495 3389 572 3429 utere·
622 3382 697 3445 gladii
712 3382 849 3434 tremendus,
866 3381 916 3425 nasi
931 3380 1050 3433 timendos,
1068 3394 1121 3442 quae

73 3461 118 3507 tur,
136 3460 165 3501 nt
181 3468 261 3518 supra,
276 3455 332 3502 509.
342 3454 444 3504 Jnnonis
460 3454 491 3502 ad
508 3455 573 3503 Deos
623 3454 733 3519 exempla
748 3452 827 3503 attulit
841 3451 962 3500 Heinsius.
989 3451 1065 3499 Deest
1080 3468 1123 3502 au·

70 3527 153 3589 maris,
161 3535 185 3575 et
194 3527 226 3575 iv.
237 3528 295 3575 462.
308 3528 338 3575 ad
349 3528 446 3588 Furias;
464 3536 514 3576 tum
524 3527 573 3578 viii.
623 3536 671 3576 tem
691 3529 715 3575 in
732 3526 768 3573 his
785 3525 891 3575 formulis
912 3529 939 3572 de
957 3541 1040 3572 causo:
1067 3523 1121 3572 vide

71 3600 282 3652 reaccensae
298 3602 404 3650 Famem.
435 3605 572 3667 Jamque·
625 3601 733 3650 Perizon.
752 3600 782 3648 ad
801 3598 891 3649 Sanctii
911 3599 1015 3646 Minerv.
1034 3597 1068 3650 11.
1085 3597 1119 3648 iii.

72 3674 136 3722 niam
148 3673 246 3732 invidia,
258 3683 353 3724 auctore
365 3675 445 3740 Eurip.
456 3675 574 3724 maximus
623 3691 679 3739 pag.
694 3675 749 3723 166.
784 3674 829 3721 Fas
844 3675 918 3728 babet,
929 3671 965 3718 fas
980 3687 1039 3727 esse,
1049 3670 1121 3720 licere

72 3749 179 3798 omnium
196 3749 221 3797 in
239 3749 333 3799 homine
349 3752 452 3807 morbus,
469 3767 513 3799 nec
532 3750 574 3799 illa
624 3748 669 3796 sibi
685 3756 763 3813 putat.
798 3747 930 3802 Succedere,
941 3744 1035 3810 propius
1053 3759 1123 3794 acce·

72 3823 148 3871 Siculi
164 3828 260 3886 tyranni
271 3827 344 3885 majas
358 3827 463 3872 invenere
477 3833 573 3871 tormen·
625 3822 688 3877 dere.
721 3823 785 3869 Nam
794 3819 898 3876 Palladi,
911 3827 938 3867 ut
948 3834 1000 3883 quae
1011 3826 1047 3866 est
1057 3820 1121 3876 Dea,

74 3906 132 3944 tum.
155 3897 241 3946 Horat.
257 3899 278 3946 Ι.
289 3898 334 3962 Ep.
345 3897 371 3946 ii.
382 3901 427 3958 563
443 3907 574 3964 propterea,
625 3911 671 3944 non
695 3895 752 3944 licet
774 3893 874 3955 quidiae
901 3893 997 3941 domum
1021 3891 1123 3957 ingredi.

71 3970 124 4034 ejus
134 3979 158 4019 et
168 3971 277 4020 habitum
286 3981 311 4020 et
319 3971 465 4020 domicilium
472 3972 574 4020 foedissi-
624 3969 703 4018 Etiam
716 3969 785 4018 iactis
795 3969 911 4017 Minervae
927 3967 1048 4031 turpitudo
1059 3968 1123 4017 Invi-

71 4059 139 4093 mnm
154 4045 288 4111 descripsit,
301 4048 427 4111 omniaque
444 4046 496 4111 ejus
512 4047 576 4095 mala
625 4045 671 4093 dire
689 4052 790 4093 notatur.
824 4043 862 4092 Cf.
880 4044 936 4091 769.
953 4043 1009 4090 786.
1044 4041 1124 4091 Invidi

73 4116 183 4168 sensibus
191 4120 299 4186 subjecit.
336 4118 498 4168 Partesetiam
506 4120 576 4184 hujus
626 4122 695 4169 rebus
722 4119 791 4168 malis
818 4118 921 4174 aluntur,
948 4115 1125 4172 calamitatibus

72 4189 241 4256 descriptionis
250 4195 312 4242 bene
324 4193 449 4260 disposuit.
470 4194 576 4242 Primum
626 4195 732 4243 aliorum.
767 4194 830 4245 Hinc
839 4196 886 4241 edit
896 4196 995 4254 vipereas
1006 4208 1092 4239 carnes.
