2812 5010
177 336 242 400 188
462 333 502 399 Ρ.
527 332 689 398 OVIDII
725 332 938 398 NASONIS

176 509 278 594 Quid
293 507 482 581 facerent:
503 506 706 580 commissa
719 508 804 580 duae
819 508 900 581 sine
913 507 1045 583 fraude
1057 519 1221 598 tuentur,

115 683 118 690 .
175 625 404 710 Pandrosos
417 634 533 720 atquc
549 622 691 712 Herse;
708 625 860 698 timidas
871 636 981 698 vocat
993 650 1069 698 una
1078 650 1223 700 sorores

173 741 374 838 Aglauros
395 741 592 837 nodosque
611 765 724 815 rnanu
743 741 909 830 diducit;
931 753 970 816 at
986 742 1089 816 intus
1151 748 1225 817 560

175 857 442 955 Infantemque
459 857 600 945 vident,
621 870 963 957 apporrecturuque
981 859 1198 934 draconem.

174 974 274 1049 Acta
293 974 386 1047 Deae
401 973 544 1048 refero:
574 999 641 1072 pro
661 1000 736 1071 quo
751 962 842 1047 mihi
861 976 982 1072 gratia
999 969 1086 1049 talis

178 1092 379 1178 Redditur,
400 1102 443 1165 ut
460 1092 565 1166 dicar
583 1092 703 1166 tutela
721 1093 832 1190 pulsa
850 1091 1055 1180 Minervae3

176 1208 227 1283 Et
244 1233 363 1308 ponar
381 1219 467 1306 post
485 1208 606 1281 noctis
625 1233 756 1283 avem:
786 1233 871 1283 mea
889 1233 1001 1307 poena
1017 1208 1190 1285 volucres

174 1325 431 1399 Admonuisse
444 1325 582 1422 potest,
599 1351 646 1399 ne
659 1349 749 1399 voce
760 1325 929 1423 pericula
944 1335 1129 1423 quaerant.
1150 1328 1224 1398 565

98 1432 100 1437 ’
158 1431 160 1435 ’
176 1439 230 1514 At
246 1449 352 1538 puto,
372 1464 446 1512 non
465 1441 574 1526 ultre,
594 1465 664 1514 nec
683 1441 891 1538 quidquam
909 1442 986 1515 tale
1003 1451 1200 1536 rogantem

177 1554 244 1630 Me
263 1555 393 1654 petiit:
423 1555 507 1653 ipsa
523 1555 613 1629 licet
630 1556 702 1631 hoc
721 1581 770 1630 ex
788 1556 945 1631 Pallade
964 1581 1134 1654 quaeras:

176 1815 226 1855 nat.
256 1805 338 1853 Ulmus
351 1819 418 1869 cujus
430 1803 510 1853 densis
526 1803 588 1854 foliis
605 1805 676 1854 facile
728 1807 760 1857 ris
775 1806 906 1856 custodiam
921 1806 968 1855 duo
985 1806 1098 1856 dracones
1113 1806 1230 1872 adjuncti.

175 1897 227 1930 aurs
235 1877 348 1928 abscondi
359 1887 459 1943 poterat
485 1879 600 1935 Tueatur,
611 1881 676 1928 clau·
726 1882 765 1930 Src
776 1891 800 1931 et
811 1882 875 1946 apud
887 1880 1001 1945 Antigon
1034 1883 1113 1931 Draco
1128 1881 1169 1929 ille
1182 1881 1227 1929 sub

176 1971 228 2005 sam
243 1961 338 2002 servant
348 1952 440 2009 cistam,
451 1957 500 2002 sine
507 1953 607 2018 froude,
619 1953 677 2003 fide·
725 1955 872 2005 Erichthonii
888 1953 983 2004 nomine
997 1955 1023 2004 in
1038 1954 1124 2004 statuis
1134 1955 1229 2004 Miner·

176 2028 240 2077 liter.
268 2029 342 2085 Duae;
356 2027 420 2093 apud
429 2028 534 2077 Pausan.
545 2042 601 2085 una,
614 2029 677 2077 Pan·
725 2048 761 2081 vae
770 2033 920 2080 cernebatur.
938 2029 1057 2079 Pausan.
1050 2047 1098 2096 r.p.
1104 2031 1144 2079 58.
1161 2029 1228 2079 Hinc

178 2102 268 2151 drosos.
726 2122 780 2171 pars
790 2105 877 2154 fabula
889 2113 948 2154 orta.
981 2107 1061 2164 Quam
1077 2119 1175 2169 poenam
1191 2111 1229 2152 te·

178 2209 180 2212 -
210 2178 267 2226 560.
284 2176 420 2241 Aglauros]
438 2176 480 2232 ,Ab
498 2176 610 2241 Apollod.
627 2177 676 2226 III.
726 2179 841 2229 maritatis
856 2196 932 2245 passa
943 2179 991 2228 sint
1003 2179 1064 2236 ista,
1075 2179 1114 2228 hic
1125 2195 1173 2228 non
1183 2179 1228 2228 ad-

176 2251 209 2300 iv.
220 2254 244 2299 2.
256 2252 372 2316 Agrarclos
388 2250 505 2307 scribitur,
518 2251 582 2315 quod
596 2253 676 2317 Heyn.
726 2253 799 2302 ditur.
817 2254 911 2319 Nempe
920 2252 1153 2317 insaniacorreptree
1164 2269 1226 2318 pree·

175 2324 263 2374 rectius
276 2325 377 2391 judicat,
389 2341 463 2390 quum
479 2333 561 2373 contra
578 2328 677 2376 Barnes.
726 2337 795 2393 rupto
816 2329 868 2377 loco
895 2344 920 2376 se
939 2326 1125 2392 praecipitdrunt.
1142 2327 1227 2392 Eurip.

103 2391 105 2396 ¹
178 2400 209 2448 ad
220 2400 303 2464 Eurip.
311 2399 364 2447 Ion.
375 2401 416 2448 23.
426 2399 505 2448 omnia
515 2398 558 2449 illa
565 2400 628 2457 loca,
636 2402 677 2450 ubi
726 2402 829 2451 Pausan.
840 2401 953 2467 Apollod.

175 2473 228 2522 haec
239 2472 356 2538 scriptura
366 2472 482 2529 occurrit,
495 2473 610 2523 mutanda
620 2491 676 2524 cen·
759 2478 815 2525 562.
823 2478 884 2525 Acro
895 2478 949 2524 Deae
959 2474 1055 2540 refero]
1066 2474 1141 2524 Gesta
1151 2489 1166 2522 a
1175 2474 1227 2524 Ce-

176 2556 237 2597 seat.
270 2548 347 2596 Nodos
361 2549 459 2596 diducit.
476 2548 539 2596 Nudi
554 2558 609 2596 sunt
626 2548 678 2614 ipsa
727 2549 804 2616 cropis
813 2549 907 2599 filiabus
917 2548 1032 2598 Minervae
1044 2547 1137 2596 nuntio.

176 2619 266 2670 vimina
277 2624 572 2684 texta‚quaediducuntur·,
581 2623 677 2687 quando
759 2626 816 2673 563.
830 2625 862 2672 Ut
876 2624 962 2686 dicaa]
981 2621 1115 2679 Cornicem,
1125 2623 1156 2671 ob
1170 2638 1226 2686 gar·

177 2696 207 2744 ab
225 2694 263 2752 iis,
276 2695 318 2759 qni
334 2693 486 2760 introspicere
503 2694 611 2761 cupiunt,
628 2697 675 2747 dis-
725 2699 854 2755 rulitatem,
873 2705 995 2746 aversatur
1013 2695 1146 2762 prudentiae
1161 2696 1228 2745 Dea.

177 2769 317 2828 trahuntur:
344 2769 378 2818 sic
402 2772 456 2817 nodi
476 2768 522 2817 reti
542 2770 678 2821 tribuuntur
725 2774 756 2821 In
776 2772 871 2838 templis
892 2780 916 2819 et
942 2770 1004 2820 lucis
1024 2769 1142 2818 Minervae
1164 2784 1227 2827 raro,

178 2842 261 2900 nexili,
273 2842 361 2907 Virgil.
373 2842 472 2891 AEneid.
484 2861 507 2892 v.
522 2846 578 2893 510.
587 2845 676 2911 ,Ειιιίμ
726 2845 828 2894 Athenis
845 2845 941 2895 omnino
955 2860 1003 2913 non
1016 2843 1136 2909 aspicitur.
1161 2843 1226 2892 Ani-

176 2917 252 2964 λῦσαι
267 2919 362 2980 τεῦχος,
384 2917 482 2966 solvisse
504 2934 594 2967 arcam.
627 2919 677 2968 Alii
726 2920 816 2969 mantia
825 2927 850 2968 et
860 2920 954 2967 arbores
963 2917 1019 2966 Diis
1028 2932 1102 2965 sacras
1112 2916 1228 2966 dicuntur

177 2988 296 3055 ἀνοίγειν.
322 2991 370 3039 Sed
386 2991 474 3041 Noster
489 2991 617 3057 specialem
634 3011 676 3043 no·
726 2992 993 3042 incorumturelcesse.
1011 2989 1228 3041 Phaedr.III.xvii.

176 3064 264 3114 tionem
285 3065 394 3131 subjecit.
426 3065 516 3116 Plurali
534 3069 612 3116 uideat
629 3086 676 3118 non
727 3069 806 3116 Ponor
820 3077 877 3130 port,
890 3068 969 3115 locum
984 3081 1065 3113 meum
1083 3065 1168 3114 cedere
1185 3081 1227 3116 co·

66 3137 71 3148 '
176 3138 281 3197 debebat
307 3139 410 3205 Schepp.
431 3140 535 3200 offendi;
558 3142 676 3206 Aglauros
726 3152 786 3199 acta
797 3142 849 3191 sim.
880 3142 993 3196 Volucres,
1014 3140 1087 3187 ctiam
1108 3138 1225 3197 homines,

176 3211 265 3262 etenim
277 3222 406 3262 arcesserat
416 3231 506 3264 sorores
515 3215 620 3264 diductis
633 3235 674 3267 no-
725 3231 820 3264 monera
835 3222 920 3280 potest,
932 3231 962 3262 ne
979 3230 1037 3268 uoce,
1049 3211 1149 3276 ingratis
1164 3229 1226 3262 nun·

179 3284 226 3335 dlss·
726 3289 765 3339 tiis
774 3289 928 3356 perferendis,
936 3286 1122 3350 criminibusque
1135 3295 1225 3337 temere

205 3362 266 3422 561.
274 3363 498 3426 Appcrrectumque
532 3366 673 3431 draconem]
725 3363 873 3436 detegendis,
900 3363 945 3413 sibi
971 3371 995 3412 ct
1021 3360 1076 3410 aliis
1104 3361 1226 3412 molestias

175 3419 312 3501 Tradebant
339 3436 455 3494 nonnulli,
483 3455 538 3487 enm
566 3440 676 3490 habuisse
726 3446 813 3487 creent.

176 3526 245 3560 crura
265 3511 391 3575 anguina,-
400 3513 610 3577 quemadmodum
621 3531 675 3564 eum
758 3514 814 3562 566.
825 3514 858 3560 At
866 3521 930 3573 puto
941 3528 987 3558 acu
996 3512 1133 3576 ultro]Ne
1143 3529 1226 3562 corvus

41 3579 74 3649 ’ἢ
175 3584 218 3633 alu
229 3600 319 3634 merum
334 3601 437 3650 anguem
452 3586 524 3636 luisse
535 3587 675 3636 fabulaban-
725 3594 829 3651 putaret,
848 3585 967 3634 cornicem
988 3585 1041 3634 ideo
1061 3588 1156 3652 pulsam
1174 3604 1226 3636 esse

175 3664 222 3707 tur.
249 3659 674 3727 Hygin.d.l..Sedillaminterpre-
725 3662 802 3718 tutela
817 3660 942 3716 Minervae,
959 3660 1022 3724 quod
1040 3661 1134 3726 ingrata
1152 3660 1174 3709 ei
1189 3663 1227 3711 fu·

175 3732 288 3780 tationem
304 3749 351 3782 non
366 3733 495 3782 admittunt
505 3735 586 3784 Ovidii
596 3739 677 3787 verba.
726 3734 771 3782 erit
788 3735 840 3784 hac
857 3735 916 3790 avis,
927 3742 1016 3790 monet,
1028 3751 1053 3784 se
1070 3750 1085 3784 a
1100 3737 1157 3784 Dea
1173 3734 1227 3800 ipsa

175 3805 201 3854 Is
222 3806 301 3870 potius
317 3809 434 3857 consentit
451 3825 506 3857 cum
523 3809 636 3875 Apollod.
652 3805 677 3860 et
726 3810 787 3858 ultro
808 3811 909 3859 electam
928 3825 979 3857 esse
1001 3809 1130 3870 comitem;
1153 3817 1228 3875 atque

175 3878 296 3943 Fulgent3
314 3897 415 3944 quorum
434 3882 481 3940 hic,
499 3885 607 3933 Minerua
626 3903 677 3934 erm
725 3884 760 3933 ita
776 3884 839 3932 viam
858 3882 903 3931 sibi
924 3882 1008 3948 pandit
1025 3883 1056 3932 ad
1074 3884 1228 3935 transforma·

175 3954 315 4002 abscondidit
326 3957 352 4002 iu
361 3958 553 4012 cistam‚drocone
561 3964 658 4021 apposito
665 3978 675 4018 ‚·
725 3956 902 4006 tionem-suam
924 3957 1073 4006 narrandam.
1114 3959 1147 4005 At
1170 3968 1229 4020 puto

174 4026 216 4076 ille
226 4027 306 4091 plane,
319 4038 345 4077 nt
356 4031 450 4087 Noster,
460 4035 539 4080 uident
549 4036 586 4097 τῷ
595 4033 677 4099 βρέφει
727 4039 792 4079 amat
813 4032 901 4079 Noster
926 4030 951 4078 in
975 4031 1146 4096 objectionibus
1165 4048 1230 4096 quas

176 4103 423 4168 παρεσπειρασμένον
440 4104 574 4169 δράκοντα.
603 4105 676 4170 Apud
726 4121 844 4154 removere
857 4105 925 4153 vult:
943 4104 998 4154 vide
1015 4107 1117 4154 Metam.
1134 4106 1176 4154 lib.
1192 4107 1228 4160 iii.

175 4173 259 4240 Enrip.
270 4176 323 4225 Ion.
334 4179 375 4226 22.
386 4185 410 4227 et
422 4181 493 4228 1427.
509 4179 531 4228 ei
547 4180 577 4228 ad
592 4196 674 4246 corpo-
726 4180 791 4243 266,Ι
808 4187 832 4228 et
843 4178 874 4228 xi.
886 4181 942 4229 425.
