<?xml version="1.0" encoding="UTF-8"?>
<!DOCTYPE html PUBLIC "-//W3C//DTD XHTML 1.0 Transitional//EN"
    "http://www.w3.org/TR/xhtml1/DTD/xhtml1-transitional.dtd">
<html xmlns="http://www.w3.org/1999/xhtml" xml:lang="en" lang="en">
 <head>
  <title>
</title>
<meta http-equiv="Content-Type" content="text/html;charset=utf-8" />
  <meta name='ocr-system' content='tesseract 3.04.00' />
  <meta name='ocr-capabilities' content='ocr_page ocr_carea ocr_par ocr_line ocrx_word'/>
</head>
<body>
  <div class='ocr_page' id='page_1' title='image "./povidiinasoniso04burmgoog_0408.png"; bbox 0 0 2812 5010; ppageno 0'>
   <div class='ocr_carea' id='block_1_1' title="bbox 378 304 1235 413">
    <p class='ocr_par' dir='ltr' id='par_1_1' title="bbox 378 304 1235 413">
     <span class='ocr_line' id='line_1_1' title="bbox 378 304 1235 413; baseline 0.004 -3"><span class='ocrx_word' id='word_1_1' title='bbox 378 342 852 410; x_wconf 76' lang='lat' dir='ltr'>unranoaruosnou</span> <span class='ocrx_word' id='word_1_2' title='bbox 876 343 967 411; x_wconf 78' lang='lat' dir='ltr'>rna.</span> <span class='ocrx_word' id='word_1_3' title='bbox 990 304 1055 411; x_wconf 83' lang='lat' dir='ltr'>v&#39;1.</span> <span class='ocrx_word' id='word_1_4' title='bbox 1168 346 1235 413; x_wconf 81' lang='lat' dir='ltr'>aar</span> 
     </span>
    </p>
   </div>
   <div class='ocr_carea' id='block_1_2' title="bbox 176 516 1239 2951">
    <p class='ocr_par' dir='ltr' id='par_1_2' title="bbox 176 516 1232 849">
     <span class='ocr_line' id='line_1_2' title="bbox 176 516 1232 617; baseline 0.008 -27"><span class='ocrx_word' id='word_1_5' title='bbox 176 517 372 605; x_wconf 69' lang='lat' dir='ltr'>Tantalus</span> <span class='ocrx_word' id='word_1_6' title='bbox 392 528 435 591; x_wconf 89' lang='lat' dir='ltr'>ut</span> <span class='ocrx_word' id='word_1_7' title='bbox 452 517 565 592; x_wconf 90' lang='lat' dir='ltr'>solito</span> <span class='ocrx_word' id='word_1_8' title='bbox 582 517 697 593; x_wconf 86' lang='lat' dir='ltr'>finem</span> <span class='ocrx_word' id='word_1_9' title='bbox 714 516 928 617; x_wconf 85' lang='lat' dir='ltr'>imposuere</span> <span class='ocrx_word' id='word_1_10' title='bbox 946 519 1077 608; x_wconf 89' lang='lat' dir='ltr'>labori,</span> <span class='ocrx_word' id='word_1_11' title='bbox 1157 525 1232 598; x_wconf 84' lang='grc'>240</span> 
     </span>
     <span class='ocr_line' id='line_1_3' title="bbox 176 632 1224 734; baseline 0.003 -28"><span class='ocrx_word' id='word_1_12' title='bbox 176 634 420 709; x_wconf 80' lang='lat' dir='ltr'>Transierant</span> <span class='ocrx_word' id='word_1_13' title='bbox 437 633 487 708; x_wconf 86' lang='lat' dir='ltr'>ad</span> <span class='ocrx_word' id='word_1_14' title='bbox 504 658 599 732; x_wconf 90' lang='lat' dir='ltr'>opus</span> <span class='ocrx_word' id='word_1_15' title='bbox 618 632 747 707; x_wconf 88' lang='lat' dir='ltr'>nitidae</span> <span class='ocrx_word' id='word_1_16' title='bbox 761 635 930 732; x_wconf 86' lang='lat' dir='ltr'>juvenile</span> <span class='ocrx_word' id='word_1_17' title='bbox 948 637 1133 734; x_wconf 88' lang='lat' dir='ltr'>palaestrae</span> <span class='ocrx_word' id='word_1_18' title='bbox 1148 664 1158 725; x_wconf 89' lang='lat'>;</span> <span class='ocrx_word' id='word_1_19' title='bbox 1222 684 1224 688; x_wconf 92' lang='lat'><em>-</em></span> 
     </span>
     <span class='ocr_line' id='line_1_4' title="bbox 177 749 1014 849; baseline 0.004 -25"><span class='ocrx_word' id='word_1_20' title='bbox 177 749 230 824; x_wconf 90' lang='lat' dir='ltr'>Et</span> <span class='ocrx_word' id='word_1_21' title='bbox 243 752 323 849; x_wconf 88' lang='lat' dir='ltr'>jam</span> <span class='ocrx_word' id='word_1_22' title='bbox 341 751 579 825; x_wconf 84' lang='lat' dir='ltr'>contulerant</span> <span class='ocrx_word' id='word_1_23' title='bbox 591 762 695 825; x_wconf 88' lang='lat' dir='ltr'>arcto</span> <span class='ocrx_word' id='word_1_24' title='bbox 711 751 895 826; x_wconf 89' lang='lat' dir='ltr'>luctantia</span> <span class='ocrx_word' id='word_1_25' title='bbox 912 776 1014 827; x_wconf 86' lang='lat' dir='ltr'>nexu</span> 
     </span>
    </p>

    <p class='ocr_par' dir='ltr' id='par_1_3' title="bbox 177 866 1231 1900">
     <span class='ocr_line' id='line_1_5' title="bbox 177 866 1167 966; baseline 0.003 -26"><span class='ocrx_word' id='word_1_26' title='bbox 177 867 342 942; x_wconf 85' lang='lat' dir='ltr'>Pectora</span> <span class='ocrx_word' id='word_1_27' title='bbox 359 866 589 966; x_wconf 83' lang='lat' dir='ltr'>pectoribus,</span> <span class='ocrx_word' id='word_1_28' title='bbox 610 890 729 964; x_wconf 91' lang='lat' dir='ltr'>quum</span> <span class='ocrx_word' id='word_1_29' title='bbox 747 877 852 942; x_wconf 91' lang='lat' dir='ltr'>tento</span> <span class='ocrx_word' id='word_1_30' title='bbox 871 867 1021 944; x_wconf 89' lang='lat' dir='ltr'>concita</span> <span class='ocrx_word' id='word_1_31' title='bbox 1038 893 1167 958; x_wconf 92' lang='lat' dir='ltr'>cornu,</span> 
     </span>
     <span class='ocr_line' id='line_1_6' title="bbox 180 983 1123 1083; baseline 0.003 -26"><span class='ocrx_word' id='word_1_32' title='bbox 180 984 290 1059; x_wconf 87' lang='lat' dir='ltr'>Sicut</span> <span class='ocrx_word' id='word_1_33' title='bbox 307 994 415 1058; x_wconf 85' lang='lat' dir='ltr'>erant</span> <span class='ocrx_word' id='word_1_34' title='bbox 427 983 563 1083; x_wconf 88' lang='lat' dir='ltr'>juncti,</span> <span class='ocrx_word' id='word_1_35' title='bbox 583 983 733 1080; x_wconf 87' lang='lat' dir='ltr'>trajecit</span> <span class='ocrx_word' id='word_1_36' title='bbox 748 995 952 1082; x_wconf 86' lang='lat' dir='ltr'>utrumque</span> <span class='ocrx_word' id='word_1_37' title='bbox 971 985 1123 1082; x_wconf 86' lang='lat' dir='ltr'>sagitta.</span> 
     </span>
     <span class='ocr_line' id='line_1_7' title="bbox 179 1098 1231 1198; baseline 0.003 -25"><span class='ocrx_word' id='word_1_38' title='bbox 179 1099 404 1198; x_wconf 84' lang='lat' dir='ltr'>Ingemuere</span> <span class='ocrx_word' id='word_1_39' title='bbox 423 1100 534 1173; x_wconf 91' lang='lat' dir='ltr'>simul</span> <span class='ocrx_word' id='word_1_40' title='bbox 549 1128 558 1188; x_wconf 92' lang='lat'>;</span> <span class='ocrx_word' id='word_1_41' title='bbox 588 1098 699 1172; x_wconf 90' lang='lat' dir='ltr'>simul</span> <span class='ocrx_word' id='word_1_42' title='bbox 717 1099 910 1175; x_wconf 91' lang='lat' dir='ltr'>incurvata</span> <span class='ocrx_word' id='word_1_43' title='bbox 926 1101 1056 1176; x_wconf 90' lang='lat' dir='ltr'>dolore</span> <span class='ocrx_word' id='word_1_44' title='bbox 1156 1106 1231 1178; x_wconf 84' lang='grc'>245</span> 
     </span>
     <span class='ocr_line' id='line_1_8' title="bbox 178 1216 1173 1316; baseline 0.003 -26"><span class='ocrx_word' id='word_1_45' title='bbox 178 1216 355 1292; x_wconf 88' lang='lat' dir='ltr'>Membra</span> <span class='ocrx_word' id='word_1_46' title='bbox 373 1218 452 1291; x_wconf 91' lang='lat' dir='ltr'>solo</span> <span class='ocrx_word' id='word_1_47' title='bbox 471 1240 653 1316; x_wconf 88' lang='lat' dir='ltr'>posuere;</span> <span class='ocrx_word' id='word_1_48' title='bbox 684 1216 794 1290; x_wconf 91' lang='lat' dir='ltr'>simul</span> <span class='ocrx_word' id='word_1_49' title='bbox 813 1241 989 1316; x_wconf 86' lang='lat' dir='ltr'>suprema</span> <span class='ocrx_word' id='word_1_50' title='bbox 1001 1219 1173 1315; x_wconf 89' lang='lat' dir='ltr'>jacentes</span> 
     </span>
     <span class='ocr_line' id='line_1_9' title="bbox 179 1333 1154 1423; baseline 0.003 -17"><span class='ocrx_word' id='word_1_51' title='bbox 179 1333 341 1407; x_wconf 91' lang='lat' dir='ltr'>Lumina</span> <span class='ocrx_word' id='word_1_52' title='bbox 357 1333 574 1423; x_wconf 73' lang='lat' dir='ltr'>versbrunt;</span> <span class='ocrx_word' id='word_1_53' title='bbox 603 1333 767 1407; x_wconf 90' lang='lat' dir='ltr'>animam</span> <span class='ocrx_word' id='word_1_54' title='bbox 785 1333 896 1407; x_wconf 90' lang='lat' dir='ltr'>simul</span> <span class='ocrx_word' id='word_1_55' title='bbox 914 1336 1154 1410; x_wconf 69' lang='lat' dir='ltr'>exhalarunt.</span> 
     </span>
     <span class='ocr_line' id='line_1_10' title="bbox 177 1450 1164 1550; baseline 0.001 -26"><span class='ocrx_word' id='word_1_56' title='bbox 177 1451 328 1549; x_wconf 86' lang='lat' dir='ltr'>Aspicit</span> <span class='ocrx_word' id='word_1_57' title='bbox 345 1450 552 1550; x_wconf 86' lang='lat' dir='ltr'>Alphenor,</span> <span class='ocrx_word' id='word_1_58' title='bbox 572 1451 788 1550; x_wconf 83' lang='lat' dir='ltr'>laniataque</span> <span class='ocrx_word' id='word_1_59' title='bbox 807 1461 963 1550; x_wconf 90' lang='lat' dir='ltr'>pectora</span> <span class='ocrx_word' id='word_1_60' title='bbox 979 1452 1164 1550; x_wconf 82' lang='lat' dir='ltr'>plangens</span> 
     </span>
     <span class='ocr_line' id='line_1_11' title="bbox 177 1567 1148 1666; baseline 0.001 -26"><span class='ocrx_word' id='word_1_61' title='bbox 177 1567 353 1655; x_wconf 83' lang='lat' dir='ltr'>Advolat,</span> <span class='ocrx_word' id='word_1_62' title='bbox 373 1577 415 1642; x_wconf 95' lang='lat' dir='ltr'>ut</span> <span class='ocrx_word' id='word_1_63' title='bbox 429 1568 574 1664; x_wconf 84' lang='lat' dir='ltr'>gelidos</span> <span class='ocrx_word' id='word_1_64' title='bbox 588 1568 852 1666; x_wconf 86' lang='lat' dir='ltr'>complexibus</span> <span class='ocrx_word' id='word_1_65' title='bbox 869 1568 1006 1642; x_wconf 86' lang='lat' dir='ltr'>allevet</span> <span class='ocrx_word' id='word_1_66' title='bbox 1022 1578 1126 1642; x_wconf 90' lang='lat' dir='ltr'>artus</span> <span class='ocrx_word' id='word_1_67' title='bbox 1139 1596 1148 1657; x_wconf 89' lang='lat'>;</span> 
     </span>
     <span class='ocr_line' id='line_1_12' title="bbox 178 1682 1231 1782; baseline 0.001 -26"><span class='ocrx_word' id='word_1_68' title='bbox 178 1682 303 1781; x_wconf 90' lang='lat' dir='ltr'>lnque</span> <span class='ocrx_word' id='word_1_69' title='bbox 320 1682 383 1782; x_wconf 94' lang='lat' dir='ltr'>pio</span> <span class='ocrx_word' id='word_1_70' title='bbox 402 1683 506 1757; x_wconf 89' lang='lat' dir='ltr'>cadit</span> <span class='ocrx_word' id='word_1_71' title='bbox 522 1682 664 1759; x_wconf 89' lang='lat' dir='ltr'>officio:</span> <span class='ocrx_word' id='word_1_72' title='bbox 692 1707 781 1758; x_wconf 91' lang='lat' dir='ltr'>nam</span> <span class='ocrx_word' id='word_1_73' title='bbox 800 1682 933 1758; x_wconf 92' lang='lat' dir='ltr'>Delius</span> <span class='ocrx_word' id='word_1_74' title='bbox 952 1683 1005 1758; x_wconf 93' lang='lat' dir='ltr'>illi</span> <span class='ocrx_word' id='word_1_75' title='bbox 1156 1687 1231 1757; x_wconf 85' lang='lat'>250</span> 
     </span>
     <span class='ocr_line' id='line_1_13' title="bbox 179 1797 991 1900; baseline 0.004 -27"><span class='ocrx_word' id='word_1_76' title='bbox 179 1800 318 1875; x_wconf 86' lang='lat' dir='ltr'>Intimo</span> <span class='ocrx_word' id='word_1_77' title='bbox 335 1797 483 1875; x_wconf 87' lang='lat' dir='ltr'>fatifero</span> <span class='ocrx_word' id='word_1_78' title='bbox 501 1802 642 1900; x_wconf 91' lang='lat' dir='ltr'>rumpit</span> <span class='ocrx_word' id='word_1_79' title='bbox 659 1802 865 1900; x_wconf 89' lang='lat' dir='ltr'>praecordia</span> <span class='ocrx_word' id='word_1_80' title='bbox 882 1801 991 1877; x_wconf 86' lang='lat' dir='ltr'>ferro.</span> 
     </span>
    </p>

    <p class='ocr_par' dir='ltr' id='par_1_4' title="bbox 176 1890 1239 2951">
     <span class='ocr_line' id='line_1_14' title="bbox 180 1890 1239 2016; baseline -0.001 -26"><span class='ocrx_word' id='word_1_81' title='bbox 180 1916 293 2001; x_wconf 86' lang='lat' dir='ltr'>Quod</span> <span class='ocrx_word' id='word_1_82' title='bbox 308 1890 421 1990; x_wconf 82' lang='lat' dir='ltr'>sirmii</span> <span class='ocrx_word' id='word_1_83' title='bbox 439 1918 631 2005; x_wconf 90' lang='lat' dir='ltr'>eductum,</span> <span class='ocrx_word' id='word_1_84' title='bbox 650 1941 738 2016; x_wconf 87' lang='lat' dir='ltr'>pars</span> <span class='ocrx_word' id='word_1_85' title='bbox 757 1928 817 1992; x_wconf 90' lang='lat' dir='ltr'>est</span> <span class='ocrx_word' id='word_1_86' title='bbox 833 1918 1022 2016; x_wconf 91' lang='lat' dir='ltr'>pulmonis</span> <span class='ocrx_word' id='word_1_87' title='bbox 1040 1917 1078 1990; x_wconf 94' lang='lat' dir='ltr'>in</span> <span class='ocrx_word' id='word_1_88' title='bbox 1096 1915 1219 1991; x_wconf 86' lang='lat' dir='ltr'>hamis</span> <span class='ocrx_word' id='word_1_89' title='bbox 1237 1971 1239 1977; x_wconf 84' lang='grc'><strong>-</strong></span> 
     </span>
     <span class='ocr_line' id='line_1_15' title="bbox 179 2033 1216 2132; baseline 0.001 -27"><span class='ocrx_word' id='word_1_90' title='bbox 179 2033 319 2124; x_wconf 83' lang='lat' dir='ltr'>Eruta3</span> <span class='ocrx_word' id='word_1_91' title='bbox 349 2058 514 2132; x_wconf 90' lang='lat' dir='ltr'>cumque</span> <span class='ocrx_word' id='word_1_92' title='bbox 532 2034 658 2108; x_wconf 89' lang='lat' dir='ltr'>anima</span> <span class='ocrx_word' id='word_1_93' title='bbox 675 2058 785 2109; x_wconf 91' lang='lat' dir='ltr'>cruor</span> <span class='ocrx_word' id='word_1_94' title='bbox 802 2046 863 2111; x_wconf 88' lang='lat' dir='ltr'>est</span> <span class='ocrx_word' id='word_1_95' title='bbox 878 2036 1021 2111; x_wconf 87' lang='lat' dir='ltr'>effusus</span> <span class='ocrx_word' id='word_1_96' title='bbox 1039 2035 1076 2108; x_wconf 92' lang='lat' dir='ltr'>in</span> <span class='ocrx_word' id='word_1_97' title='bbox 1094 2059 1216 2110; x_wconf 89' lang='lat' dir='ltr'>auras.</span> 
     </span>
     <span class='ocr_line' id='line_1_16' title="bbox 179 2149 1205 2249; baseline 0.001 -27"><span class='ocrx_word' id='word_1_98' title='bbox 179 2149 232 2224; x_wconf 88' lang='lat' dir='ltr'>At</span> <span class='ocrx_word' id='word_1_99' title='bbox 249 2175 324 2225; x_wconf 91' lang='lat' dir='ltr'>non</span> <span class='ocrx_word' id='word_1_100' title='bbox 341 2151 534 2225; x_wconf 90' lang='lat' dir='ltr'>intonsum</span> <span class='ocrx_word' id='word_1_101' title='bbox 553 2151 714 2249; x_wconf 86' lang='lat' dir='ltr'>simplex</span> <span class='ocrx_word' id='word_1_102' title='bbox 733 2149 1058 2246; x_wconf 86' lang='lat' dir='ltr'>Damasichthona</span> <span class='ocrx_word' id='word_1_103' title='bbox 1070 2152 1205 2224; x_wconf 86' lang='lat' dir='ltr'>vulnus</span> 
     </span>
     <span class='ocr_line' id='line_1_17' title="bbox 178 2265 1178 2367; baseline 0.002 -28"><span class='ocrx_word' id='word_1_104' title='bbox 178 2265 327 2341; x_wconf 84' lang='lat' dir='ltr'>Afficit:</span> <span class='ocrx_word' id='word_1_105' title='bbox 349 2266 448 2341; x_wconf 91' lang='lat' dir='ltr'>ictus</span> <span class='ocrx_word' id='word_1_106' title='bbox 467 2274 559 2356; x_wconf 91' lang='lat' dir='ltr'>erat,</span> <span class='ocrx_word' id='word_1_107' title='bbox 580 2276 759 2365; x_wconf 80' lang='lat' dir='ltr'>quaeras</span> <span class='ocrx_word' id='word_1_108' title='bbox 777 2293 862 2344; x_wconf 89' lang='lat' dir='ltr'>esse</span> <span class='ocrx_word' id='word_1_109' title='bbox 879 2268 1024 2367; x_wconf 86' lang='lat' dir='ltr'>incipit,</span> <span class='ocrx_word' id='word_1_110' title='bbox 1044 2278 1084 2342; x_wconf 92' lang='lat' dir='ltr'>et</span> <span class='ocrx_word' id='word_1_111' title='bbox 1098 2291 1178 2365; x_wconf 90' lang='lat' dir='ltr'>qua</span> 
     </span>
     <span class='ocr_line' id='line_1_18' title="bbox 178 2383 1229 2486; baseline 0.001 -30"><span class='ocrx_word' id='word_1_112' title='bbox 178 2383 314 2458; x_wconf 93' lang='lat' dir='ltr'>Mollia</span> <span class='ocrx_word' id='word_1_113' title='bbox 331 2408 510 2459; x_wconf 88' lang='lat' dir='ltr'>nervosus</span> <span class='ocrx_word' id='word_1_114' title='bbox 528 2385 619 2460; x_wconf 89' lang='lat' dir='ltr'>facit</span> <span class='ocrx_word' id='word_1_115' title='bbox 636 2385 847 2461; x_wconf 86' lang='lat' dir='ltr'>internodio</span> <span class='ocrx_word' id='word_1_116' title='bbox 864 2386 997 2486; x_wconf 92' lang='lat' dir='ltr'>poples</span> <span class='ocrx_word' id='word_1_117' title='bbox 1012 2413 1021 2476; x_wconf 93' lang='lat'>;</span> <span class='ocrx_word' id='word_1_118' title='bbox 1155 2387 1229 2458; x_wconf 83' lang='lat'>256</span> 
     </span>
     <span class='ocr_line' id='line_1_19' title="bbox 179 2500 1157 2599; baseline 0 -26"><span class='ocrx_word' id='word_1_119' title='bbox 179 2500 360 2599; x_wconf 90' lang='lat' dir='ltr'>Dumque</span> <span class='ocrx_word' id='word_1_120' title='bbox 378 2527 492 2576; x_wconf 89' lang='lat' dir='ltr'>manu</span> <span class='ocrx_word' id='word_1_121' title='bbox 510 2512 634 2577; x_wconf 87' lang='lat' dir='ltr'>tentat</span> <span class='ocrx_word' id='word_1_122' title='bbox 650 2504 798 2579; x_wconf 91' lang='lat' dir='ltr'>trahere</span> <span class='ocrx_word' id='word_1_123' title='bbox 816 2503 1009 2578; x_wconf 88' lang='lat' dir='ltr'>exitiabile</span> <span class='ocrx_word' id='word_1_124' title='bbox 1026 2502 1157 2588; x_wconf 91' lang='lat' dir='ltr'>telum,</span> 
     </span>
     <span class='ocr_line' id='line_1_20' title="bbox 177 2617 1225 2718; baseline 0.001 -28"><span class='ocrx_word' id='word_1_125' title='bbox 177 2617 310 2691; x_wconf 91' lang='lat' dir='ltr'>Altera</span> <span class='ocrx_word' id='word_1_126' title='bbox 326 2641 394 2716; x_wconf 92' lang='lat' dir='ltr'>per</span> <span class='ocrx_word' id='word_1_127' title='bbox 412 2619 589 2716; x_wconf 84' lang='lat' dir='ltr'>jugulum</span> <span class='ocrx_word' id='word_1_128' title='bbox 607 2619 741 2718; x_wconf 89' lang='lat' dir='ltr'>pennis</span> <span class='ocrx_word' id='word_1_129' title='bbox 759 2629 869 2694; x_wconf 87' lang='lat' dir='ltr'>tenus</span> <span class='ocrx_word' id='word_1_130' title='bbox 887 2630 973 2693; x_wconf 90' lang='lat' dir='ltr'>acta</span> <span class='ocrx_word' id='word_1_131' title='bbox 990 2617 1128 2714; x_wconf 86' lang='lat' dir='ltr'>sagitta</span> <span class='ocrx_word' id='word_1_132' title='bbox 1145 2624 1225 2691; x_wconf 91' lang='lat' dir='ltr'>est:</span> 
     </span>
     <span class='ocr_line' id='line_1_21' title="bbox 176 2723 1192 2840; baseline 0 -34"><span class='ocrx_word' id='word_1_133' title='bbox 176 2723 340 2840; x_wconf 84' lang='lat' dir='ltr'>¹Expulit</span> <span class='ocrx_word' id='word_1_134' title='bbox 356 2735 453 2808; x_wconf 90' lang='lat' dir='ltr'>hanc</span> <span class='ocrx_word' id='word_1_135' title='bbox 472 2734 640 2832; x_wconf 86' lang='lat' dir='ltr'>sanguis,</span> <span class='ocrx_word' id='word_1_136' title='bbox 660 2761 779 2835; x_wconf 92' lang='lat' dir='ltr'>seque</span> <span class='ocrx_word' id='word_1_137' title='bbox 793 2736 1001 2834; x_wconf 88' lang='lat' dir='ltr'>ejaculatus</span> <span class='ocrx_word' id='word_1_138' title='bbox 1018 2735 1057 2808; x_wconf 94' lang='lat' dir='ltr'>in</span> <span class='ocrx_word' id='word_1_139' title='bbox 1074 2734 1192 2807; x_wconf 91' lang='lat' dir='ltr'>altum</span> 
     </span>
     <span class='ocr_line' id='line_1_22' title="bbox 179 2849 1229 2951; baseline -0.001 -29"><span class='ocrx_word' id='word_1_140' title='bbox 179 2849 341 2937; x_wconf 90' lang='lat' dir='ltr'>Emicat,</span> <span class='ocrx_word' id='word_1_141' title='bbox 361 2860 400 2925; x_wconf 92' lang='lat' dir='ltr'>et</span> <span class='ocrx_word' id='word_1_142' title='bbox 411 2851 523 2948; x_wconf 84' lang='lat' dir='ltr'>longe</span> <span class='ocrx_word' id='word_1_143' title='bbox 541 2853 731 2927; x_wconf 86' lang='lat' dir='ltr'>terebrata</span> <span class='ocrx_word' id='word_1_144' title='bbox 746 2852 894 2951; x_wconf 88' lang='lat' dir='ltr'>prosilit</span> <span class='ocrx_word' id='word_1_145' title='bbox 911 2876 1014 2926; x_wconf 87' lang='lat' dir='ltr'>aura.</span> <span class='ocrx_word' id='word_1_146' title='bbox 1154 2853 1229 2923; x_wconf 86' lang='lat'>260</span> 
     </span>
    </p>
   </div>
   <div class='ocr_carea' id='block_1_3' title="bbox 136 3013 1230 4197">
    <p class='ocr_par' dir='ltr' id='par_1_5' title="bbox 136 3013 1230 3598">
     <span class='ocr_line' id='line_1_23' title="bbox 209 3013 1229 3082; baseline 0.001 -20"><span class='ocrx_word' id='word_1_147' title='bbox 209 3014 268 3063; x_wconf 85' lang='lat'>240.</span> <span class='ocrx_word' id='word_1_148' title='bbox 285 3014 391 3078; x_wconf 67' lang='lat' dir='ltr'>Labora]</span> <span class='ocrx_word' id='word_1_149' title='bbox 413 3013 546 3078; x_wconf 83' lang='lat' dir='ltr'>Agitationi</span> <span class='ocrx_word' id='word_1_150' title='bbox 557 3030 680 3080; x_wconf 84' lang='lat' dir='ltr'>equorum.</span> <span class='ocrx_word' id='word_1_151' title='bbox 730 3025 764 3067; x_wconf 89' lang='lat' dir='ltr'>tu.</span> <span class='ocrx_word' id='word_1_152' title='bbox 792 3016 925 3067; x_wconf 81' lang='lat' dir='ltr'>Credebant</span> <span class='ocrx_word' id='word_1_153' title='bbox 938 3016 1001 3064; x_wconf 89' lang='lat' dir='ltr'>enirn</span> <span class='ocrx_word' id='word_1_154' title='bbox 1012 3013 1229 3082; x_wconf 84' lang='lat' dir='ltr'>pectoraetlacer·</span> 
     </span>
     <span class='ocr_line' id='line_1_24' title="bbox 179 3087 1223 3155; baseline 0.004 -19"><span class='ocrx_word' id='word_1_155' title='bbox 179 3087 330 3138; x_wconf 71' lang='lat' dir='ltr'>Transierant</span> <span class='ocrx_word' id='word_1_156' title='bbox 340 3091 370 3137; x_wconf 81' lang='lat' dir='ltr'>ad</span> <span class='ocrx_word' id='word_1_157' title='bbox 379 3105 434 3154; x_wconf 82' lang='lat' dir='ltr'>opor</span> <span class='ocrx_word' id='word_1_158' title='bbox 446 3091 557 3151; x_wconf 75' lang='lat' dir='ltr'>palestra</span> <span class='ocrx_word' id='word_1_159' title='bbox 570 3090 680 3155; x_wconf 84' lang='lat' dir='ltr'>juvenes,</span> <span class='ocrx_word' id='word_1_160' title='bbox 729 3099 775 3149; x_wconf 88' lang='lat' dir='ltr'>tos,</span> <span class='ocrx_word' id='word_1_161' title='bbox 787 3101 814 3140; x_wconf 93' lang='lat' dir='ltr'>ut</span> <span class='ocrx_word' id='word_1_162' title='bbox 824 3092 940 3153; x_wconf 82' lang='lat' dir='ltr'>liverent3</span> <span class='ocrx_word' id='word_1_163' title='bbox 951 3091 1031 3140; x_wconf 83' lang='lat' dir='ltr'>confer</span> <span class='ocrx_word' id='word_1_164' title='bbox 1042 3106 1135 3140; x_wconf 84' lang='lat' dir='ltr'>versum</span> <span class='ocrx_word' id='word_1_165' title='bbox 1146 3091 1204 3140; x_wconf 85' lang='lat'>279.</span> <span class='ocrx_word' id='word_1_166' title='bbox 1221 3095 1223 3100; x_wconf 87' lang='lat'>&#39;</span> 
     </span>
     <span class='ocr_line' id='line_1_25' title="bbox 174 3162 1230 3232; baseline 0.003 -21"><span class='ocrx_word' id='word_1_167' title='bbox 174 3163 226 3230; x_wconf 81' lang='lat' dir='ltr'>jam</span> <span class='ocrx_word' id='word_1_168' title='bbox 237 3162 310 3212; x_wconf 79' lang='lat' dir='ltr'>nnius</span> <span class='ocrx_word' id='word_1_169' title='bbox 319 3162 530 3212; x_wconf 84' lang='lat' dir='ltr'>exercitationibus</span> <span class='ocrx_word' id='word_1_170' title='bbox 541 3165 679 3230; x_wconf 85' lang='lat' dir='ltr'>campestri·</span> <span class='ocrx_word' id='word_1_171' title='bbox 762 3170 820 3218; x_wconf 83' lang='lat'><strong>253.</strong></span> <span class='ocrx_word' id='word_1_172' title='bbox 842 3169 943 3232; x_wconf 81' lang='lat' dir='ltr'>Cumque</span> <span class='ocrx_word' id='word_1_173' title='bbox 960 3170 1047 3223; x_wconf 74' lang='lat' dir='ltr'>aalma,</span> <span class='ocrx_word' id='word_1_174' title='bbox 1070 3167 1130 3230; x_wconf 78' lang='lat' dir='ltr'>eto]</span> <span class='ocrx_word' id='word_1_175' title='bbox 1150 3165 1230 3231; x_wconf 85' lang='lat' dir='ltr'>Virgi-</span> 
     </span>
     <span class='ocr_line' id='line_1_26' title="bbox 136 3236 1230 3303; baseline 0.001 -16"><span class='ocrx_word' id='word_1_176' title='bbox 136 3266 140 3271; x_wconf 92' lang='lat'>·</span> <span class='ocrx_word' id='word_1_177' title='bbox 176 3239 238 3298; x_wconf 78' lang='lat' dir='ltr'>bus3</span> <span class='ocrx_word' id='word_1_178' title='bbox 255 3237 318 3303; x_wconf 88' lang='lat' dir='ltr'>apud</span> <span class='ocrx_word' id='word_1_179' title='bbox 336 3236 678 3288; x_wconf 80' lang='lat' dir='ltr'>Romanosnatareetiamso·</span> <span class='ocrx_word' id='word_1_180' title='bbox 728 3242 783 3301; x_wconf 86' lang='lat' dir='ltr'>lius,</span> <span class='ocrx_word' id='word_1_181' title='bbox 797 3242 896 3291; x_wconf 72' lang='lat' dir='ltr'>AEneirl.</span> <span class='ocrx_word' id='word_1_182' title='bbox 908 3241 935 3292; x_wconf 93' lang='lat' dir='ltr'>ii.</span> <span class='ocrx_word' id='word_1_183' title='bbox 945 3244 1002 3292; x_wconf 81' lang='grc'><strong>532.</strong></span> <span class='ocrx_word' id='word_1_184' title='bbox 1013 3244 1085 3290; x_wconf 75' lang='lat' dir='ltr'>multo</span> <span class='ocrx_word' id='word_1_185' title='bbox 1097 3246 1167 3290; x_wconf 85' lang='lat' dir='ltr'>urtam</span> <span class='ocrx_word' id='word_1_186' title='bbox 1178 3258 1230 3290; x_wconf 84' lang='lat' dir='ltr'>cum</span> 
     </span>
     <span class='ocr_line' id='line_1_27' title="bbox 177 3311 1228 3382; baseline 0.004 -22"><span class='ocrx_word' id='word_1_187' title='bbox 177 3312 260 3360; x_wconf 88' lang='lat' dir='ltr'>lebant</span> <span class='ocrx_word' id='word_1_188' title='bbox 271 3327 313 3376; x_wconf 90' lang='lat' dir='ltr'>per</span> <span class='ocrx_word' id='word_1_189' title='bbox 322 3311 434 3360; x_wconf 84' lang='lat' dir='ltr'>Tiberim.</span> <span class='ocrx_word' id='word_1_190' title='bbox 452 3312 535 3362; x_wconf 88' lang='lat' dir='ltr'>Horat.</span> <span class='ocrx_word' id='word_1_191' title='bbox 543 3313 564 3362; x_wconf 85' lang='grc' dir='ltr'>Ι.</span> <span class='ocrx_word' id='word_1_192' title='bbox 573 3313 621 3362; x_wconf 93' lang='lat' dir='ltr'>Od.</span> <span class='ocrx_word' id='word_1_193' title='bbox 628 3313 678 3364; x_wconf 90' lang='lat' dir='ltr'>viii.</span> <span class='ocrx_word' id='word_1_194' title='bbox 727 3318 910 3382; x_wconf 74' lang='lat' dir='ltr'>sungrriacsudit</span> <span class='ocrx_word' id='word_1_195' title='bbox 918 3334 927 3376; x_wconf 90' lang='lat'>,·</span> <span class='ocrx_word' id='word_1_196' title='bbox 936 3324 961 3364; x_wconf 87' lang='lat' dir='ltr'>et</span> <span class='ocrx_word' id='word_1_197' title='bbox 970 3316 1003 3365; x_wconf 84' lang='lat' dir='ltr'>ix.</span> <span class='ocrx_word' id='word_1_198' title='bbox 1015 3317 1071 3365; x_wconf 87' lang='grc'><strong>349.</strong></span> <span class='ocrx_word' id='word_1_199' title='bbox 1085 3316 1228 3376; x_wconf 78' lang='lat' dir='ltr'>Purpuream</span> 
     </span>
     <span class='ocr_line' id='line_1_28' title="bbox 177 3384 1227 3452; baseline 0.003 -17"><span class='ocrx_word' id='word_1_200' title='bbox 177 3385 307 3435; x_wconf 83' lang='lat' dir='ltr'>Laetantes</span> <span class='ocrx_word' id='word_1_201' title='bbox 319 3384 345 3434; x_wconf 89' lang='lat' dir='ltr'>iu</span> <span class='ocrx_word' id='word_1_202' title='bbox 359 3385 471 3451; x_wconf 73' lang='lat' dir='ltr'>palestra</span> <span class='ocrx_word' id='word_1_203' title='bbox 486 3389 538 3436; x_wconf 89' lang='lat' dir='ltr'>oleo</span> <span class='ocrx_word' id='word_1_204' title='bbox 555 3390 678 3452; x_wconf 82' lang='lat' dir='ltr'>ungeban·</span> <span class='ocrx_word' id='word_1_205' title='bbox 728 3394 796 3439; x_wconf 82' lang='lat' dir='ltr'>uomit</span> <span class='ocrx_word' id='word_1_206' title='bbox 809 3393 850 3439; x_wconf 76' lang='lat' dir='ltr'>ille</span> <span class='ocrx_word' id='word_1_207' title='bbox 860 3395 974 3440; x_wconf 79' lang='lat' dir='ltr'>animam.-</span> <span class='ocrx_word' id='word_1_208' title='bbox 992 3407 1020 3438; x_wconf 84' lang='lat' dir='ltr'>er</span> <span class='ocrx_word' id='word_1_209' title='bbox 1034 3398 1112 3439; x_wconf 87' lang='lat' dir='ltr'>mente</span> <span class='ocrx_word' id='word_1_210' title='bbox 1123 3390 1227 3446; x_wconf 85' lang='lat' dir='ltr'>illomm,</span> 
     </span>
     <span class='ocr_line' id='line_1_29' title="bbox 176 3459 1217 3531; baseline 0.003 -22"><span class='ocrx_word' id='word_1_211' title='bbox 176 3468 224 3516; x_wconf 89' lang='lat' dir='ltr'>tur,</span> <span class='ocrx_word' id='word_1_212' title='bbox 235 3469 262 3508; x_wconf 90' lang='lat' dir='ltr'>ut</span> <span class='ocrx_word' id='word_1_213' title='bbox 272 3459 419 3508; x_wconf 87' lang='lat' dir='ltr'>mollirentur</span> <span class='ocrx_word' id='word_1_214' title='bbox 431 3468 504 3518; x_wconf 85' lang='lat' dir='ltr'>artus,</span> <span class='ocrx_word' id='word_1_215' title='bbox 518 3462 574 3512; x_wconf 88' lang='lat' dir='ltr'>hinc</span> <span class='ocrx_word' id='word_1_216' title='bbox 584 3465 678 3523; x_wconf 74' lang='lat' dir='ltr'>nitido5</span> <span class='ocrx_word' id='word_1_217' title='bbox 728 3465 770 3530; x_wconf 90' lang='lat' dir='ltr'>qui</span> <span class='ocrx_word' id='word_1_218' title='bbox 778 3466 917 3530; x_wconf 86' lang='lat' dir='ltr'>sanguinem</span> <span class='ocrx_word' id='word_1_219' title='bbox 928 3464 1014 3514; x_wconf 82' lang='lat' dir='ltr'>animm</span> <span class='ocrx_word' id='word_1_220' title='bbox 1024 3465 1105 3514; x_wconf 90' lang='lat' dir='ltr'>sedem</span> <span class='ocrx_word' id='word_1_221' title='bbox 1116 3481 1168 3514; x_wconf 88' lang='lat' dir='ltr'>esse</span> <span class='ocrx_word' id='word_1_222' title='bbox 1178 3464 1217 3531; x_wconf 93' lang='lat' dir='ltr'>opi</span> 
     </span>
     <span class='ocr_line' id='line_1_30' title="bbox 175 3533 1216 3598; baseline 0.007 -14"><span class='ocrx_word' id='word_1_223' title='bbox 175 3533 311 3584; x_wconf 79' lang='lat' dir='ltr'>etHeroid.</span> <span class='ocrx_word' id='word_1_224' title='bbox 321 3533 355 3583; x_wconf 84' lang='lat' dir='ltr'>xi.</span> <span class='ocrx_word' id='word_1_225' title='bbox 367 3536 406 3584; x_wconf 81' lang='lat'>19.</span> <span class='ocrx_word' id='word_1_226' title='bbox 416 3545 488 3585; x_wconf 81' lang='lat' dir='ltr'>unctu</span> <span class='ocrx_word' id='word_1_227' title='bbox 496 3539 613 3598; x_wconf 69' lang='lat' dir='ltr'>palestra.</span> <span class='ocrx_word' id='word_1_228' title='bbox 728 3540 854 3588; x_wconf 76' lang='lat' dir='ltr'>nubantur.</span> <span class='ocrx_word' id='word_1_229' title='bbox 1215 3565 1216 3569; x_wconf 44' lang='lat'>¹</span> 
     </span>
    </p>

    <p class='ocr_par' dir='ltr' id='par_1_6' title="bbox 177 3608 1228 3825">
     <span class='ocr_line' id='line_1_31' title="bbox 209 3608 1227 3677; baseline 0.007 -22"><span class='ocrx_word' id='word_1_230' title='bbox 209 3610 266 3656; x_wconf 88' lang='lat'>242.</span> <span class='ocrx_word' id='word_1_231' title='bbox 278 3608 311 3656; x_wconf 82' lang='lat' dir='ltr'>Et</span> <span class='ocrx_word' id='word_1_232' title='bbox 321 3612 375 3670; x_wconf 79' lang='lat' dir='ltr'>jam</span> <span class='ocrx_word' id='word_1_233' title='bbox 386 3612 549 3674; x_wconf 71' lang='lat' dir='ltr'>coutulerunt,¹</span> <span class='ocrx_word' id='word_1_234' title='bbox 564 3612 615 3677; x_wconf 83' lang='lat' dir='ltr'>jam</span> <span class='ocrx_word' id='word_1_235' title='bbox 625 3610 678 3659; x_wconf 89' lang='lat' dir='ltr'>luc·</span> <span class='ocrx_word' id='word_1_236' title='bbox 761 3614 818 3662; x_wconf 83' lang='grc'><strong>254.</strong></span> <span class='ocrx_word' id='word_1_237' title='bbox 828 3614 860 3661; x_wconf 79' lang='lat' dir='ltr'>At</span> <span class='ocrx_word' id='word_1_238' title='bbox 875 3627 921 3661; x_wconf 80' lang='lat' dir='ltr'>amr</span> <span class='ocrx_word' id='word_1_239' title='bbox 934 3611 1071 3675; x_wconf 67' lang='lat' dir='ltr'>insama]</span> <span class='ocrx_word' id='word_1_240' title='bbox 1087 3611 1184 3661; x_wconf 87' lang='lat' dir='ltr'>AEneid.</span> <span class='ocrx_word' id='word_1_241' title='bbox 1194 3612 1227 3662; x_wconf 84' lang='lat' dir='ltr'>ix.</span> 
     </span>
     <span class='ocr_line' id='line_1_32' title="bbox 178 3675 1228 3751; baseline 0.004 -21"><span class='ocrx_word' id='word_1_242' title='bbox 178 3681 224 3730; x_wconf 84' lang='lat' dir='ltr'>tari</span> <span class='ocrx_word' id='word_1_243' title='bbox 235 3690 366 3748; x_wconf 85' lang='lat' dir='ltr'>coeperant.</span> <span class='ocrx_word' id='word_1_244' title='bbox 399 3684 438 3733; x_wconf 91' lang='lat' dir='ltr'>De</span> <span class='ocrx_word' id='word_1_245' title='bbox 453 3702 513 3734; x_wconf 80' lang='lat' dir='ltr'>aera</span> <span class='ocrx_word' id='word_1_246' title='bbox 528 3675 679 3742; x_wconf 83' lang='lat' dir='ltr'>luctantium,</span> <span class='ocrx_word' id='word_1_247' title='bbox 731 3688 786 3736; x_wconf 80' lang='lat' dir='ltr'>lar.</span> <span class='ocrx_word' id='word_1_248' title='bbox 794 3686 912 3735; x_wconf 86' lang='lat' dir='ltr'>ornatius:</span> <span class='ocrx_word' id='word_1_249' title='bbox 925 3687 974 3734; x_wconf 80' lang='lat' dir='ltr'>Ora</span> <span class='ocrx_word' id='word_1_250' title='bbox 982 3703 1040 3747; x_wconf 77' lang='lat' dir='ltr'>puer</span> <span class='ocrx_word' id='word_1_251' title='bbox 1048 3688 1124 3748; x_wconf 79' lang='lat' dir='ltr'>prima</span> <span class='ocrx_word' id='word_1_252' title='bbox 1134 3690 1228 3751; x_wconf 79' lang='lat' dir='ltr'>signans</span> 
     </span>
     <span class='ocr_line' id='line_1_33' title="bbox 177 3756 1228 3825; baseline 0.003 -20"><span class='ocrx_word' id='word_1_253' title='bbox 177 3756 376 3807; x_wconf 53' lang='lat' dir='ltr'>adsedisse.</span> <span class='ocrx_word' id='word_1_254' title='bbox 728 3765 936 3825; x_wconf 77' lang='lat' dir='ltr'>intonsnjuuenta.</span> <span class='ocrx_word' id='word_1_255' title='bbox 959 3760 1036 3809; x_wconf 88' lang='lat' dir='ltr'>Recte</span> <span class='ocrx_word' id='word_1_256' title='bbox 1045 3762 1120 3822; x_wconf 84' lang='lat' dir='ltr'>poples</span> <span class='ocrx_word' id='word_1_257' title='bbox 1131 3769 1228 3810; x_wconf 83' lang='lat' dir='ltr'>vocatur</span> 
     </span>
    </p>

    <p class='ocr_par' dir='ltr' id='par_1_7' title="bbox 177 3831 1228 3974">
     <span class='ocr_line' id='line_1_34' title="bbox 210 3831 1228 3900; baseline 0.003 -20"><span class='ocrx_word' id='word_1_258' title='bbox 210 3831 268 3880; x_wconf 86' lang='grc'><strong>246.</strong></span> <span class='ocrx_word' id='word_1_259' title='bbox 290 3831 401 3894; x_wconf 78' lang='lat' dir='ltr'>Suprema</span> <span class='ocrx_word' id='word_1_260' title='bbox 428 3835 525 3890; x_wconf 81' lang='lat' dir='ltr'>lumina,</span> <span class='ocrx_word' id='word_1_261' title='bbox 553 3833 680 3884; x_wconf 88' lang='lat' dir='ltr'>morientes</span> <span class='ocrx_word' id='word_1_262' title='bbox 729 3853 835 3886; x_wconf 70' lang='lat' dir='ltr'>annosas</span> <span class='ocrx_word' id='word_1_263' title='bbox 845 3835 903 3900; x_wconf 89' lang='lat' dir='ltr'>quia</span> <span class='ocrx_word' id='word_1_264' title='bbox 916 3835 949 3884; x_wconf 91' lang='lat' dir='ltr'>ibi</span> <span class='ocrx_word' id='word_1_265' title='bbox 961 3834 1056 3900; x_wconf 88' lang='lat' dir='ltr'>plurimi</span> <span class='ocrx_word' id='word_1_266' title='bbox 1073 3835 1154 3883; x_wconf 84' lang='lat' dir='ltr'>nervi:</span> <span class='ocrx_word' id='word_1_267' title='bbox 1172 3835 1228 3883; x_wconf 84' lang='lat' dir='ltr'>vide</span> 
     </span>
     <span class='ocr_line' id='line_1_35' title="bbox 177 3905 1227 3974; baseline 0.004 -20"><span class='ocrx_word' id='word_1_268' title='bbox 177 3905 268 3955; x_wconf 86' lang='lat' dir='ltr'>oculos.</span> <span class='ocrx_word' id='word_1_269' title='bbox 729 3913 902 3960; x_wconf 85' lang='lat' dir='ltr'>Burmannum.</span> <span class='ocrx_word' id='word_1_270' title='bbox 923 3909 1066 3965; x_wconf 63' lang='lat' dir='ltr'>Interamn,</span> <span class='ocrx_word' id='word_1_271' title='bbox 1077 3908 1180 3974; x_wconf 85' lang='lat' dir='ltr'>spatium</span> <span class='ocrx_word' id='word_1_272' title='bbox 1191 3908 1227 3959; x_wconf 90' lang='lat' dir='ltr'>in-</span> 
     </span>
    </p>

    <p class='ocr_par' dir='ltr' id='par_1_8' title="bbox 176 3980 1227 4197">
     <span class='ocr_line' id='line_1_36' title="bbox 209 3980 1227 4049; baseline 0.002 -19"><span class='ocrx_word' id='word_1_273' title='bbox 209 3980 268 4030; x_wconf 77' lang='lat'>248.</span> <span class='ocrx_word' id='word_1_274' title='bbox 281 3981 421 4045; x_wconf 67' lang='lat' dir='ltr'>Alpheum]</span> <span class='ocrx_word' id='word_1_275' title='bbox 440 3981 606 4047; x_wconf 86' lang='lat' dir='ltr'>Apollodoms‚</span> <span class='ocrx_word' id='word_1_276' title='bbox 619 3984 678 4049; x_wconf 79' lang='lat' dir='ltr'>Age·</span> <span class='ocrx_word' id='word_1_277' title='bbox 728 3992 765 4033; x_wconf 82' lang='lat' dir='ltr'>ter</span> <span class='ocrx_word' id='word_1_278' title='bbox 782 3983 865 4041; x_wconf 87' lang='lat' dir='ltr'>nodos,</span> <span class='ocrx_word' id='word_1_279' title='bbox 877 3983 918 4049; x_wconf 93' lang='lat' dir='ltr'>qui</span> <span class='ocrx_word' id='word_1_280' title='bbox 934 3998 988 4032; x_wconf 89' lang='lat' dir='ltr'>crus</span> <span class='ocrx_word' id='word_1_281' title='bbox 1003 3988 1029 4031; x_wconf 90' lang='lat' dir='ltr'>et</span> <span class='ocrx_word' id='word_1_282' title='bbox 1047 3981 1161 4048; x_wconf 88' lang='lat' dir='ltr'>poplitem</span> <span class='ocrx_word' id='word_1_283' title='bbox 1177 3983 1227 4032; x_wconf 87' lang='lat' dir='ltr'>col·</span> 
     </span>
     <span class='ocr_line' id='line_1_37' title="bbox 176 4054 814 4123; baseline 0.006 -21"><span class='ocrx_word' id='word_1_284' title='bbox 176 4071 229 4104; x_wconf 79' lang='lat' dir='ltr'>nor.</span> <span class='ocrx_word' id='word_1_285' title='bbox 262 4054 365 4104; x_wconf 73' lang='lat' dir='ltr'>Laniare</span> <span class='ocrx_word' id='word_1_286' title='bbox 374 4058 496 4122; x_wconf 62' lang='lat' dir='ltr'>plangens,</span> <span class='ocrx_word' id='word_1_287' title='bbox 509 4056 625 4123; x_wconf 83' lang='lat' dir='ltr'>plangens</span> <span class='ocrx_word' id='word_1_288' title='bbox 636 4059 679 4116; x_wconf 86' lang='lat' dir='ltr'>sic,</span> <span class='ocrx_word' id='word_1_289' title='bbox 728 4055 814 4123; x_wconf 83' lang='lat' dir='ltr'>ligant.</span> 
     </span>
     <span class='ocr_line' id='line_1_38' title="bbox 177 4129 1226 4197; baseline 0 -18"><span class='ocrx_word' id='word_1_290' title='bbox 177 4138 205 4179; x_wconf 87' lang='lat' dir='ltr'>ut</span> <span class='ocrx_word' id='word_1_291' title='bbox 215 4129 326 4180; x_wconf 82' lang='lat' dir='ltr'>laniaret.</span> <span class='ocrx_word' id='word_1_292' title='bbox 342 4130 406 4180; x_wconf 79' lang='lat' dir='ltr'>Vide</span> <span class='ocrx_word' id='word_1_293' title='bbox 416 4131 448 4181; x_wconf 87' lang='lat' dir='ltr'>ad</span> <span class='ocrx_word' id='word_1_294' title='bbox 458 4130 476 4181; x_wconf 87' lang='lat' dir='ltr'>i.</span> <span class='ocrx_word' id='word_1_295' title='bbox 487 4133 527 4180; x_wconf 84' lang='lat'>32.</span> <span class='ocrx_word' id='word_1_296' title='bbox 555 4133 677 4197; x_wconf 84' lang='lat' dir='ltr'>Frequen-</span> <span class='ocrx_word' id='word_1_297' title='bbox 761 4134 819 4182; x_wconf 82' lang='lat'>260.</span> <span class='ocrx_word' id='word_1_298' title='bbox 839 4132 962 4181; x_wconf 81' lang='lat' dir='ltr'>Terebruro</span> <span class='ocrx_word' id='word_1_299' title='bbox 978 4132 1087 4196; x_wconf 74' lang='lat' dir='ltr'>prosilit]</span> <span class='ocrx_word' id='word_1_300' title='bbox 1105 4133 1181 4197; x_wconf 87' lang='lat' dir='ltr'>Supra</span> <span class='ocrx_word' id='word_1_301' title='bbox 1194 4129 1226 4179; x_wconf 87' lang='lat' dir='ltr'>iv.</span> 
     </span>
    </p>
   </div>
   <div class='ocr_carea' id='block_1_4' title="bbox 177 4204 1228 4350">
    <p class='ocr_par' dir='ltr' id='par_1_9' title="bbox 177 4204 1228 4350">
     <span class='ocr_line' id='line_1_39' title="bbox 177 4204 1228 4350; baseline 0.004 -99"><span class='ocrx_word' id='word_1_302' title='bbox 177 4204 354 4328; x_wconf 38' lang='lat' dir='ltr'>terxlagliprfips</span> <span class='ocrx_word' id='word_1_303' title='bbox 365 4204 680 4274; x_wconf 61' lang='lat' dir='ltr'>mpulosiveplanc·</span> <span class='ocrx_word' id='word_1_304' title='bbox 731 4209 787 4259; x_wconf 85' lang='grc'><strong>124.</strong></span> <span class='ocrx_word' id='word_1_305' title='bbox 805 4209 899 4350; x_wconf 53' lang='grc' dir='ltr'>ειιέἑμὶε</span> <span class='ocrx_word' id='word_1_306' title='bbox 913 4221 927 4255; x_wconf 79' lang='lat' dir='ltr'>c</span> <span class='ocrx_word' id='word_1_307' title='bbox 940 4205 1037 4256; x_wconf 80' lang='lat' dir='ltr'>vulnere</span> <span class='ocrx_word' id='word_1_308' title='bbox 1052 4204 1158 4256; x_wconf 77' lang='lat' dir='ltr'>emicans</span> <span class='ocrx_word' id='word_1_309' title='bbox 1173 4208 1228 4255; x_wconf 73' lang='lat' dir='ltr'>tott-</span> 
     </span>
     <span class='ocr_line' id='line_1_40' title="bbox 284 4287 877 4330; baseline 0.005 -3"><span class='ocrx_word' id='word_1_310' title='bbox 284 4287 301 4327; x_wconf 76' lang='lat'>.&#39;</span> <span class='ocrx_word' id='word_1_311' title='bbox 345 4314 352 4328; x_wconf 92' lang='lat'>.</span> <span class='ocrx_word' id='word_1_312' title='bbox 861 4298 877 4330; x_wconf 81' lang='lat' dir='ltr'>x</span> 
     </span>
    </p>
   </div>
   <div class='ocr_carea' id='block_1_5' title="bbox 0 0 1412 5010">
    <p class='ocr_par' dir='ltr' id='par_1_10' title="bbox 0 0 1412 5010">
     <span class='ocr_line' id='line_1_41' title="bbox 0 0 1412 5010; baseline 0 0"><span class='ocrx_word' id='word_1_313' title='bbox 0 0 1412 5010; x_wconf 95' lang='lat' dir='ltr'> </span> 
     </span>
    </p>
   </div>
  </div>
 </body>
</html>
