<?xml version="1.0" encoding="UTF-8"?>
<!DOCTYPE html PUBLIC "-//W3C//DTD XHTML 1.0 Transitional//EN"
    "http://www.w3.org/TR/xhtml1/DTD/xhtml1-transitional.dtd">
<html xmlns="http://www.w3.org/1999/xhtml" xml:lang="en" lang="en">
 <head>
  <title>
</title>
<meta http-equiv="Content-Type" content="text/html;charset=utf-8" />
  <meta name='ocr-system' content='tesseract 3.04.00' />
  <meta name='ocr-capabilities' content='ocr_page ocr_carea ocr_par ocr_line ocrx_word'/>
</head>
<body>
  <div class='ocr_page' id='page_1' title='image "./povidiinasoniso04burmgoog_0077.png"; bbox 0 0 2812 5010; ppageno 0'>
   <div class='ocr_carea' id='block_1_1' title="bbox 539 275 1041 391">
    <p class='ocr_par' dir='ltr' id='par_1_1' title="bbox 539 275 1041 391">
     <span class='ocr_line' id='line_1_1' title="bbox 539 275 1041 391; baseline 0.002 -2"><span class='ocrx_word' id='word_1_1' title='bbox 539 324 579 389; x_wconf 81' lang='grc' dir='ltr'>Ρ.</span> <span class='ocrx_word' id='word_1_2' title='bbox 604 322 768 390; x_wconf 85' lang='lat' dir='ltr'>ovrnrr</span> <span class='ocrx_word' id='word_1_3' title='bbox 793 324 1005 391; x_wconf 73' lang='lat' dir='ltr'>ursolus</span> <span class='ocrx_word' id='word_1_4' title='bbox 1037 275 1041 281; x_wconf 35' lang='lat'><strong>⁴</strong></span> 
     </span>
    </p>
   </div>
   <div class='ocr_carea' id='block_1_2' title="bbox 245 329 291 395">
    <p class='ocr_par' dir='ltr' id='par_1_2' title="bbox 245 329 291 395">
     <span class='ocr_line' id='line_1_2' title="bbox 245 329 291 395; baseline 0 0"><span class='ocrx_word' id='word_1_5' title='bbox 245 329 291 395; x_wconf 82' lang='grc'>66</span> 
     </span>
    </p>
   </div>
   <div class='ocr_carea' id='block_1_3' title="bbox 248 498 1294 1299">
    <p class='ocr_par' dir='ltr' id='par_1_3' title="bbox 248 498 1294 1181">
     <span class='ocr_line' id='line_1_3' title="bbox 248 498 1057 598; baseline -0.004 -23"><span class='ocrx_word' id='word_1_6' title='bbox 248 501 367 598; x_wconf 89' lang='lat' dir='ltr'>Ignea</span> <span class='ocrx_word' id='word_1_7' title='bbox 383 498 542 575; x_wconf 81' lang='lat' dir='ltr'>convexi</span> <span class='ocrx_word' id='word_1_8' title='bbox 559 499 615 572; x_wconf 91' lang='lat' dir='ltr'>vis</span> <span class='ocrx_word' id='word_1_9' title='bbox 633 508 673 572; x_wconf 91' lang='lat' dir='ltr'>et</span> <span class='ocrx_word' id='word_1_10' title='bbox 689 498 770 573; x_wconf 92' lang='lat' dir='ltr'>sine</span> <span class='ocrx_word' id='word_1_11' title='bbox 788 499 954 597; x_wconf 91' lang='lat' dir='ltr'>pondere</span> <span class='ocrx_word' id='word_1_12' title='bbox 972 501 1057 573; x_wconf 91' lang='lat' dir='ltr'>coeli</span> 
     </span>
     <span class='ocr_line' id='line_1_4' title="bbox 249 608 1193 713; baseline 0.002 -22"><span class='ocrx_word' id='word_1_13' title='bbox 249 616 427 704; x_wconf 87' lang='lat' dir='ltr'><strong>Emicuit,</strong></span> <span class='ocrx_word' id='word_1_14' title='bbox 447 608 670 712; x_wconf 91' lang='lat' dir='ltr'>summaque</span> <span class='ocrx_word' id='word_1_15' title='bbox 687 615 812 688; x_wconf 91' lang='lat' dir='ltr'>locum</span> <span class='ocrx_word' id='word_1_16' title='bbox 831 615 903 689; x_wconf 88' lang='lat' dir='ltr'>sibi</span> <span class='ocrx_word' id='word_1_17' title='bbox 920 616 1012 713; x_wconf 85' lang='lat' dir='ltr'>legit</span> <span class='ocrx_word' id='word_1_18' title='bbox 1028 617 1067 689; x_wconf 90' lang='lat' dir='ltr'>in</span> <span class='ocrx_word' id='word_1_19' title='bbox 1086 641 1193 692; x_wconf 87' lang='lat' dir='ltr'>arce:</span> 
     </span>
     <span class='ocr_line' id='line_1_5' title="bbox 250 731 1062 831; baseline 0.001 -24"><span class='ocrx_word' id='word_1_20' title='bbox 250 734 450 809; x_wconf 87' lang='lat' dir='ltr'>Proximus</span> <span class='ocrx_word' id='word_1_21' title='bbox 469 744 528 807; x_wconf 90' lang='lat' dir='ltr'>est</span> <span class='ocrx_word' id='word_1_22' title='bbox 545 756 608 807; x_wconf 88' lang='lat' dir='ltr'>aer</span> <span class='ocrx_word' id='word_1_23' title='bbox 626 732 680 805; x_wconf 90' lang='lat' dir='ltr'>illi</span> <span class='ocrx_word' id='word_1_24' title='bbox 697 731 863 820; x_wconf 88' lang='lat' dir='ltr'>levitate,</span> <span class='ocrx_word' id='word_1_25' title='bbox 881 733 1062 831; x_wconf 88' lang='lat' dir='ltr'>locoque:</span> 
     </span>
     <span class='ocr_line' id='line_1_6' title="bbox 250 849 1236 946; baseline -0.001 -23"><span class='ocrx_word' id='word_1_26' title='bbox 250 851 412 925; x_wconf 90' lang='lat' dir='ltr'>Densior</span> <span class='ocrx_word' id='word_1_27' title='bbox 428 849 487 922; x_wconf 92' lang='lat' dir='ltr'>his</span> <span class='ocrx_word' id='word_1_28' title='bbox 505 850 628 934; x_wconf 71' lang='lat' dir='ltr'>tellus</span> <span class='ocrx_word' id='word_1_29' title='bbox 649 849 912 946; x_wconf 81' lang='lat' dir='ltr'>elementaque</span> <span class='ocrx_word' id='word_1_30' title='bbox 928 849 1085 946; x_wconf 82' lang='lat' dir='ltr'>grandia</span> <span class='ocrx_word' id='word_1_31' title='bbox 1100 849 1236 937; x_wconf 60' lang='lat' dir='ltr'>traxits</span> 
     </span>
     <span class='ocr_line' id='line_1_7' title="bbox 249 965 1294 1065; baseline -0.002 -26"><span class='ocrx_word' id='word_1_32' title='bbox 249 965 301 1040; x_wconf 89' lang='lat' dir='ltr'>Et</span> <span class='ocrx_word' id='word_1_33' title='bbox 314 989 446 1065; x_wconf 89' lang='lat' dir='ltr'>pressa</span> <span class='ocrx_word' id='word_1_34' title='bbox 461 976 524 1040; x_wconf 89' lang='lat' dir='ltr'>est</span> <span class='ocrx_word' id='word_1_35' title='bbox 532 965 715 1061; x_wconf 86' lang='lat' dir='ltr'>gravitate</span> <span class='ocrx_word' id='word_1_36' title='bbox 734 965 813 1041; x_wconf 87' lang='lat' dir='ltr'>sui:</span> <span class='ocrx_word' id='word_1_37' title='bbox 837 967 1078 1040; x_wconf 89' lang='lat' dir='ltr'>circumfluus</span> <span class='ocrx_word' id='word_1_38' title='bbox 1091 966 1226 1040; x_wconf 92' lang='lat' dir='ltr'>humor</span> <span class='ocrx_word' id='word_1_39' title='bbox 1243 971 1294 1038; x_wconf 88' lang='lat'>30</span> 
     </span>
     <span class='ocr_line' id='line_1_8' title="bbox 250 1082 1198 1181; baseline -0.003 -25"><span class='ocrx_word' id='word_1_40' title='bbox 250 1083 394 1158; x_wconf 91' lang='lat' dir='ltr'>Ultima</span> <span class='ocrx_word' id='word_1_41' title='bbox 410 1082 592 1181; x_wconf 81' lang='lat' dir='ltr'>possedit,</span> <span class='ocrx_word' id='word_1_42' title='bbox 612 1083 851 1180; x_wconf 86' lang='lat' dir='ltr'>solidumque</span> <span class='ocrx_word' id='word_1_43' title='bbox 869 1082 1037 1157; x_wconf 85' lang='lat' dir='ltr'>coercuit</span> <span class='ocrx_word' id='word_1_44' title='bbox 1053 1083 1198 1157; x_wconf 79' lang='lat' dir='ltr'>orbem.</span> 
     </span>
    </p>

    <p class='ocr_par' dir='ltr' id='par_1_4' title="bbox 300 1196 1263 1299">
     <span class='ocr_line' id='line_1_9' title="bbox 300 1196 1263 1299; baseline -0.003 -25"><span class='ocrx_word' id='word_1_45' title='bbox 300 1200 364 1274; x_wconf 89' lang='lat' dir='ltr'>Sic</span> <span class='ocrx_word' id='word_1_46' title='bbox 382 1199 447 1274; x_wconf 93' lang='lat' dir='ltr'>ubi</span> <span class='ocrx_word' id='word_1_47' title='bbox 465 1198 699 1298; x_wconf 83' lang='lat' dir='ltr'>dispositam,</span> <span class='ocrx_word' id='word_1_48' title='bbox 720 1199 893 1299; x_wconf 88' lang='lat' dir='ltr'>quisquis</span> <span class='ocrx_word' id='word_1_49' title='bbox 911 1196 1065 1273; x_wconf 74' lang='lat' dir='ltr'>fuit&#39;ille</span> <span class='ocrx_word' id='word_1_50' title='bbox 1084 1198 1263 1285; x_wconf 88' lang='lat' dir='ltr'>Deorum,</span> 
     </span>
    </p>
   </div>
   <div class='ocr_carea' id='block_1_4' title="bbox 244 1428 1356 2166">
    <p class='ocr_par' dir='ltr' id='par_1_5' title="bbox 244 1428 1356 2166">
     <span class='ocr_line' id='line_1_10' title="bbox 278 1428 1295 1498; baseline -0.006 -15"><span class='ocrx_word' id='word_1_51' title='bbox 278 1435 318 1483; x_wconf 81' lang='lat'>26.</span> <span class='ocrx_word' id='word_1_52' title='bbox 336 1434 408 1498; x_wconf 81' lang='lat' dir='ltr'>lgneo</span> <span class='ocrx_word' id='word_1_53' title='bbox 422 1432 589 1495; x_wconf 58' lang='lat' dir='ltr'>coenantem]</span> <span class='ocrx_word' id='word_1_54' title='bbox 609 1431 648 1481; x_wconf 83' lang='lat' dir='ltr'>cf.</span> <span class='ocrx_word' id='word_1_55' title='bbox 662 1431 743 1480; x_wconf 89' lang='lat' dir='ltr'>Tibul.</span> <span class='ocrx_word' id='word_1_56' title='bbox 794 1430 928 1496; x_wconf 83' lang='lat' dir='ltr'>occupavit,</span> <span class='ocrx_word' id='word_1_57' title='bbox 942 1429 1001 1495; x_wconf 88' lang='lat' dir='ltr'>quia</span> <span class='ocrx_word' id='word_1_58' title='bbox 1018 1437 1086 1481; x_wconf 74' lang='lat' dir='ltr'>terrae</span> <span class='ocrx_word' id='word_1_59' title='bbox 1103 1428 1209 1478; x_wconf 85' lang='lat' dir='ltr'>eminent</span> <span class='ocrx_word' id='word_1_60' title='bbox 1223 1445 1295 1495; x_wconf 91' lang='lat' dir='ltr'>super</span> 
     </span>
     <span class='ocr_line' id='line_1_11' title="bbox 244 1502 1296 1570; baseline -0.006 -12"><span class='ocrx_word' id='word_1_61' title='bbox 244 1509 290 1558; x_wconf 84' lang='lat' dir='ltr'>lv.</span> <span class='ocrx_word' id='word_1_62' title='bbox 308 1508 325 1556; x_wconf 95' lang='lat' dir='ltr'>i.</span> <span class='ocrx_word' id='word_1_63' title='bbox 346 1509 457 1567; x_wconf 75' lang='lat'>19-233</span> <span class='ocrx_word' id='word_1_64' title='bbox 477 1506 603 1557; x_wconf 82' lang='lat' dir='ltr'>Claudias.</span> <span class='ocrx_word' id='word_1_65' title='bbox 624 1508 657 1556; x_wconf 88' lang='lat' dir='ltr'>R.</span> <span class='ocrx_word' id='word_1_66' title='bbox 677 1508 707 1556; x_wconf 91' lang='lat' dir='ltr'>P.</span> <span class='ocrx_word' id='word_1_67' title='bbox 726 1506 744 1555; x_wconf 94' lang='lat' dir='ltr'>i.</span> <span class='ocrx_word' id='word_1_68' title='bbox 794 1503 889 1554; x_wconf 87' lang='lat' dir='ltr'>Oceani·</span> <span class='ocrx_word' id='word_1_69' title='bbox 911 1502 1068 1570; x_wconf 77' lang='lat' dir='ltr'>superficiem.</span> <span class='ocrx_word' id='word_1_70' title='bbox 1110 1502 1188 1552; x_wconf 82' lang='lat' dir='ltr'>Aliter</span> <span class='ocrx_word' id='word_1_71' title='bbox 1213 1504 1296 1552; x_wconf 88' lang='lat' dir='ltr'>Sever.</span> 
     </span>
     <span class='ocr_line' id='line_1_12' title="bbox 245 1573 1294 1648; baseline -0.007 -16"><span class='ocrx_word' id='word_1_72' title='bbox 245 1585 295 1634; x_wconf 79' lang='lat'>246</span> <span class='ocrx_word' id='word_1_73' title='bbox 313 1600 367 1648; x_wconf 86' lang='lat' dir='ltr'>sqq.</span> <span class='ocrx_word' id='word_1_74' title='bbox 386 1582 428 1631; x_wconf 88' lang='lat' dir='ltr'>ubi</span> <span class='ocrx_word' id='word_1_75' title='bbox 447 1581 587 1648; x_wconf 84' lang='lat' dir='ltr'>Proserpina</span> <span class='ocrx_word' id='word_1_76' title='bbox 607 1581 652 1631; x_wconf 89' lang='lat' dir='ltr'>hoc</span> <span class='ocrx_word' id='word_1_77' title='bbox 672 1573 742 1646; x_wconf 85' lang='lat' dir='ltr'>argu·</span> <span class='ocrx_word' id='word_1_78' title='bbox 793 1580 1108 1628; x_wconf 80' lang='lat' dir='ltr'>AEtn.103.sorsdotucoelo</span> <span class='ocrx_word' id='word_1_79' title='bbox 1119 1579 1294 1635; x_wconf 61' lang='lat' dir='ltr'>Primusscuto</span> 
     </span>
     <span class='ocr_line' id='line_1_13' title="bbox 245 1653 1293 1718; baseline -0.007 -10"><span class='ocrx_word' id='word_1_80' title='bbox 245 1657 429 1708; x_wconf 80' lang='lat' dir='ltr'>mentumtexit.</span> <span class='ocrx_word' id='word_1_81' title='bbox 461 1657 744 1705; x_wconf 77' lang='lat' dir='ltr'>Iselernentorumseriem</span> <span class='ocrx_word' id='word_1_82' title='bbox 792 1659 870 1711; x_wconf 68' lang='lat' dir='ltr'>maru,</span> <span class='ocrx_word' id='word_1_83' title='bbox 886 1658 1012 1716; x_wconf 60' lang='lat' dir='ltr'>&amp;seditque</span> <span class='ocrx_word' id='word_1_84' title='bbox 1026 1654 1106 1718; x_wconf 80' lang='lat' dir='ltr'>infimo</span> <span class='ocrx_word' id='word_1_85' title='bbox 1122 1654 1198 1701; x_wconf 85' lang='lat' dir='ltr'>tellus.</span> <span class='ocrx_word' id='word_1_86' title='bbox 1230 1653 1293 1702; x_wconf 88' lang='lat' dir='ltr'>Lan·</span> 
     </span>
     <span class='ocr_line' id='line_1_14' title="bbox 245 1727 1294 1797; baseline -0.004 -17"><span class='ocrx_word' id='word_1_87' title='bbox 245 1733 309 1781; x_wconf 91' lang='lat' dir='ltr'>hunc</span> <span class='ocrx_word' id='word_1_88' title='bbox 327 1731 428 1797; x_wconf 88' lang='lat' dir='ltr'>primum</span> <span class='ocrx_word' id='word_1_89' title='bbox 449 1732 547 1779; x_wconf 80' lang='lat' dir='ltr'>Naturae</span> <span class='ocrx_word' id='word_1_90' title='bbox 569 1739 648 1779; x_wconf 86' lang='lat' dir='ltr'>ectum</span> <span class='ocrx_word' id='word_1_91' title='bbox 665 1738 743 1779; x_wconf 84' lang='lat' dir='ltr'>vocat.</span> <span class='ocrx_word' id='word_1_92' title='bbox 793 1727 843 1778; x_wconf 89' lang='lat' dir='ltr'>zius</span> <span class='ocrx_word' id='word_1_93' title='bbox 861 1746 915 1778; x_wconf 91' lang='lat' dir='ltr'>vero</span> <span class='ocrx_word' id='word_1_94' title='bbox 936 1746 979 1794; x_wconf 95' lang='lat' dir='ltr'>per</span> <span class='ocrx_word' id='word_1_95' title='bbox 996 1730 1080 1777; x_wconf 83' lang='lat' dir='ltr'>ultimo</span> <span class='ocrx_word' id='word_1_96' title='bbox 1099 1729 1144 1776; x_wconf 93' lang='lat' dir='ltr'>int.</span> <span class='ocrx_word' id='word_1_97' title='bbox 1163 1728 1294 1792; x_wconf 79' lang='lat' dir='ltr'>marginem</span> 
     </span>
     <span class='ocr_line' id='line_1_15' title="bbox 245 1803 1292 1873; baseline -0.006 -17"><span class='ocrx_word' id='word_1_98' title='bbox 245 1804 318 1873; x_wconf 79' lang='lat' dir='ltr'>lgneo</span> <span class='ocrx_word' id='word_1_99' title='bbox 345 1808 387 1862; x_wconf 83' lang='lat' dir='ltr'>nis,</span> <span class='ocrx_word' id='word_1_100' title='bbox 408 1804 550 1871; x_wconf 87' lang='lat' dir='ltr'>periphrasis</span> <span class='ocrx_word' id='word_1_101' title='bbox 573 1804 635 1869; x_wconf 88' lang='lat' dir='ltr'>ignis</span> <span class='ocrx_word' id='word_1_102' title='bbox 663 1803 743 1870; x_wconf 87' lang='lat' dir='ltr'>ipsius.</span> <span class='ocrx_word' id='word_1_103' title='bbox 793 1803 855 1852; x_wconf 91' lang='lat' dir='ltr'>orbis</span> <span class='ocrx_word' id='word_1_104' title='bbox 876 1813 990 1852; x_wconf 88' lang='lat' dir='ltr'>terrarum</span> <span class='ocrx_word' id='word_1_105' title='bbox 1011 1803 1084 1867; x_wconf 88' lang='lat' dir='ltr'>plani,</span> <span class='ocrx_word' id='word_1_106' title='bbox 1102 1810 1173 1867; x_wconf 87' lang='lat' dir='ltr'>atque</span> <span class='ocrx_word' id='word_1_107' title='bbox 1194 1806 1292 1851; x_wconf 83' lang='lat' dir='ltr'>circum·</span> 
     </span>
     <span class='ocr_line' id='line_1_16' title="bbox 248 1874 1293 1944; baseline -0.005 -15"><span class='ocrx_word' id='word_1_108' title='bbox 248 1882 295 1939; x_wconf 82' lang='lat' dir='ltr'>Vis,</span> <span class='ocrx_word' id='word_1_109' title='bbox 313 1878 367 1944; x_wconf 81' lang='grc' dir='ltr'><strong><em>βίη,</em></strong></span> <span class='ocrx_word' id='word_1_110' title='bbox 388 1879 451 1944; x_wconf 80' lang='lat' dir='ltr'>apud</span> <span class='ocrx_word' id='word_1_111' title='bbox 467 1886 548 1944; x_wconf 89' lang='lat' dir='ltr'>poetas</span> <span class='ocrx_word' id='word_1_112' title='bbox 566 1894 629 1944; x_wconf 78' lang='lat' dir='ltr'>sepe</span> <span class='ocrx_word' id='word_1_113' title='bbox 646 1877 743 1926; x_wconf 89' lang='lat' dir='ltr'>inservit</span> <span class='ocrx_word' id='word_1_114' title='bbox 785 1877 854 1942; x_wconf 78' lang='lat' dir='ltr'>floro</span> <span class='ocrx_word' id='word_1_115' title='bbox 868 1885 936 1943; x_wconf 87' lang='lat' dir='ltr'>putat</span> <span class='ocrx_word' id='word_1_116' title='bbox 953 1892 1005 1926; x_wconf 89' lang='lat' dir='ltr'>esse</span> <span class='ocrx_word' id='word_1_117' title='bbox 1021 1876 1141 1926; x_wconf 88' lang='lat' dir='ltr'>Homeric.</span> <span class='ocrx_word' id='word_1_118' title='bbox 1159 1874 1293 1942; x_wconf 71' lang='grc' dir='ltr'>ἀψὸῤῥοος,</span> 
     </span>
     <span class='ocr_line' id='line_1_17' title="bbox 244 1950 1292 2022; baseline -0.004 -18"><span class='ocrx_word' id='word_1_119' title='bbox 244 1953 383 2022; x_wconf 85' lang='lat' dir='ltr'>periphrasi.</span> <span class='ocrx_word' id='word_1_120' title='bbox 419 1953 482 2018; x_wconf 81' lang='lat' dir='ltr'>Ignis</span> <span class='ocrx_word' id='word_1_121' title='bbox 499 1969 568 2018; x_wconf 90' lang='lat' dir='ltr'>porro</span> <span class='ocrx_word' id='word_1_122' title='bbox 587 1955 639 2002; x_wconf 86' lang='lat' dir='ltr'>coeti</span> <span class='ocrx_word' id='word_1_123' title='bbox 655 1961 691 2001; x_wconf 89' lang='lat' dir='ltr'>est</span> <span class='ocrx_word' id='word_1_124' title='bbox 710 1968 742 2001; x_wconf 85' lang='lat' dir='ltr'>ae-</span> <span class='ocrx_word' id='word_1_125' title='bbox 792 1955 818 2000; x_wconf 86' lang='lat' dir='ltr'>in</span> <span class='ocrx_word' id='word_1_126' title='bbox 833 1968 855 2000; x_wconf 82' lang='lat' dir='ltr'>se</span> <span class='ocrx_word' id='word_1_127' title='bbox 871 1956 944 2014; x_wconf 57' lang='lat' dir='ltr'>mrum</span> <span class='ocrx_word' id='word_1_128' title='bbox 955 1954 1062 2010; x_wconf 60' lang='lat' dir='ltr'>redium</span> <span class='ocrx_word' id='word_1_129' title='bbox 1079 1951 1121 1999; x_wconf 89' lang='lat' dir='ltr'>sed</span> <span class='ocrx_word' id='word_1_130' title='bbox 1133 1950 1187 2000; x_wconf 88' lang='lat' dir='ltr'>vide</span> <span class='ocrx_word' id='word_1_131' title='bbox 1199 1950 1292 2000; x_wconf 89' lang='lat' dir='ltr'>adver.</span> 
     </span>
     <span class='ocr_line' id='line_1_18' title="bbox 244 2018 1356 2093; baseline -0.004 -15"><span class='ocrx_word' id='word_1_132' title='bbox 244 2029 306 2087; x_wconf 88' lang='lat' dir='ltr'>ther,</span> <span class='ocrx_word' id='word_1_133' title='bbox 317 2027 358 2093; x_wconf 93' lang='lat' dir='ltr'>qui</span> <span class='ocrx_word' id='word_1_134' title='bbox 375 2037 468 2076; x_wconf 89' lang='lat' dir='ltr'>constat</span> <span class='ocrx_word' id='word_1_135' title='bbox 484 2027 555 2092; x_wconf 87' lang='lat' dir='ltr'>ignea</span> <span class='ocrx_word' id='word_1_136' title='bbox 566 2036 650 2076; x_wconf 86' lang='lat' dir='ltr'>natura</span> <span class='ocrx_word' id='word_1_137' title='bbox 661 2026 742 2091; x_wconf 84' lang='lat' dir='ltr'>(Virg.</span> <span class='ocrx_word' id='word_1_138' title='bbox 793 2028 831 2075; x_wconf 81' lang='lat'>12.</span> <span class='ocrx_word' id='word_1_139' title='bbox 864 2026 967 2075; x_wconf 71' lang='lat' dir='ltr'>Selicium</span> <span class='ocrx_word' id='word_1_140' title='bbox 979 2025 1291 2082; x_wconf 86' lang='lat' dir='ltr'>orbem,terramcontinen-</span> <span class='ocrx_word' id='word_1_141' title='bbox 1353 2018 1356 2022; x_wconf 65' lang='grc'><strong>’</strong></span> 
     </span>
     <span class='ocr_line' id='line_1_19' title="bbox 244 2098 1292 2166; baseline -0.004 -14"><span class='ocrx_word' id='word_1_142' title='bbox 244 2100 578 2166; x_wconf 72' lang='lat' dir='ltr'>Fael.vi.33.lipuidusr&#39;gnis.</span> <span class='ocrx_word' id='word_1_143' title='bbox 600 2100 680 2149; x_wconf 87' lang='lat' dir='ltr'>Tibul.</span> <span class='ocrx_word' id='word_1_144' title='bbox 690 2100 715 2149; x_wconf 97' lang='lat' dir='ltr'>d.</span> <span class='ocrx_word' id='word_1_145' title='bbox 726 2101 743 2148; x_wconf 93' lang='lat' dir='ltr'>l.</span> <span class='ocrx_word' id='word_1_146' title='bbox 792 2108 849 2158; x_wconf 90' lang='lat' dir='ltr'>tem,</span> <span class='ocrx_word' id='word_1_147' title='bbox 861 2117 914 2165; x_wconf 80' lang='lat' dir='ltr'>quae</span> <span class='ocrx_word' id='word_1_148' title='bbox 926 2099 1021 2149; x_wconf 91' lang='lat' dir='ltr'>solidior</span> <span class='ocrx_word' id='word_1_149' title='bbox 1031 2100 1106 2148; x_wconf 85' lang='lat' dir='ltr'>multo</span> <span class='ocrx_word' id='word_1_150' title='bbox 1117 2098 1195 2164; x_wconf 84' lang='lat' dir='ltr'>aquis.</span> <span class='ocrx_word' id='word_1_151' title='bbox 1224 2100 1292 2148; x_wconf 75' lang='lat' dir='ltr'>Coer-</span> 
     </span>
    </p>
   </div>
   <div class='ocr_carea' id='block_1_5' title="bbox 238 2175 747 4173">
    <p class='ocr_par' dir='ltr' id='par_1_6' title="bbox 244 2175 743 2523">
     <span class='ocr_line' id='line_1_20' title="bbox 245 2175 743 2245; baseline -0.01 -17"><span class='ocrx_word' id='word_1_152' title='bbox 245 2175 423 2245; x_wconf 83' lang='lat' dir='ltr'>igneusaetber,)</span> <span class='ocrx_word' id='word_1_153' title='bbox 433 2193 487 2242; x_wconf 80' lang='lat' dir='ltr'>quar</span> <span class='ocrx_word' id='word_1_154' title='bbox 499 2176 583 2225; x_wconf 88' lang='lat' dir='ltr'>eadem</span> <span class='ocrx_word' id='word_1_155' title='bbox 599 2183 635 2224; x_wconf 89' lang='lat' dir='ltr'>est</span> <span class='ocrx_word' id='word_1_156' title='bbox 652 2175 743 2224; x_wconf 89' lang='lat' dir='ltr'>levissi-</span> 
     </span>
     <span class='ocr_line' id='line_1_21' title="bbox 245 2251 742 2316; baseline -0.008 -15"><span class='ocrx_word' id='word_1_157' title='bbox 245 2268 293 2302; x_wconf 93' lang='lat' dir='ltr'>ma.</span> <span class='ocrx_word' id='word_1_158' title='bbox 311 2251 446 2308; x_wconf 73' lang='lat' dir='ltr'>Conversum,</span> <span class='ocrx_word' id='word_1_159' title='bbox 457 2266 654 2316; x_wconf 87' lang='lat' dir='ltr'>proconcavum;</span> <span class='ocrx_word' id='word_1_160' title='bbox 671 2266 742 2314; x_wconf 89' lang='lat' dir='ltr'>quem</span> 
     </span>
     <span class='ocr_line' id='line_1_22' title="bbox 244 2322 742 2390; baseline -0.01 -14"><span class='ocrx_word' id='word_1_161' title='bbox 244 2324 313 2376; x_wconf 77' lang='lat' dir='ltr'>usum</span> <span class='ocrx_word' id='word_1_162' title='bbox 334 2325 387 2374; x_wconf 88' lang='lat' dir='ltr'>Cic.</span> <span class='ocrx_word' id='word_1_163' title='bbox 400 2325 425 2374; x_wconf 90' lang='lat' dir='ltr'>in</span> <span class='ocrx_word' id='word_1_164' title='bbox 444 2322 548 2381; x_wconf 80' lang='lat' dir='ltr'>Arateis,</span> <span class='ocrx_word' id='word_1_165' title='bbox 558 2340 608 2373; x_wconf 89' lang='lat' dir='ltr'>ver.</span> <span class='ocrx_word' id='word_1_166' title='bbox 628 2325 684 2381; x_wconf 76' lang='lat'>314,</span> <span class='ocrx_word' id='word_1_167' title='bbox 695 2323 742 2390; x_wconf 91' lang='lat' dir='ltr'>pri·</span> 
     </span>
     <span class='ocr_line' id='line_1_23' title="bbox 244 2396 743 2463; baseline -0.008 -14"><span class='ocrx_word' id='word_1_168' title='bbox 244 2396 298 2449; x_wconf 83' lang='lat' dir='ltr'>mus</span> <span class='ocrx_word' id='word_1_169' title='bbox 311 2398 429 2448; x_wconf 84' lang='lat' dir='ltr'>invexisse</span> <span class='ocrx_word' id='word_1_170' title='bbox 440 2397 532 2447; x_wconf 84' lang='lat' dir='ltr'>videtur</span> <span class='ocrx_word' id='word_1_171' title='bbox 543 2399 621 2462; x_wconf 83' lang='lat' dir='ltr'>Heyn.</span> <span class='ocrx_word' id='word_1_172' title='bbox 634 2398 665 2447; x_wconf 88' lang='lat' dir='ltr'>ad</span> <span class='ocrx_word' id='word_1_173' title='bbox 675 2398 743 2463; x_wconf 86' lang='lat' dir='ltr'>Virg.</span> 
     </span>
     <span class='ocr_line' id='line_1_24' title="bbox 246 2472 480 2523; baseline -0.009 0"><span class='ocrx_word' id='word_1_174' title='bbox 246 2475 305 2523; x_wconf 84' lang='lat' dir='ltr'>AEn.</span> <span class='ocrx_word' id='word_1_175' title='bbox 314 2472 347 2522; x_wconf 92' lang='lat' dir='ltr'>iv.</span> <span class='ocrx_word' id='word_1_176' title='bbox 358 2475 415 2522; x_wconf 84' lang='grc'>451.</span> <span class='ocrx_word' id='word_1_177' title='bbox 477 2472 480 2476; x_wconf 79' lang='grc'><strong>’</strong></span> 
     </span>
    </p>

    <p class='ocr_par' dir='ltr' id='par_1_7' title="bbox 238 2545 745 3116">
     <span class='ocr_line' id='line_1_25' title="bbox 277 2545 744 2612; baseline 0 -16"><span class='ocrx_word' id='word_1_178' title='bbox 277 2549 317 2597; x_wconf 77' lang='grc'>27.</span> <span class='ocrx_word' id='word_1_179' title='bbox 336 2545 458 2608; x_wconf 79' lang='lat' dir='ltr'>Emicuit]</span> <span class='ocrx_word' id='word_1_180' title='bbox 481 2547 592 2612; x_wconf 89' lang='lat' dir='ltr'>Repente</span> <span class='ocrx_word' id='word_1_181' title='bbox 603 2555 627 2596; x_wconf 88' lang='lat' dir='ltr'>et</span> <span class='ocrx_word' id='word_1_182' title='bbox 637 2545 744 2596; x_wconf 88' lang='lat' dir='ltr'>celeriter</span> 
     </span>
     <span class='ocr_line' id='line_1_26' title="bbox 244 2619 743 2688; baseline -0.006 -16"><span class='ocrx_word' id='word_1_183' title='bbox 244 2621 361 2688; x_wconf 85' lang='lat' dir='ltr'>prosiluit,</span> <span class='ocrx_word' id='word_1_184' title='bbox 373 2621 437 2686; x_wconf 90' lang='lat' dir='ltr'>quod</span> <span class='ocrx_word' id='word_1_185' title='bbox 452 2622 551 2669; x_wconf 88' lang='lat' dir='ltr'>verbum</span> <span class='ocrx_word' id='word_1_186' title='bbox 567 2619 670 2669; x_wconf 83' lang='lat' dir='ltr'>maxime</span> <span class='ocrx_word' id='word_1_187' title='bbox 687 2637 743 2669; x_wconf 92' lang='lat' dir='ltr'>con-</span> 
     </span>
     <span class='ocr_line' id='line_1_27' title="bbox 238 2694 745 2752; baseline -0.006 -5"><span class='ocrx_word' id='word_1_188' title='bbox 238 2697 311 2747; x_wconf 73' lang='lat' dir='ltr'>venit</span> <span class='ocrx_word' id='word_1_189' title='bbox 321 2695 413 2744; x_wconf 87' lang='lat' dir='ltr'>levitati</span> <span class='ocrx_word' id='word_1_190' title='bbox 419 2694 523 2744; x_wconf 81' lang='lat' dir='ltr'>retheris.</span> <span class='ocrx_word' id='word_1_191' title='bbox 546 2696 638 2743; x_wconf 76' lang='lat' dir='ltr'>Sumam</span> <span class='ocrx_word' id='word_1_192' title='bbox 647 2712 698 2752; x_wconf 81' lang='lat' dir='ltr'>ars,</span> <span class='ocrx_word' id='word_1_193' title='bbox 709 2695 745 2744; x_wconf 91' lang='lat' dir='ltr'>al·</span> 
     </span>
     <span class='ocr_line' id='line_1_28' title="bbox 244 2768 744 2833; baseline -0.002 -14"><span class='ocrx_word' id='word_1_194' title='bbox 244 2768 337 2819; x_wconf 86' lang='lat' dir='ltr'>tissima</span> <span class='ocrx_word' id='word_1_195' title='bbox 353 2768 437 2817; x_wconf 90' lang='lat' dir='ltr'>mundi</span> <span class='ocrx_word' id='word_1_196' title='bbox 457 2783 506 2817; x_wconf 83' lang='lat' dir='ltr'>ora.</span> <span class='ocrx_word' id='word_1_197' title='bbox 540 2769 588 2816; x_wconf 83' lang='lat' dir='ltr'>Sibi</span> <span class='ocrx_word' id='word_1_198' title='bbox 607 2771 671 2833; x_wconf 83' lang='lat' dir='ltr'>legit,</span> <span class='ocrx_word' id='word_1_199' title='bbox 693 2777 744 2818; x_wconf 84' lang='lat' dir='ltr'>tan·</span> 
     </span>
     <span class='ocr_line' id='line_1_29' title="bbox 244 2842 744 2910; baseline -0.002 -16"><span class='ocrx_word' id='word_1_200' title='bbox 244 2859 318 2910; x_wconf 85' lang='lat' dir='ltr'>quam</span> <span class='ocrx_word' id='word_1_201' title='bbox 335 2859 379 2892; x_wconf 89' lang='lat' dir='ltr'>sua</span> <span class='ocrx_word' id='word_1_202' title='bbox 398 2849 481 2908; x_wconf 90' lang='lat' dir='ltr'>sponte</span> <span class='ocrx_word' id='word_1_203' title='bbox 501 2842 590 2901; x_wconf 84' lang='lat' dir='ltr'>fecerit,</span> <span class='ocrx_word' id='word_1_204' title='bbox 609 2843 672 2908; x_wconf 91' lang='lat' dir='ltr'>quod</span> <span class='ocrx_word' id='word_1_205' title='bbox 691 2843 744 2909; x_wconf 86' lang='lat' dir='ltr'>lege</span> 
     </span>
     <span class='ocr_line' id='line_1_30' title="bbox 244 2915 744 2982; baseline -0.004 -14"><span class='ocrx_word' id='word_1_206' title='bbox 244 2915 336 2968; x_wconf 81' lang='lat' dir='ltr'>natura</span> <span class='ocrx_word' id='word_1_207' title='bbox 346 2917 426 2966; x_wconf 84' lang='lat' dir='ltr'>fiebat.</span> <span class='ocrx_word' id='word_1_208' title='bbox 460 2917 538 2966; x_wconf 85' lang='lat' dir='ltr'>Etiam</span> <span class='ocrx_word' id='word_1_209' title='bbox 549 2933 589 2982; x_wconf 88' lang='lat' dir='ltr'>ap.</span> <span class='ocrx_word' id='word_1_210' title='bbox 599 2917 687 2968; x_wconf 86' lang='lat' dir='ltr'>Claud.</span> <span class='ocrx_word' id='word_1_211' title='bbox 694 2919 720 2966; x_wconf 92' lang='lat' dir='ltr'>d.</span> <span class='ocrx_word' id='word_1_212' title='bbox 727 2919 744 2967; x_wconf 94' lang='grc'>1.</span> 
     </span>
     <span class='ocr_line' id='line_1_31' title="bbox 245 2991 743 3056; baseline 0 -15"><span class='ocrx_word' id='word_1_213' title='bbox 245 2991 353 3041; x_wconf 90' lang='lat' dir='ltr'>nonnulli</span> <span class='ocrx_word' id='word_1_214' title='bbox 364 2993 420 3056; x_wconf 82' lang='lat' dir='ltr'>tegit</span> <span class='ocrx_word' id='word_1_215' title='bbox 430 2991 526 3055; x_wconf 80' lang='lat' dir='ltr'>flammo</span> <span class='ocrx_word' id='word_1_216' title='bbox 536 2993 622 3052; x_wconf 82' lang='lat' dir='ltr'>polum.</span> <span class='ocrx_word' id='word_1_217' title='bbox 650 2992 690 3042; x_wconf 78' lang='lat' dir='ltr'>Cf.</span> <span class='ocrx_word' id='word_1_218' title='bbox 700 2991 743 3041; x_wconf 88' lang='lat' dir='ltr'>xii.</span> 
     </span>
     <span class='ocr_line' id='line_1_32' title="bbox 246 3064 646 3116; baseline -0.003 0"><span class='ocrx_word' id='word_1_219' title='bbox 246 3065 335 3116; x_wconf 77' lang='lat' dir='ltr'>taubi</span> <span class='ocrx_word' id='word_1_220' title='bbox 346 3066 431 3115; x_wconf 85' lang='lat' dir='ltr'>eadem</span> <span class='ocrx_word' id='word_1_221' title='bbox 441 3066 514 3114; x_wconf 83' lang='lat' dir='ltr'>verba</span> <span class='ocrx_word' id='word_1_222' title='bbox 522 3064 552 3114; x_wconf 90' lang='lat' dir='ltr'>de</span> <span class='ocrx_word' id='word_1_223' title='bbox 563 3067 646 3115; x_wconf 85' lang='lat' dir='ltr'>Fama.</span> 
     </span>
    </p>

    <p class='ocr_par' dir='ltr' id='par_1_8' title="bbox 244 3141 747 3640">
     <span class='ocr_line' id='line_1_33' title="bbox 278 3141 745 3205; baseline -0.002 -14"><span class='ocrx_word' id='word_1_224' title='bbox 278 3143 319 3191; x_wconf 76' lang='lat'>29.</span> <span class='ocrx_word' id='word_1_225' title='bbox 344 3143 464 3190; x_wconf 77' lang='lat' dir='ltr'>Elementa</span> <span class='ocrx_word' id='word_1_226' title='bbox 477 3141 601 3205; x_wconf 73' lang='lat' dir='ltr'>grandim]</span> <span class='ocrx_word' id='word_1_227' title='bbox 625 3141 745 3190; x_wconf 70' lang='lat' dir='ltr'>Crantore</span> 
     </span>
     <span class='ocr_line' id='line_1_34' title="bbox 246 3216 744 3282; baseline -0.008 -14"><span class='ocrx_word' id='word_1_228' title='bbox 246 3233 369 3282; x_wconf 90' lang='lat' dir='ltr'>corporum</span> <span class='ocrx_word' id='word_1_229' title='bbox 386 3216 489 3265; x_wconf 85' lang='lat' dir='ltr'>stamina</span> <span class='ocrx_word' id='word_1_230' title='bbox 506 3216 676 3280; x_wconf 70' lang='lat' dir='ltr'>attraxitque</span> <span class='ocrx_word' id='word_1_231' title='bbox 686 3233 744 3281; x_wconf 89' lang='lat' dir='ltr'>pon·</span> 
     </span>
     <span class='ocr_line' id='line_1_35' title="bbox 246 3290 745 3355; baseline -0.008 -13"><span class='ocrx_word' id='word_1_232' title='bbox 246 3292 303 3342; x_wconf 88' lang='lat' dir='ltr'>dere</span> <span class='ocrx_word' id='word_1_233' title='bbox 316 3307 359 3340; x_wconf 90' lang='lat' dir='ltr'>suo</span> <span class='ocrx_word' id='word_1_234' title='bbox 374 3290 484 3338; x_wconf 87' lang='lat' dir='ltr'>deorsum</span> <span class='ocrx_word' id='word_1_235' title='bbox 495 3292 631 3355; x_wconf 85' lang='lat' dir='ltr'>vergebant.</span> <span class='ocrx_word' id='word_1_236' title='bbox 665 3291 745 3338; x_wconf 78' lang='lat' dir='ltr'>Pressa</span> 
     </span>
     <span class='ocr_line' id='line_1_36' title="bbox 245 3365 744 3426; baseline -0.006 -9"><span class='ocrx_word' id='word_1_237' title='bbox 245 3375 290 3426; x_wconf 89' lang='lat' dir='ltr'>est,</span> <span class='ocrx_word' id='word_1_238' title='bbox 301 3374 329 3415; x_wconf 89' lang='lat' dir='ltr'>ut</span> <span class='ocrx_word' id='word_1_239' title='bbox 345 3365 484 3414; x_wconf 87' lang='lat' dir='ltr'>subsideret.</span> <span class='ocrx_word' id='word_1_240' title='bbox 500 3367 565 3414; x_wconf 88' lang='lat' dir='ltr'>Fast.</span> <span class='ocrx_word' id='word_1_241' title='bbox 576 3382 599 3413; x_wconf 91' lang='lat' dir='ltr'>v.</span> <span class='ocrx_word' id='word_1_242' title='bbox 618 3367 662 3414; x_wconf 87' lang='lat'>13:</span> <span class='ocrx_word' id='word_1_243' title='bbox 683 3366 744 3414; x_wconf 86' lang='lat' dir='ltr'>Pon-</span> 
     </span>
     <span class='ocr_line' id='line_1_37' title="bbox 245 3440 744 3502; baseline -0.006 -11"><span class='ocrx_word' id='word_1_244' title='bbox 245 3445 298 3492; x_wconf 87' lang='lat' dir='ltr'>dere</span> <span class='ocrx_word' id='word_1_245' title='bbox 305 3440 414 3489; x_wconf 72' lang='lat' dir='ltr'>terrosum</span> <span class='ocrx_word' id='word_1_246' title='bbox 424 3443 522 3488; x_wconf 78' lang='lat' dir='ltr'>subsedit</span> <span class='ocrx_word' id='word_1_247' title='bbox 532 3450 554 3488; x_wconf 88' lang='lat' dir='ltr'>et</span> <span class='ocrx_word' id='word_1_248' title='bbox 561 3456 649 3502; x_wconf 79' lang='lat' dir='ltr'>equora</span> <span class='ocrx_word' id='word_1_249' title='bbox 657 3444 744 3498; x_wconf 74' lang='lat' dir='ltr'>trusit,-</span> 
     </span>
     <span class='ocr_line' id='line_1_38' title="bbox 246 3512 747 3582; baseline -0.004 -16"><span class='ocrx_word' id='word_1_250' title='bbox 246 3515 311 3582; x_wconf 88' lang='lat' dir='ltr'>quod</span> <span class='ocrx_word' id='word_1_251' title='bbox 325 3521 428 3564; x_wconf 86' lang='lat' dir='ltr'>sumtum</span> <span class='ocrx_word' id='word_1_252' title='bbox 443 3530 456 3562; x_wconf 89' lang='lat' dir='ltr'>e</span> <span class='ocrx_word' id='word_1_253' title='bbox 471 3514 550 3563; x_wconf 86' lang='lat' dir='ltr'>Tibul.</span> <span class='ocrx_word' id='word_1_254' title='bbox 565 3514 591 3562; x_wconf 92' lang='lat' dir='ltr'>d.</span> <span class='ocrx_word' id='word_1_255' title='bbox 607 3512 646 3562; x_wconf 88' lang='lat' dir='ltr'>l.:</span> <span class='ocrx_word' id='word_1_256' title='bbox 666 3515 747 3569; x_wconf 81' lang='lat' dir='ltr'>Qualis</span> 
     </span>
     <span class='ocr_line' id='line_1_39' title="bbox 244 3590 651 3640; baseline -0.01 0"><span class='ocrx_word' id='word_1_257' title='bbox 244 3593 270 3640; x_wconf 80' lang='lat' dir='ltr'>is</span> <span class='ocrx_word' id='word_1_258' title='bbox 280 3593 385 3639; x_wconf 66' lang='lat' dir='ltr'>inmenso</span> <span class='ocrx_word' id='word_1_259' title='bbox 394 3591 505 3637; x_wconf 64' lang='lat' dir='ltr'>aaronem</span> <span class='ocrx_word' id='word_1_260' title='bbox 514 3605 566 3637; x_wconf 80' lang='lat' dir='ltr'>aere</span> <span class='ocrx_word' id='word_1_261' title='bbox 576 3590 651 3637; x_wconf 82' lang='lat' dir='ltr'>teitus.</span> 
     </span>
    </p>

    <p class='ocr_par' dir='ltr' id='par_1_9' title="bbox 240 3661 745 4173">
     <span class='ocr_line' id='line_1_40' title="bbox 278 3661 745 3728; baseline -0.006 -12"><span class='ocrx_word' id='word_1_262' title='bbox 278 3667 319 3716; x_wconf 82' lang='lat'>30.</span> <span class='ocrx_word' id='word_1_263' title='bbox 335 3663 399 3726; x_wconf 70' lang='lat' dir='ltr'>Sui]</span> <span class='ocrx_word' id='word_1_264' title='bbox 414 3663 516 3712; x_wconf 85' lang='lat' dir='ltr'>Cantab.</span> <span class='ocrx_word' id='word_1_265' title='bbox 524 3671 549 3711; x_wconf 89' lang='lat' dir='ltr'>et</span> <span class='ocrx_word' id='word_1_266' title='bbox 556 3663 639 3728; x_wconf 88' lang='lat' dir='ltr'>viginti</span> <span class='ocrx_word' id='word_1_267' title='bbox 646 3661 687 3712; x_wconf 91' lang='lat' dir='ltr'>alii</span> <span class='ocrx_word' id='word_1_268' title='bbox 696 3680 745 3714; x_wconf 74' lang='lat' dir='ltr'>saro.</span> 
     </span>
     <span class='ocr_line' id='line_1_41' title="bbox 244 3736 745 3805; baseline -0.01 -16"><span class='ocrx_word' id='word_1_269' title='bbox 244 3740 339 3805; x_wconf 86' lang='lat' dir='ltr'>Nempe</span> <span class='ocrx_word' id='word_1_270' title='bbox 364 3736 462 3802; x_wconf 86' lang='lat' dir='ltr'>genitiv.</span> <span class='ocrx_word' id='word_1_271' title='bbox 477 3753 545 3802; x_wconf 86' lang='lat' dir='ltr'>pron.</span> <span class='ocrx_word' id='word_1_272' title='bbox 566 3737 678 3803; x_wconf 88' lang='lat' dir='ltr'>primitivi</span> <span class='ocrx_word' id='word_1_273' title='bbox 703 3754 745 3803; x_wconf 89' lang='lat' dir='ltr'>po-</span> 
     </span>
     <span class='ocr_line' id='line_1_42' title="bbox 240 3811 745 3871; baseline -0.008 -7"><span class='ocrx_word' id='word_1_274' title='bbox 240 3813 317 3871; x_wconf 80' lang='lat' dir='ltr'>nitur,</span> <span class='ocrx_word' id='word_1_275' title='bbox 335 3812 376 3861; x_wconf 92' lang='lat' dir='ltr'>ubi</span> <span class='ocrx_word' id='word_1_276' title='bbox 394 3811 415 3860; x_wconf 92' lang='lat' dir='ltr'>is</span> <span class='ocrx_word' id='word_1_277' title='bbox 433 3827 502 3860; x_wconf 88' lang='lat' dir='ltr'>casus</span> <span class='ocrx_word' id='word_1_278' title='bbox 521 3827 536 3860; x_wconf 87' lang='lat' dir='ltr'>a</span> <span class='ocrx_word' id='word_1_279' title='bbox 553 3813 648 3861; x_wconf 87' lang='lat' dir='ltr'>nomine</span> <span class='ocrx_word' id='word_1_280' title='bbox 665 3812 745 3860; x_wconf 87' lang='lat' dir='ltr'>adsec-</span> 
     </span>
     <span class='ocr_line' id='line_1_43' title="bbox 244 3884 745 3950; baseline -0.002 -12"><span class='ocrx_word' id='word_1_281' title='bbox 244 3895 283 3938; x_wconf 82' lang='lat' dir='ltr'>tns</span> <span class='ocrx_word' id='word_1_282' title='bbox 300 3895 343 3935; x_wconf 85' lang='lat' dir='ltr'>aut</span> <span class='ocrx_word' id='word_1_283' title='bbox 352 3885 475 3934; x_wconf 84' lang='lat' dir='ltr'>facultatis</span> <span class='ocrx_word' id='word_1_284' title='bbox 492 3884 588 3950; x_wconf 86' lang='lat' dir='ltr'>pendet,</span> <span class='ocrx_word' id='word_1_285' title='bbox 600 3886 640 3935; x_wconf 90' lang='lat' dir='ltr'>sed</span> <span class='ocrx_word' id='word_1_286' title='bbox 658 3885 745 3937; x_wconf 91' lang='lat' dir='ltr'>deinde</span> 
     </span>
     <span class='ocr_line' id='line_1_44' title="bbox 244 3960 745 4026; baseline -0.008 -12"><span class='ocrx_word' id='word_1_287' title='bbox 244 3961 326 4014; x_wconf 83' lang='lat' dir='ltr'>etsine</span> <span class='ocrx_word' id='word_1_288' title='bbox 338 3961 381 4009; x_wconf 86' lang='lat' dir='ltr'>tali</span> <span class='ocrx_word' id='word_1_289' title='bbox 391 3960 493 4009; x_wconf 86' lang='lat' dir='ltr'>nomine.</span> <span class='ocrx_word' id='word_1_290' title='bbox 511 3961 597 4026; x_wconf 89' lang='lat' dir='ltr'>Itaque</span> <span class='ocrx_word' id='word_1_291' title='bbox 608 3977 671 4026; x_wconf 76' lang='lat' dir='ltr'>saepe</span> <span class='ocrx_word' id='word_1_292' title='bbox 681 3961 706 4008; x_wconf 89' lang='lat' dir='ltr'>in</span> <span class='ocrx_word' id='word_1_293' title='bbox 717 3977 745 4010; x_wconf 90' lang='lat' dir='ltr'>eo</span> 
     </span>
     <span class='ocr_line' id='line_1_45' title="bbox 244 4032 743 4102; baseline -0.004 -15"><span class='ocrx_word' id='word_1_294' title='bbox 244 4036 337 4087; x_wconf 82' lang='lat' dir='ltr'>variant</span> <span class='ocrx_word' id='word_1_295' title='bbox 346 4035 408 4083; x_wconf 86' lang='lat' dir='ltr'>libri.</span> <span class='ocrx_word' id='word_1_296' title='bbox 442 4037 605 4102; x_wconf 79' lang='lat' dir='ltr'>Circumstant,</span> <span class='ocrx_word' id='word_1_297' title='bbox 617 4032 743 4102; x_wconf 57' lang='lat' dir='ltr'>(trepidiu-</span> 
     </span>
     <span class='ocr_line' id='line_1_46' title="bbox 244 4111 532 4173; baseline -0.003 -11"><span class='ocrx_word' id='word_1_298' title='bbox 244 4111 300 4173; x_wconf 80' lang='grc' dir='ltr'>τος)</span> <span class='ocrx_word' id='word_1_299' title='bbox 311 4113 399 4167; x_wconf 71' lang='lat' dir='ltr'>bremon,</span> <span class='ocrx_word' id='word_1_300' title='bbox 411 4112 532 4161; x_wconf 85' lang='lat' dir='ltr'>Oceanus.</span> 
     </span>
    </p>
   </div>
   <div class='ocr_carea' id='block_1_6' title="bbox 277 4184 755 4258">
    <p class='ocr_par' dir='ltr' id='par_1_10' title="bbox 277 4184 755 4258">
     <span class='ocr_line' id='line_1_47' title="bbox 277 4184 755 4258; baseline -0.004 -24"><span class='ocrx_word' id='word_1_301' title='bbox 277 4188 317 4236; x_wconf 86' lang='grc'>31.</span> <span class='ocrx_word' id='word_1_302' title='bbox 332 4186 542 4258; x_wconf 66' lang='lat' dir='ltr'>Utummensis]</span> <span class='ocrx_word' id='word_1_303' title='bbox 560 4184 755 4234; x_wconf 80' lang='lat' dir='ltr'>Profundissima·</span> 
     </span>
    </p>
   </div>
   <div class='ocr_carea' id='block_1_7' title="bbox 791 2171 1295 3136">
    <p class='ocr_par' dir='ltr' id='par_1_11' title="bbox 791 2171 1294 2524">
     <span class='ocr_line' id='line_1_48' title="bbox 791 2171 1293 2241; baseline 0.002 -17"><span class='ocrx_word' id='word_1_304' title='bbox 791 2179 850 2233; x_wconf 82' lang='lat' dir='ltr'>cuit,</span> <span class='ocrx_word' id='word_1_305' title='bbox 870 2174 1029 2241; x_wconf 83' lang='lat' dir='ltr'>amplectitur,</span> <span class='ocrx_word' id='word_1_306' title='bbox 1049 2175 1132 2224; x_wconf 88' lang='lat' dir='ltr'>ambit.</span> <span class='ocrx_word' id='word_1_307' title='bbox 1163 2171 1230 2224; x_wconf 77' lang='lat' dir='ltr'>[nfra</span> <span class='ocrx_word' id='word_1_308' title='bbox 1253 2193 1293 2226; x_wconf 88' lang='lat' dir='ltr'>xv.</span> 
     </span>
     <span class='ocr_line' id='line_1_49' title="bbox 792 2247 1293 2315; baseline -0.006 -15"><span class='ocrx_word' id='word_1_309' title='bbox 792 2253 857 2300; x_wconf 79' lang='lat'>251:</span> <span class='ocrx_word' id='word_1_310' title='bbox 877 2251 954 2299; x_wconf 81' lang='lat' dir='ltr'>Tellus</span> <span class='ocrx_word' id='word_1_311' title='bbox 968 2253 1059 2315; x_wconf 84' lang='lat' dir='ltr'>cogitur</span> <span class='ocrx_word' id='word_1_312' title='bbox 1067 2247 1139 2298; x_wconf 80' lang='lat' dir='ltr'>undo.</span> <span class='ocrx_word' id='word_1_313' title='bbox 1172 2247 1293 2298; x_wconf 70' lang='lat' dir='ltr'>Ceterum</span> 
     </span>
     <span class='ocr_line' id='line_1_50' title="bbox 792 2323 1294 2391; baseline -0.002 -18"><span class='ocrx_word' id='word_1_314' title='bbox 792 2325 840 2374; x_wconf 89' lang='lat' dir='ltr'>buc</span> <span class='ocrx_word' id='word_1_315' title='bbox 850 2325 953 2391; x_wconf 85' lang='lat' dir='ltr'>respexit</span> <span class='ocrx_word' id='word_1_316' title='bbox 962 2325 1070 2374; x_wconf 75' lang='lat' dir='ltr'>lactant.</span> <span class='ocrx_word' id='word_1_317' title='bbox 1080 2323 1141 2374; x_wconf 88' lang='lat' dir='ltr'>[nst.</span> <span class='ocrx_word' id='word_1_318' title='bbox 1152 2323 1202 2372; x_wconf 88' lang='lat' dir='ltr'>div.</span> <span class='ocrx_word' id='word_1_319' title='bbox 1214 2323 1250 2372; x_wconf 91' lang='lat' dir='ltr'>II.</span> <span class='ocrx_word' id='word_1_320' title='bbox 1261 2323 1294 2372; x_wconf 86' lang='lat' dir='ltr'>ix.</span> 
     </span>
     <span class='ocr_line' id='line_1_51' title="bbox 792 2400 1294 2463; baseline -0.002 -14"><span class='ocrx_word' id='word_1_321' title='bbox 792 2403 823 2450; x_wconf 78' lang='lat'>2:</span> <span class='ocrx_word' id='word_1_322' title='bbox 839 2401 936 2449; x_wconf 81' lang='lat' dir='ltr'>Tenem</span> <span class='ocrx_word' id='word_1_323' title='bbox 946 2401 1019 2448; x_wconf 86' lang='lat' dir='ltr'>voluit</span> <span class='ocrx_word' id='word_1_324' title='bbox 1030 2401 1123 2448; x_wconf 73' lang='lat' dir='ltr'>tumore</span> <span class='ocrx_word' id='word_1_325' title='bbox 1130 2400 1261 2463; x_wconf 80' lang='lat' dir='ltr'>circumflui</span> <span class='ocrx_word' id='word_1_326' title='bbox 1272 2410 1294 2448; x_wconf 86' lang='lat' dir='ltr'>et</span> 
     </span>
     <span class='ocr_line' id='line_1_52' title="bbox 792 2478 912 2524; baseline -0.017 0"><span class='ocrx_word' id='word_1_327' title='bbox 792 2478 912 2524; x_wconf 73' lang='lat' dir='ltr'>contineri.</span> 
     </span>
    </p>

    <p class='ocr_par' dir='ltr' id='par_1_12' title="bbox 793 2546 1295 3136">
     <span class='ocr_line' id='line_1_53' title="bbox 825 2546 1294 2614; baseline -0.004 -16"><span class='ocrx_word' id='word_1_328' title='bbox 825 2551 932 2598; x_wconf 56' lang='lat'>3‘2—«58.</span> <span class='ocrx_word' id='word_1_329' title='bbox 940 2547 1121 2614; x_wconf 61' lang='lat' dir='ltr'>sn-eeasgtr]</span> <span class='ocrx_word' id='word_1_330' title='bbox 1135 2546 1201 2595; x_wconf 90' lang='lat' dir='ltr'>Ordo</span> <span class='ocrx_word' id='word_1_331' title='bbox 1209 2554 1233 2596; x_wconf 85' lang='lat' dir='ltr'>et</span> <span class='ocrx_word' id='word_1_332' title='bbox 1239 2564 1294 2596; x_wconf 88' lang='lat' dir='ltr'>sen·</span> 
     </span>
     <span class='ocr_line' id='line_1_54' title="bbox 793 2621 1295 2674; baseline -0.004 0"><span class='ocrx_word' id='word_1_333' title='bbox 793 2641 833 2674; x_wconf 91' lang='lat' dir='ltr'>sus</span> <span class='ocrx_word' id='word_1_334' title='bbox 843 2624 926 2674; x_wconf 91' lang='lat' dir='ltr'>horum</span> <span class='ocrx_word' id='word_1_335' title='bbox 937 2626 1059 2673; x_wconf 92' lang='lat' dir='ltr'>verborum</span> <span class='ocrx_word' id='word_1_336' title='bbox 1068 2623 1140 2672; x_wconf 84' lang='lat' dir='ltr'>debet</span> <span class='ocrx_word' id='word_1_337' title='bbox 1149 2621 1295 2672; x_wconf 85' lang='lat' dir='ltr'>hauddubie</span> 
     </span>
     <span class='ocr_line' id='line_1_55' title="bbox 793 2696 1292 2763; baseline -0.008 -15"><span class='ocrx_word' id='word_1_338' title='bbox 793 2715 845 2748; x_wconf 84' lang='lat' dir='ltr'>esse</span> <span class='ocrx_word' id='word_1_339' title='bbox 852 2698 905 2748; x_wconf 90' lang='lat' dir='ltr'>hic:</span> <span class='ocrx_word' id='word_1_340' title='bbox 922 2715 996 2763; x_wconf 93' lang='lat' dir='ltr'>quum</span> <span class='ocrx_word' id='word_1_341' title='bbox 1006 2700 1073 2747; x_wconf 88' lang='lat' dir='ltr'>Deus</span> <span class='ocrx_word' id='word_1_342' title='bbox 1080 2698 1204 2761; x_wconf 81' lang='lat' dir='ltr'>congeriem</span> <span class='ocrx_word' id='word_1_343' title='bbox 1214 2696 1292 2754; x_wconf 90' lang='lat' dir='ltr'>illam,</span> 
     </span>
     <span class='ocr_line' id='line_1_56' title="bbox 793 2771 1293 2836; baseline -0.006 -14"><span class='ocrx_word' id='word_1_344' title='bbox 793 2773 876 2822; x_wconf 89' lang='lat' dir='ltr'>rudem</span> <span class='ocrx_word' id='word_1_345' title='bbox 885 2781 910 2821; x_wconf 91' lang='lat' dir='ltr'>et</span> <span class='ocrx_word' id='word_1_346' title='bbox 920 2772 1061 2836; x_wconf 81' lang='lat' dir='ltr'>indigestam</span> <span class='ocrx_word' id='word_1_347' title='bbox 1074 2771 1170 2827; x_wconf 88' lang='lat' dir='ltr'>molem,</span> <span class='ocrx_word' id='word_1_348' title='bbox 1179 2773 1293 2828; x_wconf 83' lang='lat' dir='ltr'>secuisset,</span> 
     </span>
     <span class='ocr_line' id='line_1_57' title="bbox 793 2844 1295 2911; baseline 0 -15"><span class='ocrx_word' id='word_1_349' title='bbox 793 2845 920 2904; x_wconf 87' lang='lat' dir='ltr'>divisisset,</span> <span class='ocrx_word' id='word_1_350' title='bbox 931 2854 1003 2911; x_wconf 89' lang='lat' dir='ltr'>atque</span> <span class='ocrx_word' id='word_1_351' title='bbox 1016 2845 1043 2904; x_wconf 45' lang='lat' dir='ltr'>in,</span> <span class='ocrx_word' id='word_1_352' title='bbox 1051 2848 1157 2902; x_wconf 85' lang='lat' dir='ltr'>membro,</span> <span class='ocrx_word' id='word_1_353' title='bbox 1169 2844 1295 2896; x_wconf 82' lang='lat' dir='ltr'>distinctas</span> 
     </span>
     <span class='ocr_line' id='line_1_58' title="bbox 793 2918 1293 2988; baseline -0.004 -17"><span class='ocrx_word' id='word_1_354' title='bbox 793 2931 882 2988; x_wconf 82' lang='lat' dir='ltr'>partes,</span> <span class='ocrx_word' id='word_1_355' title='bbox 892 2937 989 2986; x_wconf 87' lang='lat' dir='ltr'>aquam,</span> <span class='ocrx_word' id='word_1_356' title='bbox 998 2929 1093 2977; x_wconf 87' lang='lat' dir='ltr'>terram,</span> <span class='ocrx_word' id='word_1_357' title='bbox 1104 2918 1234 2983; x_wconf 83' lang='lat' dir='ltr'>redegisset</span> <span class='ocrx_word' id='word_1_358' title='bbox 1248 2922 1293 2969; x_wconf 77' lang='lat'>22-</span> 
     </span>
     <span class='ocr_line' id='line_1_59' title="bbox 794 2993 1294 3060; baseline -0.002 -16"><span class='ocrx_word' id='word_1_359' title='bbox 794 2998 835 3054; x_wconf 80' lang='grc'>23,</span> <span class='ocrx_word' id='word_1_360' title='bbox 856 3004 928 3060; x_wconf 91' lang='lat' dir='ltr'>atque</span> <span class='ocrx_word' id='word_1_361' title='bbox 953 2995 1013 3044; x_wconf 87' lang='lat' dir='ltr'>adeo</span> <span class='ocrx_word' id='word_1_362' title='bbox 1036 2997 1184 3057; x_wconf 84' lang='lat' dir='ltr'>disposuisset,</span> <span class='ocrx_word' id='word_1_363' title='bbox 1206 2993 1294 3059; x_wconf 87' lang='lat' dir='ltr'>cuique</span> 
     </span>
     <span class='ocr_line' id='line_1_60' title="bbox 794 3069 1293 3136; baseline -0.004 -17"><span class='ocrx_word' id='word_1_364' title='bbox 794 3070 856 3136; x_wconf 88' lang='lat' dir='ltr'>parti</span> <span class='ocrx_word' id='word_1_365' title='bbox 869 3087 938 3120; x_wconf 87' lang='lat' dir='ltr'>suurn</span> <span class='ocrx_word' id='word_1_366' title='bbox 951 3070 1031 3119; x_wconf 92' lang='lat' dir='ltr'>locum</span> <span class='ocrx_word' id='word_1_367' title='bbox 1042 3069 1196 3134; x_wconf 81' lang='lat' dir='ltr'>assignasset.</span> <span class='ocrx_word' id='word_1_368' title='bbox 1206 3070 1293 3118; x_wconf 66' lang='grc'>25411.</span> 
     </span>
    </p>
   </div>
   <div class='ocr_carea' id='block_1_8' title="bbox 794 3141 1390 3210">
    <p class='ocr_par' dir='ltr' id='par_1_13' title="bbox 794 3141 1390 3210">
     <span class='ocr_line' id='line_1_61' title="bbox 794 3141 1390 3210; baseline 0.002 -16"><span class='ocrx_word' id='word_1_369' title='bbox 794 3146 885 3194; x_wconf 80' lang='lat' dir='ltr'>Amant</span> <span class='ocrx_word' id='word_1_370' title='bbox 903 3153 978 3210; x_wconf 82' lang='lat' dir='ltr'>poeta</span> <span class='ocrx_word' id='word_1_371' title='bbox 998 3143 1114 3210; x_wconf 88' lang='lat' dir='ltr'>ejusmodi</span> <span class='ocrx_word' id='word_1_372' title='bbox 1132 3141 1294 3208; x_wconf 81' lang='lat' dir='ltr'>transpositio·</span> <span class='ocrx_word' id='word_1_373' title='bbox 1387 3193 1390 3204; x_wconf 74' lang='grc'><em>,</em></span> 
     </span>
    </p>
   </div>
   <div class='ocr_carea' id='block_1_9' title="bbox 792 3219 1297 4105">
    <p class='ocr_par' dir='ltr' id='par_1_14' title="bbox 792 3219 1297 4105">
     <span class='ocr_line' id='line_1_62' title="bbox 794 3219 1294 3284; baseline 0 -16"><span class='ocrx_word' id='word_1_374' title='bbox 794 3235 845 3269; x_wconf 88' lang='lat' dir='ltr'>nes.</span> <span class='ocrx_word' id='word_1_375' title='bbox 877 3220 1040 3284; x_wconf 81' lang='lat' dir='ltr'>Virg.Georg.</span> <span class='ocrx_word' id='word_1_376' title='bbox 1048 3220 1066 3267; x_wconf 87' lang='lat' dir='ltr'>i.</span> <span class='ocrx_word' id='word_1_377' title='bbox 1079 3220 1141 3268; x_wconf 77' lang='lat'>319:</span> <span class='ocrx_word' id='word_1_378' title='bbox 1171 3219 1294 3272; x_wconf 81' lang='lat' dir='ltr'>Quc-ss-</span> 
     </span>
     <span class='ocr_line' id='line_1_63' title="bbox 792 3292 1294 3359; baseline -0.002 -16"><span class='ocrx_word' id='word_1_379' title='bbox 792 3296 992 3359; x_wconf 77' lang='lat' dir='ltr'>getam—sublime</span> <span class='ocrx_word' id='word_1_380' title='bbox 999 3295 1114 3355; x_wconf 78' lang='lat' dir='ltr'>expulsum</span> <span class='ocrx_word' id='word_1_381' title='bbox 1124 3301 1239 3348; x_wconf 71' lang='lat' dir='ltr'>suerent,</span> <span class='ocrx_word' id='word_1_382' title='bbox 1247 3292 1265 3341; x_wconf 94' lang='lat' dir='ltr'>i.</span> <span class='ocrx_word' id='word_1_383' title='bbox 1272 3309 1294 3342; x_wconf 88' lang='lat' dir='ltr'>e.</span> 
     </span>
     <span class='ocr_line' id='line_1_64' title="bbox 795 3366 1295 3431; baseline -0.004 -13"><span class='ocrx_word' id='word_1_384' title='bbox 795 3377 903 3418; x_wconf 89' lang='lat' dir='ltr'>eruerent</span> <span class='ocrx_word' id='word_1_385' title='bbox 915 3375 940 3417; x_wconf 89' lang='lat' dir='ltr'>et</span> <span class='ocrx_word' id='word_1_386' title='bbox 956 3367 1043 3416; x_wconf 89' lang='lat' dir='ltr'>deinde</span> <span class='ocrx_word' id='word_1_387' title='bbox 1057 3367 1082 3415; x_wconf 94' lang='lat' dir='ltr'>in</span> <span class='ocrx_word' id='word_1_388' title='bbox 1097 3383 1177 3416; x_wconf 85' lang='lat' dir='ltr'>aerem</span> <span class='ocrx_word' id='word_1_389' title='bbox 1190 3366 1295 3431; x_wconf 82' lang='lat' dir='ltr'>expelle-</span> 
     </span>
     <span class='ocr_line' id='line_1_65' title="bbox 794 3442 1296 3503; baseline -0.004 -9"><span class='ocrx_word' id='word_1_390' title='bbox 794 3451 855 3496; x_wconf 86' lang='lat' dir='ltr'>rent.</span> <span class='ocrx_word' id='word_1_391' title='bbox 871 3442 948 3499; x_wconf 91' lang='lat' dir='ltr'>Idem,</span> <span class='ocrx_word' id='word_1_392' title='bbox 969 3457 1017 3491; x_wconf 89' lang='lat' dir='ltr'>ver.</span> <span class='ocrx_word' id='word_1_393' title='bbox 1028 3443 1091 3490; x_wconf 84' lang='lat'>400:</span> <span class='ocrx_word' id='word_1_394' title='bbox 1108 3443 1190 3490; x_wconf 85' lang='lat' dir='ltr'>solutos</span> <span class='ocrx_word' id='word_1_395' title='bbox 1199 3445 1296 3503; x_wconf 82' lang='lat' dir='ltr'>jactare</span> 
     </span>
     <span class='ocr_line' id='line_1_66' title="bbox 795 3514 1295 3583; baseline -0.004 -17"><span class='ocrx_word' id='word_1_396' title='bbox 795 3519 912 3580; x_wconf 83' lang='lat' dir='ltr'>maniplos,</span> <span class='ocrx_word' id='word_1_397' title='bbox 930 3517 1022 3583; x_wconf 85' lang='lat' dir='ltr'>jactare</span> <span class='ocrx_word' id='word_1_398' title='bbox 1047 3514 1180 3580; x_wconf 87' lang='lat' dir='ltr'>manipulos</span> <span class='ocrx_word' id='word_1_399' title='bbox 1203 3514 1248 3572; x_wconf 92' lang='lat' dir='ltr'>sic,</span> <span class='ocrx_word' id='word_1_400' title='bbox 1268 3523 1295 3564; x_wconf 89' lang='lat' dir='ltr'>ut</span> 
     </span>
     <span class='ocr_line' id='line_1_67' title="bbox 795 3589 1296 3654; baseline 0 -14"><span class='ocrx_word' id='word_1_401' title='bbox 795 3592 924 3641; x_wconf 87' lang='lat' dir='ltr'>solvantur.</span> <span class='ocrx_word' id='word_1_402' title='bbox 958 3589 1070 3639; x_wconf 90' lang='lat' dir='ltr'>Similiter</span> <span class='ocrx_word' id='word_1_403' title='bbox 1089 3591 1178 3639; x_wconf 89' lang='lat' dir='ltr'>Noster</span> <span class='ocrx_word' id='word_1_404' title='bbox 1197 3589 1296 3654; x_wconf 87' lang='lat' dir='ltr'>passim.</span> 
     </span>
     <span class='ocr_line' id='line_1_68' title="bbox 795 3665 1292 3729; baseline -0.006 -14"><span class='ocrx_word' id='word_1_405' title='bbox 795 3665 895 3715; x_wconf 87' lang='lat' dir='ltr'>Videad</span> <span class='ocrx_word' id='word_1_406' title='bbox 903 3681 953 3714; x_wconf 90' lang='lat' dir='ltr'>ver.</span> <span class='ocrx_word' id='word_1_407' title='bbox 961 3666 1019 3713; x_wconf 84' lang='lat'>303.</span> <span class='ocrx_word' id='word_1_408' title='bbox 1046 3666 1130 3713; x_wconf 88' lang='lat' dir='ltr'>Bmm.</span> <span class='ocrx_word' id='word_1_409' title='bbox 1139 3673 1220 3712; x_wconf 90' lang='lat' dir='ltr'>tamen</span> <span class='ocrx_word' id='word_1_410' title='bbox 1230 3679 1292 3729; x_wconf 83' lang='lat' dir='ltr'>prae·</span> 
     </span>
     <span class='ocr_line' id='line_1_69' title="bbox 795 3738 1294 3800; baseline 0 -14"><span class='ocrx_word' id='word_1_411' title='bbox 795 3739 841 3788; x_wconf 82' lang='lat' dir='ltr'>fert</span> <span class='ocrx_word' id='word_1_412' title='bbox 853 3741 952 3788; x_wconf 87' lang='lat' dir='ltr'>alteram</span> <span class='ocrx_word' id='word_1_413' title='bbox 962 3738 1090 3788; x_wconf 87' lang='lat' dir='ltr'>lectionem</span> <span class='ocrx_word' id='word_1_414' title='bbox 1105 3741 1255 3800; x_wconf 81' lang='lat' dir='ltr'>compositum,</span> <span class='ocrx_word' id='word_1_415' title='bbox 1267 3747 1294 3786; x_wconf 88' lang='lat' dir='ltr'>ut</span> 
     </span>
     <span class='ocr_line' id='line_1_70' title="bbox 796 3813 1294 3880; baseline -0.014 -14"><span class='ocrx_word' id='word_1_416' title='bbox 796 3816 854 3866; x_wconf 86' lang='lat' dir='ltr'>adeo</span> <span class='ocrx_word' id='word_1_417' title='bbox 862 3818 981 3879; x_wconf 79' lang='lat' dir='ltr'>coraposito</span> <span class='ocrx_word' id='word_1_418' title='bbox 990 3817 1103 3880; x_wconf 81' lang='lat' dir='ltr'>congeries</span> <span class='ocrx_word' id='word_1_419' title='bbox 1109 3815 1140 3862; x_wconf 91' lang='lat' dir='ltr'>sit</span> <span class='ocrx_word' id='word_1_420' title='bbox 1145 3813 1187 3862; x_wconf 85' lang='lat' dir='ltr'>ille</span> <span class='ocrx_word' id='word_1_421' title='bbox 1195 3813 1294 3878; x_wconf 76' lang='grc' dir='ltr'><em>κόσμος,</em></span> 
     </span>
     <span class='ocr_line' id='line_1_71' title="bbox 795 3883 1295 3954; baseline -0.006 -15"><span class='ocrx_word' id='word_1_422' title='bbox 795 3890 847 3939; x_wconf 88' lang='lat' dir='ltr'>scil.</span> <span class='ocrx_word' id='word_1_423' title='bbox 864 3893 964 3938; x_wconf 83' lang='lat' dir='ltr'>mundus</span> <span class='ocrx_word' id='word_1_424' title='bbox 979 3883 1183 3954; x_wconf 88' lang='lat' dir='ltr'>pbilosophorum.</span> <span class='ocrx_word' id='word_1_425' title='bbox 1218 3889 1295 3937; x_wconf 88' lang='lat' dir='ltr'>Bene.</span> 
     </span>
     <span class='ocr_line' id='line_1_72' title="bbox 794 3962 1295 4028; baseline -0.002 -16"><span class='ocrx_word' id='word_1_426' title='bbox 794 3965 841 4014; x_wconf 86' lang='lat' dir='ltr'>Sed</span> <span class='ocrx_word' id='word_1_427' title='bbox 856 3981 895 4013; x_wconf 94' lang='lat' dir='ltr'>me</span> <span class='ocrx_word' id='word_1_428' title='bbox 909 3963 1008 4012; x_wconf 88' lang='lat' dir='ltr'>offendit</span> <span class='ocrx_word' id='word_1_429' title='bbox 1022 3964 1075 4020; x_wconf 91' lang='lat' dir='ltr'>hoc,</span> <span class='ocrx_word' id='word_1_430' title='bbox 1087 3962 1151 4028; x_wconf 91' lang='lat' dir='ltr'>quod</span> <span class='ocrx_word' id='word_1_431' title='bbox 1161 3962 1205 4010; x_wconf 89' lang='lat' dir='ltr'>illa</span> <span class='ocrx_word' id='word_1_432' title='bbox 1220 3962 1295 4011; x_wconf 89' lang='lat' dir='ltr'>moles</span> 
     </span>
     <span class='ocr_line' id='line_1_73' title="bbox 795 4036 1297 4105; baseline -0.002 -18"><span class='ocrx_word' id='word_1_433' title='bbox 795 4039 899 4088; x_wconf 90' lang='lat' dir='ltr'>nondum</span> <span class='ocrx_word' id='word_1_434' title='bbox 910 4047 975 4087; x_wconf 88' lang='lat' dir='ltr'>secta</span> <span class='ocrx_word' id='word_1_435' title='bbox 985 4055 1032 4087; x_wconf 88' lang='lat' dir='ltr'>non</span> <span class='ocrx_word' id='word_1_436' title='bbox 1040 4045 1133 4105; x_wconf 92' lang='lat' dir='ltr'>poterat</span> <span class='ocrx_word' id='word_1_437' title='bbox 1142 4036 1243 4101; x_wconf 81' lang='grc' dir='ltr'><strong><em>κόσμος,</em></strong></span> <span class='ocrx_word' id='word_1_438' title='bbox 1254 4047 1297 4086; x_wconf 89' lang='lat' dir='ltr'>aut</span> 
     </span>
    </p>
   </div>
   <div class='ocr_carea' id='block_1_10' title="bbox 756 4110 1297 4178">
    <p class='ocr_par' dir='ltr' id='par_1_15' title="bbox 756 4110 1297 4178">
     <span class='ocr_line' id='line_1_74' title="bbox 756 4110 1297 4178; baseline -0.006 -17"><span class='ocrx_word' id='word_1_439' title='bbox 756 4138 758 4142; x_wconf 95' lang='lat'>·</span> <span class='ocrx_word' id='word_1_440' title='bbox 794 4116 893 4161; x_wconf 80' lang='lat' dir='ltr'>mundus</span> <span class='ocrx_word' id='word_1_441' title='bbox 910 4129 980 4162; x_wconf 88' lang='lat' dir='ltr'>seusu</span> <span class='ocrx_word' id='word_1_442' title='bbox 1002 4112 1044 4161; x_wconf 90' lang='lat' dir='ltr'>illo</span> <span class='ocrx_word' id='word_1_443' title='bbox 1061 4110 1224 4178; x_wconf 88' lang='lat' dir='ltr'>philosophico</span> <span class='ocrx_word' id='word_1_444' title='bbox 1239 4110 1297 4159; x_wconf 92' lang='lat' dir='ltr'>dici.</span> 
     </span>
    </p>
   </div>
   <div class='ocr_carea' id='block_1_11' title="bbox 797 4184 1295 4250">
    <p class='ocr_par' dir='ltr' id='par_1_16' title="bbox 797 4184 1295 4250">
     <span class='ocr_line' id='line_1_75' title="bbox 797 4184 1295 4250; baseline -0.002 -17"><span class='ocrx_word' id='word_1_445' title='bbox 797 4185 849 4234; x_wconf 80' lang='lat' dir='ltr'>Cic.</span> <span class='ocrx_word' id='word_1_446' title='bbox 866 4184 892 4234; x_wconf 91' lang='lat' dir='ltr'>in</span> <span class='ocrx_word' id='word_1_447' title='bbox 908 4185 1080 4250; x_wconf 51' lang='lat' dir='ltr'>Timaeo,1cap.</span> <span class='ocrx_word' id='word_1_448' title='bbox 1095 4184 1159 4234; x_wconf 81' lang='lat' dir='ltr'>xxxi.</span> <span class='ocrx_word' id='word_1_449' title='bbox 1176 4200 1202 4248; x_wconf 84' lang='lat' dir='ltr'>p.</span> <span class='ocrx_word' id='word_1_450' title='bbox 1222 4185 1295 4239; x_wconf 74' lang='grc'>1114,</span> 
     </span>
    </p>
   </div>
   <div class='ocr_carea' id='block_1_12' title="bbox 0 0 1411 5010">
    <p class='ocr_par' dir='ltr' id='par_1_17' title="bbox 0 0 1411 5010">
     <span class='ocr_line' id='line_1_76' title="bbox 0 0 1411 5010; baseline 0 0"><span class='ocrx_word' id='word_1_451' title='bbox 0 0 1411 5010; x_wconf 95' lang='lat' dir='ltr'> </span> 
     </span>
    </p>
   </div>
  </div>
 </body>
</html>
