2812 5010
368 328 840 415 METAMORPHOSEON
863 329 954 396 LIB.
977 328 1042 396 VI.
1158 333 1224 398 417

173 501 330 602 Eripis?
356 512 471 601 atque
487 503 631 578 utinam
644 502 798 578 fecisses
816 513 903 578 ante
922 503 1101 578 nefandos
1145 509 1219 580 540

174 620 430 695 Concubitus!
455 644 592 695 vacuas
610 621 826 695 habuissem
843 620 1009 694 criminis
1026 622 1190 698 umbras.

176 737 219 810 Si
236 747 364 835 tamen
381 737 462 810 haec
482 736 618 834 Superi
635 747 813 826 cernunt3
841 736 873 809 si
891 738 1046 811 numina
1064 737 1202 812 Divum
1287 831 1293 843 3

177 853 275 926 Sunt
293 851 457 950 aliquid;
488 853 519 927 si
537 876 611 925 non
629 853 819 952 perierunt
836 852 961 926 omnia
979 877 1149 943 mecum3

176 967 490 1065 Quandocunque
508 967 598 1040 mihi
616 992 747 1067 poenas
765 968 894 1042 dabis:
923 969 1017 1068 ipsa,
1036 971 1181 1067 pudore

175 1085 363 1182 Projecto,
382 1095 449 1158 tua
464 1083 564 1157 facta
580 1083 734 1180 loquar:
763 1084 795 1157 si
812 1083 922 1182 eopia
939 1083 1061 1172 detur,
1145 1090 1218 1161 545

178 1200 225 1273 In
242 1201 403 1299 'populos
421 1199 588 1273 veniam:
618 1186 650 1272 si
668 1198 769 1272 silvis
788 1200 917 1273 clausa
930 1201 1100 1288 tenebor,

177 1316 350 1415 Implebo
368 1317 480 1389 silvas
498 1327 537 1390 et
553 1315 705 1389 conscia
723 1340 817 1390 saxa
834 1315 1011 1414 querelis

175 1431 318 1506 Audiat
333 1434 414 1507 haec
432 1433 559 1520 aether,
579 1443 617 1506 et
635 1432 666 1506 si
685 1433 791 1526 Deus
808 1417 907 1506 ullus
925 1432 964 1504 in
981 1431 1045 1504 illo
1063 1431 1160 1506 est.'’

177 1547 332 1623 Talibus
350 1550 404 1624 ira
420 1549 489 1624 seri
506 1562 708 1648 postquam
725 1559 914 1624 commota
930 1547 1093 1647 tyranni,
1146 1552 1219 1623 549

177 1663 261 1738 Nec
296 1665 415 1738 minor
449 1665 519 1741 hac
561 1675 685 1740 metus
726 1678 804 1756 est3
857 1689 974 1739 causa
1007 1664 1220 1739 stimulatus

176 1781 262 1864 Quo
272 1780 343 1854 fuit
357 1781 561 1868 accinctus,
574 1781 710 1879 vagina
723 1781 858 1857 liberat
867 1805 1009 1869 ensem,
1030 1782 1219 1880 [utraque

175 1896 452 1996 Arreptamque
464 1923 584 1989 corna,
603 1899 713 1973 flexis
730 1910 816 1996 post
833 1909 939 1994 terga
954 1897 1118 1986 lacertis,

176 2010 314 2087 Vincla
330 2013 409 2113 pati
426 2015 548 2112 cogit:
575 2016 748 2113 jugulum
766 2015 977 2089 Philomela
989 2015 1159 2112 parabat,

178 2128 373 2228 Spemque
391 2154 468 2203 suae
486 2131 614 2204 mortis
632 2131 711 2203 viso
732 2139 958 2228 conceperat
975 2153 1077 2203 ense.
1147 2133 1219 2203 554

176 2242 249 2318 Ille
266 2245 486 2341 indignanti,
506 2256 545 2319 et
561 2270 697 2319 nomeu
714 2247 831 2345 patris
848 2269 970 2342 usque
986 2246 1146 2332 vocanti,

177 2357 429 2458 Luctantique
446 2360 562 2458 loqui,
581 2385 836 2460 compressam
854 2361 995 2458 forcipe
1013 2361 1178 2457 linguam

176 2474 347 2549 Abstulit
364 2501 454 2550 ense
470 2477 573 2552 sero:
602 2478 709 2552 radix
726 2478 841 2552 micat
858 2476 991 2550 ultima
1008 2476 1167 2574 linguae3

186 2749 190 2754 ⁵
209 2692 268 2742 542.
285 2692 310 2741 Si
321 2697 425 2752 numine,
436 2694 494 2757 eta]
512 2694 545 2754 Si,
555 2695 674 2760 quoniam,
720 2736 721 2740 ,
756 2699 812 2746 555.
823 2696 1150 2759 llleiredignarrti‚-voconti,
1159 2695 1222 2743 Lac·

176 2764 220 2814 Dii
237 2765 327 2830 aliquid
343 2768 432 2825 valent,
443 2768 463 2816 si
477 2776 580 2833 potestas
594 2786 674 2818 eorum
724 2774 834 2834 tantique.
857 2769 958 2819 Codices
968 2770 1040 2817 nostri
1050 2769 1123 2834 Regii
1133 2769 1223 2819 habeut

178 2848 215 2889 est
225 2840 283 2889 satis
294 2839 384 2889 valida.
395 2841 412 2891 i.
423 2844 480 2891 545.
514 2844 540 2890 Si
554 2862 599 2892 noo
612 2848 674 2907 peri-
723 2846 890 2909 indignantem,
903 2853 1025 2900 vocantem,
1039 2844 1162 2891 luctantem
1170 2862 1180 2903 ,·
1197 2850 1222 2893 et

176 2925 255 2971 munt,
271 2923 318 2964 etc.
351 2917 405 2964 Vox
423 2916 508 2965 summi
519 2914 617 2975 doloris,
634 2919 675 2984 qui
725 2919 775 2967 haec
786 2918 857 2966 lectio
868 2920 927 2966 forte
938 2918 982 2966 luit
993 2933 1056 2973 vera,
1067 2933 1139 2980 quam
1149 2917 1221 2966 inter-

176 2989 211 3037 ita
221 2998 293 3053 auget
303 3006 370 3038 suam
381 2991 506 3040 miseriam.
540 2992 570 3040 In
584 2996 676 3054 pqmlor
724 3001 801 3059 pretes
811 2991 941 3055 tautologia
956 2990 1039 3040 offensi
1055 2998 1221 3041 mutaverunt:

176 3066 273 3119 amiam,
285 3064 316 3111 ad
327 3064 441 3129 populum
452 3064 559 3129 prodibo.
588 3067 674 3120 Quare·
725 3066 762 3114 hoe
775 3082 844 3114 voces
856 3065 987 3113 referuntur
998 3064 1029 3113 ad
1040 3066 1153 3130 lingnam.

178 3141 206 3186 lis
222 3130 256 3186 ex'
271 3139 445 3203 Laugermanni
466 3139 589 3206 Excerptis
609 3142 676 3190 dedit
756 3142 813 3190 557.
831 3135 995 3198 Rementem,
1007 3139 1067 3202 ete]
1087 3141 1163 3189 Foeda
1172 3158 1223 3190 rur-

176 3213 268 3268 Burm„
287 3228 360 3275 quum
380 3213 451 3276 vulgo
470 3213 563 3276 legatur
579 3217 674 3264 movebo.
724 3231 764 3263 sus
775 3232 812 3263 res
825 3223 850 3263 et
863 3215 963 3278 ingrata.
975 3230 1047 3278 quarn
1062 3222 1143 3263 tamen
1157 3216 1221 3263 sirni-

177 3284 312 3335 Dubitabat
326 3285 389 3334 enim
405 3286 454 3343 ille,
467 3303 497 3335 an
508 3302 537 3335 ex
548 3297 674 3337 consuetu·
724 3287 824 3336 litudine
841 3289 900 3337 adeo
917 3289 1021 3336 illustrat
1039 3297 1116 3353 poeta.
1150 3290 1222 3355 Apud

176 3359 232 3408 dine
240 3359 359 3408 Ovidiana
368 3361 474 3409 absolute
482 3361 574 3410 dicatur
581 3364 675 3424 implere
724 3362 855 3425 Hyginum,
871 3363 960 3410 Tereus
976 3360 1083 3409 vitiatam
1103 3362 1222 3411 Philome-

175 3436 252 3482 siloas.
284 3433 331 3482 Sed
342 3434 376 3481 vir
387 3434 471 3482 doctus
484 3434 509 3482 iu
524 3434 675 3485 Bibliotheca
723 3434 771 3482 larn
782 3436 879 3483 mandat
890 3435 920 3483 ad
931 3437 1053 3498 Lynceum
1063 3451 1149 3497 regern.
1174 3437 1222 3485 Sed

175 3508 259 3571 ligur.
271 3525 296 3573 p.
308 3509 347 3556 70.
358 3518 429 3573 negat
443 3509 526 3557 duram
541 3526 591 3558 esse
605 3511 673 3575 ellip·
723 3509 810 3556 Noster
820 3509 913 3557 videtur
924 3508 953 3556 de
967 3508 1082 3556 industria
1092 3506 1222 3559 loedissima

177 3581 232 3641 sin;
256 3597 323 3647 posse
345 3581 406 3631 enim
431 3598 460 3631 ex
479 3583 674 3633 antecedentibus
724 3597 824 3646 quaeque
846 3591 870 3630 et
890 3580 1052 3630 crudelissima
1073 3580 1118 3629 hac
1139 3581 1222 3632 fabula
1260 3614 1263 3618 ι

168 3655 247 3719 factm
266 3653 335 3702 facile
356 3655 468 3721 suppleri.
507 3657 585 3704 Etiam
601 3659 675 3707 verba
723 3657 852 3721 exprimere
862 3655 972 3704 voluisse.
1006 3655 1221 3705 Terraeimmurmu·

173 3731 261 3790 pedore
285 3732 385 3791 prq'eeto
411 3730 536 3778 lectionem
561 3731 674 3797 rejectam
723 3740 769 3787 rat,
787 3730 812 3778 in
833 3730 869 3778 his
886 3729 964 3777 verbis
980 3728 1152 3778 intolerabilem
1169 3747 1221 3781 esse

176 3803 304 3868 postulare.
337 3805 423 3868 Neque
441 3804 596 3854 Philomelam
613 3807 674 3855 velle
724 3804 802 3853 lusum
822 3803 857 3853 vir
874 3804 958 3852 doctus
974 3802 1068 3868 judicat
1086 3803 1111 3851 in
1130 3805 1222 3854 Biblio-

175 3877 272 3924 omnino
293 3876 368 3940 queri,
388 3877 430 3925 sed
452 3879 515 3926 facta
536 3877 588 3926 dira
607 3878 675 3928 Terei
724 3879 794 3928 theca
803 3879 883 3943 Tigur.
893 3895 917 3943 p.
929 3879 968 3927 58.
995 3878 1042 3925 Sed
1053 3885 1077 3926 et
1088 3877 1128 3925 olii
1139 3879 1173 3928 sic
1184 3880 1222 3929 lu·

175 3951 257 4015 eloqui
267 3951 306 4000 vel
316 3950 458 4009 hominibus,
469 3951 506 4000 vel
517 3952 580 4000 saxis
590 3953 675 4001 saltem
724 3961 814 4008 serunt,
826 3959 853 4000 ut
864 3950 894 4000 ad
905 3969 928 3999 v.
940 3953 995 4000 105.
1006 3959 1120 3998 notatum.
1148 3953 1222 4017 thue

175 4025 286 4074 etsilvis.
319 4025 416 4074 Dictam
431 4028 674 4091 autemesseVulga-
723 4028 801 4083 salire,
821 4034 866 4075 etc.
900 4025 1003 4084 Quintus
1023 4026 1165 4090 Smyrnaeus,
1186 4029 1220 4078 xi.

171 4099 225 4146 'tam
243 4098 274 4146 ad
289 4097 350 4147 illud
360 4098 459 4164 virgil:
479 4100 581 4148 Flectere
598 4104 618 4150 ei
635 4118 672 4150 rre-
725 4102 771 4148 74:
797 4100 840 4148 ἅτε
857 4099 989 4163 βλοσυροῖο
1009 4096 1142 4163 δράκοντος
1158 4101 1220 4167 eripe)

174 4191 230 4235 queo
241 4173 343 4235 Superos,
354 4175 481 4223 Acheronta
492 4177 585 4224 movebo.
725 4172 887 4239 derorpqlleio'
902 4171 1085 4224 ἀναπάλλεται.
1119 4173 1221 4226 Domine
