2812 5010
179 335 244 399 394

483 333 521 399 Ρ.
547 334 709 401 OVIDII
734 334 945 402 NASONIS

181 507 334 581 Latonae
352 508 482 582 turba:
512 532 597 605 quae
616 520 799 606 quantum
817 511 932 591 distat
950 511 998 584 ab
1015 513 1133 585 orba?
1151 517 1221 584 200

178 623 238 721 Ite
257 623 384 710 sacris,
404 633 601 721 properate
619 625 757 714 sacris3
788 626 1010 724 laurumque
1027 625 1175 724 capillis

179 739 352 814 Ponite.'’
397 739 615 838 Deponunt,
636 741 850 840 infectaque
869 767 976 817 sacra
993 743 1219 841 relinquunt,

178 854 367 952 Quodque
381 855 481 942 lieet,
498 857 613 930 tacito
628 869 853 932 venerantur
867 883 1056 933 murmure
1071 882 1218 931 numen.

178 971 379 1067 Indignata
397 972 481 1046 Dea
498 984 578 1062 est;
609 999 831 1073 summoque
849 974 888 1047 in
905 974 1045 1049 vertice
1064 973 1218 1071 Cynthi,

177 1085 333 1160 Talibus
351 1098 409 1161 est
426 1088 539 1162 dictis
557 1090 707 1186 gemina
724 1115 810 1163 cum
829 1092 932 1188 prole
951 1091 1128 1188 loquuta:
1149 1092 1219 1162 205

178 1212 202 1241 “
223 1203 283 1276 En
301 1227 371 1299 ego
389 1215 514 1277 vestra
530 1229 678 1303 parens,
697 1206 802 1278 vobis
821 1206 990 1280 animosa
1005 1205 1156 1293 creatis,

176 1446 279 1495 maxime
295 1445 403 1511 pluribus
420 1445 500 1495 liberis
519 1446 611 1513 spolier,
629 1464 677 1497 non

176 1531 257 1571 tamen
267 1523 292 1570 in
306 1530 374 1571 tanta
388 1539 493 1571 meorum
504 1525 573 1572 turba
582 1524 676 1589 redigar

177 1598 208 1645 nd
230 1613 351 1646 numerum
373 1597 473 1646 duorum
493 1599 590 1646 Lutonae
600 1617 607 1658 ;
628 1616 676 1662 qun

177 1687 232 1719 cnm
243 1671 335 1719 duobus
347 1669 404 1735 suis,
416 1680 534 1734 quantum,
546 1687 616 1736 quam
632 1688 674 1737 pa·

91 1775 94 1782 ·
176 1762 237 1802 rum,
248 1749 319 1794 distat
335 1746 363 1793 ab
379 1747 449 1792 orba?
465 1745 596 1795 Mutationi
611 1746 675 1804 huie,

176 1836 250 1884 quarn
283 1835 365 1868 sensus
396 1819 555 1876 commendat,
583 1821 677 1870 accedit

177 1894 268 1959 aliquid
280 1893 426 1943 auctoritatis
435 1911 448 1943 e
458 1896 530 1942 MSS.
564 1895 589 1943 Si
599 1896 677 1961 proxi·

176 1983 217 2015 rna
223 1983 351 2024 servamus,
358 1983 415 2016 sane
424 1976 476 2032 post
483 1971 514 2015 ite
520 1976 545 2016 et
550 1979 676 2030 properate,

176 2041 373 2104 subintelligimus
383 2041 572 2106 praepositionem
581 2061 604 2089 α.

210 2117 247 2162 Ea
262 2113 307 2162 fuit
324 2114 403 2178 opinio
418 2114 457 2163 Cl.
471 2114 552 2179 Gierig
567 2123 592 2163 et
605 2125 677 2164 cnte-

176 2203 254 2237 rorum
272 2204 331 2251 quos
348 2187 492 2236 nominavit:
518 2188 543 2237 in
561 2188 606 2237 hoc
624 2190 677 2238 loco

176 2270 225 2311 tarn
248 2261 338 2310 difficili
358 2261 429 2310 liceat
455 2278 548 2327 quoque
574 2272 676 2312 nostram

176 2335 364 2384 emendationem
391 2344 542 2400 nostramque
562 2337 675 2402 explana·

177 2408 266 2457 tionem
292 2409 416 2473 subjicere.
459 2409 538 2457 Primo
568 2410 675 2460 dicamus

177 2499 231 2546 quae
251 2483 281 2531 sit
301 2483 373 2532 lectio
393 2491 522 2531 nostrorum
541 2483 673 2533 Codicum:

178 2557 242 2605 Num
253 2566 327 2605 tamen
341 2560 372 2605 ad
386 2573 505 2604 ursmarum
520 2561 613 2622 redigor
627 2575 674 2620 spo·

178 2632 361 2679 liutadumnm?
394 2630 431 2678 Ite
446 2633 627 2693 merinpropere
640 2650 675 2680 ro·

176 2709 239 2763 πῶς
261 2708 395 2766 laurumque
411 2705 500 2765 capillis
519 2705 615 2754 Ponite:
636 2709 675 2755 de·

175 2789 266 2841 penum
287 2779 416 2843 injectaque
437 2794 503 2826 sacru
522 2782 675 2843 r·clirrquunt‚·

179 2854 287 2917 Quodque
300 2855 362 2908 lieet,
375 2855 444 2901 tacito
459 2863 598 2902 venduntur
612 2872 675 2902 mur·

177 2944 242 2976 mure
258 2943 342 2974 rtumerr
356 2926 449 2974 Latona
457 2944 466 2983 ,·
483 2929 551 2975 turba
565 2938 676 2991 qnantum

177 3003 275 3049 distabat
286 3003 314 3048 ab
325 3002 387 3049 orba.
419 3001 459 3048 Ita
469 3017 548 3050 versus
558 3010 676 3051 extremus

176 3073 263 3137 legitur
276 3074 301 3122 in
312 3073 393 3122 codiee
404 3076 443 3134 A;
459 3073 501 3122 sed
516 3073 589 3123 codex
601 3077 622 3122 B
633 3076 676 3124 ba·

176 3150 218 3197 bet
238 3149 322 3197 eodem
341 3148 392 3196 loco
411 3149 504 3197 Latonae
521 3152 605 3208 turbu5
629 3167 676 3213 qun

176 3232 288 3285 quantum
296 3224 366 3269 distat
376 3224 404 3268 ab
414 3223 467 3268 orba
472 3223 486 3267 1?
504 3229 603 3286 uterque
613 3223 674 3288 reje-

176 3296 210 3344 cit
222 3311 315 3343 versum
327 3304 418 3341 tontum
433 3298 542 3350 animoso,
555 3307 601 3343 etc.
612 3303 675 3345 certe

175 3371 290 3437 spurium,
306 3369 336 3417 de
353 3386 400 3433 quo
417 3368 520 3433 loquitur
532 3369 569 3417 Cl.
582 3371 675 3436 Cierig.

176 3447 238 3503 Quae
255 3443 369 3493 lectiones
386 3442 464 3491 ultimi
478 3458 558 3491 versus
572 3460 619 3492 non
633 3461 675 3510 pa-

176 3537 228 3569 rum
257 3517 389 3583 impediunt
410 3517 533 3565 sententiae
556 3527 675 3580 tenorem3

175 3610 232 3643 nam
248 3601 342 3648 cetera,
358 3591 478 3656 usquead
494 3591 557 3640 hunc
572 3609 674 3651 versum,

175 3670 246 3733 plane
256 3668 348 3726 fluunt3
365 3665 424 3714 nihil
439 3665 502 3714 enim
512 3665 615 3716 vividius
629 3667 674 3716 hac

175 3740 369 3803 interrogatione:
383 3741 476 3804 Fingite
483 3743 629 3789 demi-rrum
639 3750 675 3789 ta-

175 3817 369 3879 men-*redigart
401 3812 466 3872 Quid
478 3814 556 3880 aptius
567 3824 604 3863 est
614 3815 674 3863 fero-

175 3890 232 3938 ciori
240 3889 346 3954 jubentis
357 3887 449 3935 lemine
460 3887 539 3935 animo
548 3904 621 3953 qnam
629 3890 676 3937 ista

177 3963 292 4012 acerbiter
302 3962 383 4010 dicta:
401 3961 438 4010 Ite
448 3965 525 4018 sacris,
536 3979 628 4026 propere
638 3980 674 4011 so·

176 4039 221 4084 cris
238 4035 358 4083 abscedite
366 4052 374 4096 ;
398 4043 424 4083 et
441 4037 541 4093 buram,
552 4053 599 4100 qua
613 4053 673 4101 prae·

176 4110 279 4172 cingitur
287 4117 360 4172 caput
370 4117 481 4166 vestrum,
492 4113 603 4172 deponite.
626 4111 672 4159 De·

173 4193 264 4246 ponunt
280 4180 392 4246 quidem3
417 4182 458 4231 sed
477 4183 567 4232 mireris
583 4192 673 4234 metum

726 1448 791 1513 vulgi
810 1446 1056 1514 inconstantiamque:
1082 1449 1149 1506 dum,
1165 1447 1221 1496 Nio-

725 1522 768 1570 bes
785 1529 859 1578 metu,
877 1539 942 1570 saera
962 1524 1060 1571 Latona
1081 1524 1222 1585 relinquunt,

725 1594 787 1644 hane
799 1599 868 1644 tacito
882 1613 1007 1652 murmure,
1017 1598 1077 1659 quod
1088 1598 1150 1653 licet,
1159 1612 1220 1644 verte

725 1680 819 1720 rantur.
836 1669 904 1719 Nihil
914 1668 1030 1719 hactenus
1040 1669 1104 1735 quod
1114 1686 1162 1718 non
1172 1670 1222 1718 lau·

725 1743 824 1793 demus:
854 1744 896 1793 sed
917 1742 974 1808 quid
999 1743 1039 1793 hie
1060 1759 1141 1792 versus
1161 1743 1221 1792 iste:

726 1819 837 1876 Lutone5
865 1821 933 1866 turbu
950 1827 1063 1880 quantum
1081 1820 1180 1866 distabat
1195 1819 1222 1865 ut

724 1893 787 1948 orba,
808 1907 879 1957 quem
901 1890 967 1938 nullo
988 1891 1058 1940 modo
1076 1890 1222 1956 interpretari

726 1980 808 2030 queas,
818 1965 911 2015 etiamsi
921 1965 994 2015 utaris
1008 1966 1086 2029 glossa
1101 1966 1223 2030 marginali

726 2056 797 2104 quam
816 2040 981 2089 babet-codex
1005 2040 1066 2089 alius
1088 2039 1222 2104 antiquissi-

726 2128 786 2170 mus,
801 2114 842 2178 qui
858 2113 957 2162 eandem
976 2114 1065 2178 praebet
1080 2113 1221 2172 lectionem

726 2203 755 2236 ea
770 2204 854 2254 nempe
867 2197 902 2236 est
912 2189 998 2252 glossa,
1009 2207 1023 2236 a
1035 2191 1104 2236 turbo
1119 2190 1222 2236 orbarum

725 2272 824 2310 matrum
853 2272 964 2325 qtrurvtum
990 2265 1097 2312 distabat.
1144 2265 1222 2321 Quare

725 2334 788 2383 hunc
805 2352 907 2392 versum,
921 2336 965 2384 hoc
982 2337 1034 2384 loeo
1050 2337 1135 2385 saltem
1152 2336 1221 2386 inuti·

724 2409 780 2466 lem,
787 2426 841 2458 cum
851 2410 891 2460 Cl.
901 2411 990 2475 Gterig,
998 2420 1052 2476 post
1057 2426 1152 2459 versum
1161 2410 1222 2459 Num

725 2493 800 2532 tumen
821 2484 992 2549 relinquimus3
1021 2492 1053 2541 et,
1073 2487 1165 2533 turbam
1182 2501 1222 2548 pro

726 2561 794 2607 turta
804 2557 940 2615 scribentes,
947 2559 980 2607 ita
991 2558 1139 2623 explicamus
1148 2566 1221 2607 toturn

725 2631 818 2682 locum:
839 2634 927 2680 “Num
939 2632 1010 2695 igitur
1020 2632 1121 2697 spoliata
1131 2631 1222 2696 redigar

726 2704 757 2752 ad
767 2722 890 2755 numerum
899 2706 998 2755 duorum
1006 2707 1115 2763 filiorum,
1124 2723 1177 2771 quae
1188 2714 1222 2756 est

725 2781 796 2828 turba
817 2782 933 2828 Latonael
970 2782 1050 2838 Quam
1068 2797 1152 2846 parurn
1172 2781 1221 2829 hee

724 2852 899 2903 distatamatre
907 2854 1006 2920 spoliata
1013 2853 1134 2903 snisfiliis!
1153 2856 1220 2919 Ergo,

725 2944 798 2992 quum
815 2930 907 2977 Latona
921 2944 1017 2978 numero
1032 2928 1159 2978 liberorum
1174 2945 1220 2978 me-

726 3017 780 3049 cum
796 3018 822 3051 se
839 3003 942 3051 conferre
961 3011 1072 3068 nequeat,
1091 3004 1142 3068 ejus
1157 3019 1220 3052 sacra

725 3075 861 3141 relinquite,
881 3084 906 3124 et
925 3076 1035 3141 deponite
1052 3076 1145 3125 laurum
1158 3093 1219 3142 -qua,

723 3149 823 3213 jubente
840 3151 930 3207 Manto,
943 3150 1018 3199 crines
1031 3157 1121 3198 vestms
1136 3145 1219 3199 cinxis-

726 3223 782 3270 tis.’'
816 3225 946 3281 Murmure,
968 3224 997 3272 de
1016 3234 1129 3289 precante
1149 3225 1217 3273 etiam

724 3299 785 3357 327;
805 3301 882 3355 tacito,
896 3297 954 3346 leni.
989 3297 1135 3362 Compressis
1150 3297 1218 3346 labris

723 3372 857 3421 mussitant.
889 3373 951 3420 [neo
968 3371 1055 3419 citato:
1077 3375 1168 3433 pauido,
1177 3373 1217 3436 fa·

723 3463 774 3494 vens
783 3448 847 3502 mitt,
857 3463 973 3493 murrrture
983 3447 1050 3501 dixit,
1061 3453 1109 3495 ete.
1132 3485 1133 3489 ,

756 3520 813 3568 204.
831 3521 860 3568 In
878 3519 975 3582 Cyntho,
992 3519 1048 3566 Deli
1061 3527 1153 3575 monte,
1171 3520 1215 3567 La·

725 3601 780 3642 tona
790 3593 910 3642 colebatur
918 3609 970 3641 cum
979 3592 1100 3657 Apolline.
1116 3592 1219 3641 Breviter

724 3666 838 3732 Apollod.
849 3665 934 3714 liberos
945 3667 1085 3730 παρώξυνε.
1107 3667 1217 3720 Animosa,

724 3740 832 3805 superba.
871 3741 970 3788 Debitor
990 3740 1142 3788 Burmannus
1162 3738 1219 3786 inter

723 3815 851 3877 singularia
860 3813 940 3862 refert.
974 3813 1111 3862 Dictumut
1125 3815 1218 3874 imperor

724 3895 749 3936 et
767 3888 823 3937 alia.
856 3889 895 3936 De
915 3886 1039 3936 divinitate
1060 3887 1159 3935 Latonae
1176 3901 1218 3933 non

724 3960 873 4010 dubitaverat
883 3960 961 4009 Niobe
973 3978 980 4019 ;
998 3960 1040 4008 sed
1051 3960 1087 4008 ira
1102 3961 1162 4009 solet
1171 3975 1217 4006 nra·

723 4034 1018 4098 lodictaalteriusaugere.
1044 4038 1145 4083 Artatur
1153 4034 1219 4082 Deus

723 4111 777 4165 aris,
788 4108 882 4172 quando
893 4109 945 4173 ejus
955 4121 1023 4156 sacra
1031 4108 1056 4155 in
1068 4107 1115 4156 aris
1123 4104 1217 4155 interdi—

723 4191 824 4241 cuntur;
836 4181 942 4231 babitare
953 4179 1016 4230 enim
1028 4180 1220 4230 intendebatur.
1232 4226 1235 4231 ,
