2812 5010
179 338 214 402 xl
574 334 834 400 PRAEF'ATIO

179 506 386 592 supellectilis
412 507 445 570 in
472 505 669 571 Philemonis
698 529 783 584 casa,
810 507 962 594 epulique
988 512 1030 576 ab
1056 533 1095 577 eo
1121 511 1228 596 parati

169 627 362 712 descriptio.
402 626 448 689 Et
462 625 518 710 qui
533 625 642 689 tenuia
657 625 701 690 sic
716 628 851 703 ornavit,
867 629 936 712 ejus
952 629 1115 714 ingenium
1130 630 1228 694 etiam

178 747 212 810 in
226 746 412 830 majoribus,
427 744 590 809 atrocibus
604 743 687 808 adeo
702 745 830 808 eminet.

531 965 627 1024 Tanta
639 965 782 1044 vertigine
794 976 901 1045 pontus

256 1061 373 1130 Fervet,
386 1073 417 1120 et
431 1059 551 1118 inducta
562 1059 651 1138 piceis
664 1079 681 1118 e
694 1061 819 1119 nubibus
832 1061 933 1119 umbra

256 1155 351 1214 Omne
363 1154 436 1213 latet
449 1151 555 1212 coelum
569 1151 770 1230 duplicataque
784 1154 875 1213 noctis
888 1155 981 1232 imago
994 1157 1056 1215 est!

256 1250 352 1320 Unda,
365 1248 446 1309 velut
459 1249 573 1316 victrix,
587 1248 715 1307 sinuatae
728 1247 849 1327 despicit
863 1248 965 1318 undas,

255 1346 288 1403 N
288 1366 320 1404 ec
332 1345 435 1413 levius,
449 1343 573 1421 quamsi
586 1344 650 1421 quis
664 1342 764 1402 Athon
780 1343 965 1422 Pindumque
978 1345 1105 1405 revulsos

255 1439 331 1498 Sede
345 1459 397 1497 sua
409 1447 483 1496 totos
495 1438 527 1495 in
541 1447 672 1514 apertum
687 1437 824 1497 everterit
838 1459 941 1516 aequor,

256 1534 440 1612 Pracipitata
452 1532 521 1591 ruit.

177 1796 245 1860 Sed
271 1805 357 1859 totus
381 1795 482 1871 locus,
508 1795 551 1858 xi.
575 1794 728 1870 478-560,
754 1795 998 1879 cognoscendus
1026 1806 1092 1873 est,
1123 1796 1225 1862 habet

178 1915 261 1979 enim
283 1915 447 1999 egregiam
468 1913 679 1996 tempestatis,
699 1913 799 1977 studii
818 1924 987 1977 nautarum
1006 1914 1039 1976 in
1058 1935 1139 1978 nave
1158 1937 1225 1979 ser-

177 2033 292 2109 vanda,
305 2043 339 2096 et
352 2032 512 2117 naufragii
522 2033 780 2117 descriptionem.
815 2031 907 2097 Idem
921 2033 1094 2117 ingenium,
1109 2033 1224 2097 eadem

176 2152 348 2237 phantasia
376 2152 409 2214 in
434 2149 671 2215 narrationibus
697 2149 812 2214 elucet.
858 2149 938 2213 Non
962 2148 1015 2213 ille
1037 2150 1224 2213 *summatim

176 2280 296 2347 narrat,
312 2270 369 2334 sed
387 2271 492 2334 omnia
507 2269 619 2334 ordine
635 2268 787 2353 explicat,
802 2279 839 2332 ut
854 2278 891 2332 tu
906 2269 1034 2333 adstare
1049 2268 1161 2352 reique
1176 2268 1225 2330 in-

175 2399 297 2453 teresse
311 2388 370 2452 tibi
382 2388 536 2465 videaris;
561 2397 594 2452 et
609 2389 636 2452 si
650 2389 730 2472 quid
744 2387 949 2453 memorabile
968 2388 1092 2463 incidit,
1107 2386 1141 2451 id
1157 2387 1223 2449 suis

176 2507 283 2593 pingit
297 2507 469 2572 coloribus.
515 2508 675 2593 Daphnes
690 2508 855 2594 fugientis,

527 2696 687 2757 Nudabant
701 2717 816 2775 corpora
828 2697 918 2765 venti,

255 2790 406 2868 Obviaque
419 2789 550 2849 adversas
563 2791 714 2850 vibrabant
728 2789 843 2848 flamina
855 2790 958 2858 vestes,

254 2884 296 2944 Et
310 2882 382 2943 levis
395 2885 523 2962 impexos
536 2894 612 2943 retro
625 2884 711 2944 dabat
723 2877 794 2943 aura
806 2882 932 2962 capillos.

177 3066 223 3129 Et
237 3087 312 3129 mox
328 3065 369 3128 de
384 3086 462 3129 cane
474 3064 577 3148 lepori
592 3065 741 3140 instante,

252 3214 340 3273 Alter
354 3213 495 3272 inhaesuro
508 3211 618 3281 similis,
629 3213 691 3290 jam
701 3213 819 3290 jamque
833 3221 933 3270 tenere

254 3307 368 3387 Sperat,
384 3318 413 3367 et
427 3316 546 3366 extento
558 3306 676 3385 stringit
689 3306 811 3384 vestigia
825 3315 932 3364 rostro:

252 3401 340 3461 Alter
353 3403 384 3460 in
397 3403 530 3480 ambiguo
542 3411 597 3471 est,
612 3420 649 3460 an
663 3400 701 3460 sit
711 3399 879 3477 deprensus,
894 3410 924 3460 et
938 3399 1007 3478 ipsis

253 3498 399 3557 Morsibus
411 3497 543 3576 eripitur,
554 3494 761 3574 tangentiaque
775 3515 823 3552 ora
836 3494 985 3573 relinquit.

176 3713 275 3787 Quod
297 3712 383 3776 idem
396 3703 563 3787 variatum,
579 3711 631 3774 vii.
649 3712 708 3774 781
729 3714 799 3796 sqq.
845 3709 944 3774 Adde
967 3710 1000 3776 ii.
1019 3710 1094 3784 861,
1116 3707 1223 3772 lusum

176 3831 321 3914 Europae
347 3840 380 3893 et
400 3829 472 3893 falsi
492 3828 595 3904 tauri3
619 3827 662 3890 iii.
684 3830 727 3893 66
739 3847 816 3912 sqq.
840 3836 1022 3910 serpentem
1042 3824 1157 3888 Cadmi
1173 3826 1224 3909 ja·

175 3946 248 4012 culo
273 3945 490 4024 vulneratum;
520 3946 579 4008 125
603 3967 672 4028 sqq.
693 3941 864 4008 Actaeonis
889 3964 949 4026 per
971 3963 1067 4007 canes
1090 3939 1224 4004 dilania-

174 4065 319 4142 tionem3'
345 4065 387 4128 iv.
411 4065 486 4141 358,
513 4062 701 4127 Salmacidis
716 4064 719 4110 ἶ
731 4071 764 4124 et
793 4059 1063 4145 Hermaphroditi
1090 4057 1220 4123 luctam.

176 4183 225 4246 lb.
242 4181 315 4247 480.
922 4181 925 4188 '
