2812 5010
310 318 380 384 DE
403 317 568 393 OPERE
589 316 1084 387 METAMORPHOSEON.
1140 326 1220 389 xxix

174 491 329 557 euntibus
344 486 507 576 leguntur,
521 513 602 577 quas
621 491 760 575 primum
776 490 918 576 singulas
935 494 1087 571 ostendit,
1101 494 1220 560 deinde

176 631 285 676 omnes
300 611 460 676 communi
475 608 727 695 metamorphosi
744 607 976 694 complectitur.
1020 611 1108 686 Quae
1121 611 1222 697 paulo

175 738 248 792 ante
272 728 316 793 de
336 728 423 793 saxis
443 728 522 804 dixi,
542 749 582 793 ea
604 736 639 792 ct
659 728 700 792 de
720 749 806 812 aqua
819 727 936 799 valent.
983 729 1051 794 Sed
1067 730 1101 794 in
1122 730 1221 816 hujus

176 869 305 931 quoque
331 847 522 913 uniformem
547 859 696 912 natruam
719 848 915 912 mutationes
938 849 1077 914 suaviter
1101 860 1220 914 narrat.

181 965 301 1051 Cyane,
317 989 347 1030 v.
363 966 445 1031 dd&

300 1134 303 1139 ’
372 1131 504 1204 Quonim
517 1134 613 1192 fuerat
625 1151 761 1211 magnum
774 1132 988 1201 moderamen,
1002 1134 1034 1191 in
1047 1133 1112 1193 illas

293 1228 482 1288 Extenuatnr
496 1248 600 1308 aquas:
621 1227 728 1288 molliri
740 1229 870 1288 membra
882 1227 1005 1298 videres,

213 1383 218 1389 ,
291 1322 367 1383 Osse
379 1323 441 1402 pati
455 1323 559 1393 flexus,
572 1343 684 1401 ungues
696 1320 823 1401 posuisse
835 1322 975 1400 rigorem:

291 1416 447 1495 Primaque
460 1416 497 1476 dc
509 1427 572 1476 tota
583 1415 752 1476 tenuissima
764 1436 885 1495 queque
897 1416 1071 1494 liquescunt,

292 1511 416 1571 Coenrlei
426 1512 528 1582 crines,
539 1512 689 1590 digitique,
704 1521 735 1570 et
747 1530 838 1580 crura,
849 1509 995 1589 pedesque
1004 1532 1015 1581 3

292 1606 372 1666 Nam
385 1607 480 1666 brevis
492 1608 524 1666 in
537 1604 646 1686 gelidas
659 1604 796 1666 membris
809 1605 932 1665 exilrhus
945 1604 1038 1665 undas
1138 1632 1142 1642 ·

292 1700 445 1762 Transitus
459 1713 520 1764 est:
539 1713 603 1781 post
616 1703 677 1762 hac
690 1713 872 1781 tergumque,
885 1701 1065 1779 humerique,
1079 1700 1221 1786 latusque,

291 1795 470 1876 Pectoraque
482 1798 514 1857 in
526 1809 630 1859 tenues
642 1799 750 1859 abeunt
762 1797 883 1858 evanida
895 1796 979 1856 rivos.

290 1891 427 1970 Denique
439 1913 491 1971 pro
504 1893 570 1953 vivo
582 1892 698 1954 vitiatas
711 1893 851 1972 sanguine
864 1913 951 1952 venas

290 1985 427 2065 Lympha
438 1979 525 2057 suhit,
539 1997 686 2067 restatque
699 1987 782 2059 nihil,
797 1986 874 2066 quod
888 1985 1028 2065 prendere
1041 1987 1139 2066 possis.

176 2155 269 2221 Tolle
291 2157 392 2222 verba
414 2157 503 2222 Nam
528 2157 848 2222 brema-Troasitos
872 2167 930 2234 est,
953 2158 1072 2242 quibus
1094 2157 1221 2222 minime

175 2298 254 2360 opus
269 2287 352 2354 erat,
368 2286 401 2340 et
414 2274 538 2361 reliqua
551 2276 707 2361 praeclare
722 2298 756 2341 se
770 2276 904 2342 habent.
943 2274 1083 2352 Rursus,
1098 2298 1128 2340 v.
1145 2276 1219 2340 632.

176 2394 337 2458 Arethusa
351 2393 394 2458 de
407 2415 460 2458 se:

290 2552 423 2629 Occupat
436 2553 561 2612 obsessos
574 2552 660 2612 sudor
672 2552 744 2610 mihi
757 2551 880 2630 frigidus
894 2561 983 2620 artus,

290 2647 484 2727 Coerulessque
496 2647 603 2709 cadunt
614 2658 677 2708 toto
690 2647 727 2707 de
740 2667 854 2726 corpore
867 2656 978 2725 guttae3

291 2743 415 2821 Quaque
426 2742 532 2821 pedem
544 2743 630 2813 movi,
644 2752 741 2802 manat
754 2741 843 2811 locus,
857 2761 931 2819 eque
944 2739 1055 2819 capillis

292 2837 353 2896 Ros
367 2836 453 2896 cadit.
648 2890 650 2894 Α

175 2990 340 3055 interdum
359 2987 513 3054 nonnulla
532 2988 617 3053 fiunt
635 2989 720 3053 inter
735 2989 955 3064 mutationem,
974 2996 1030 3051 aut
1052 2985 1220 3071 proferun-

175 3119 225 3172 tur
238 3109 282 3173 ab
301 3108 350 3186 iis,
366 3130 447 3193 quos
465 3107 568 3172 fatum
586 3106 668 3172 illud
687 3108 851 3192 opprimit,
866 3118 903 3171 ut
919 3108 960 3170 iv.
977 3106 1018 3169 57
1020 3106 1041 3168 5
1055 3127 1125 3189 sqq.
1142 3105 1220 3168 dum

174 3227 316 3292 Cadmus
335 3237 369 3292 et
386 3226 563 3290 Harmonia
581 3235 747 3311 serpentes
764 3225 865 3301 fiunt;
888 3234 921 3288 et
935 3225 979 3286 ix.
993 3223 1068 3299 355,
1086 3221 1219 3306 Dryope

177 3348 278 3412 arbor.
318 3347 402 3411 Sunt
419 3347 515 3410 etiam
529 3343 660 3422 fabular,
675 3346 709 3409 in
723 3345 842 3429 quibus
855 3345 1009 3424 transitus
1023 3343 1093 3427 ipse
1107 3342 1218 3426 paucis

176 3477 378 3545 memoratur,
393 3467 452 3532 sed
467 3466 691 3551 descriptionis
705 3463 777 3530 loco
789 3463 985 3548 comparatio
1000 3460 1139 3525 additur.
1178 3459 1217 3524 ld

177 3585 267 3669 quale
282 3587 334 3663 sit,
349 3607 393 3650 ex
404 3586 450 3648 ix.
466 3584 598 3661 219-25,
613 3595 649 3649 ct
662 3585 737 3662 266,
753 3581 959 3667 intelligitur:

290 3794 390 3873 thue
403 3811 492 3852 novus
505 3811 631 3871 serpens,
644 3791 738 3870 posita
750 3811 816 3850 cum
829 3789 905 3869 pelle
919 3796 1042 3856 senecta,

289 3888 452 3948 Luxuriare
465 3887 548 3958 solet,
562 3907 735 3966 squamaque
748 3885 840 3943 virere
853 3881 962 3942 recenti
972 3904 983 3951 3

291 3982 340 4042 Sic
352 3983 404 4042 ubi
416 3981 551 4042 mortales
565 3978 738 4060 Tirynthius
751 3977 833 4038 exuit
847 3986 936 4044 artus,

289 4077 378 4137 Parte
390 4076 436 4137 sni
447 4075 565 4136 meliore
577 4076 666 4154 viges,
680 4072 827 4150 majorque
839 4067 932 4128 videri

290 4171 443 4251 Coepinst
454 4181 579 4251 augusta
591 4171 654 4231 heri
664 4168 808 4248 gravitate
820 4163 970 4225 verendus.
