2812 5010
263 323 846 391 ME'FAMORPHOSEONLIB.
867 327 929 393 IV.
1054 331 1120 396 297
1216 345 1218 349 ’

76 497 193 571 Nulla
210 498 292 572 dies
310 523 419 586 ame,
438 523 507 572 nec
527 522 587 573 me
605 498 759 572 diducat
776 501 824 574 ab
843 500 952 575 isto.''
1045 509 1118 576 372

74 614 175 688 Vota
192 639 279 689 suos
297 616 462 689 habuere
479 614 602 704 Deos3
632 639 719 687 narn
737 615 858 689 mixta
874 617 1031 690 duorum

75 730 245 829 Corpora
258 733 486 829 junguntur;
515 731 708 830 faciesque
726 731 915 805 inducitur
933 733 1006 809 illis

76 847 185 921 Una:
214 848 316 920 velut
331 847 362 920 si
381 847 465 944 quis
484 847 671 921 conducta
688 848 828 922 cortice
847 873 969 923 ramos

74 962 291 1037 Crescendo
305 963 426 1059 jungi,
446 962 661 1061 pariterque
679 963 895 1039 adolescere
913 977 1053 1042 cernat.

75 1078 140 1151 Sic
157 1079 224 1154 ubi
242 1078 443 1175 complexu
460 1082 629 1152 coierunt
645 1080 815 1153 membra
832 1081 966 1167 tenaci,
1044 1088 1117 1156 377

73 1194 157 1268 Nec
176 1195 251 1268 duo
270 1205 371 1282 sunt,
391 1205 430 1268 et
446 1194 565 1269 forma
582 1195 737 1295 duplex,
757 1221 825 1270 nec
843 1196 982 1271 femina
998 1199 1085 1286 dici,
1139 1251 1142 1256 -

75 1310 112 1383 N
115 1335 159 1385 ec
186 1334 279 1408 puer
305 1320 348 1383 ut
373 1310 539 1409 possint;
569 1320 832 1408 neutrumque,
851 1322 891 1387 et
916 1324 1118 1412 utrumque

224 1427 411 1501 videntur.

76 1542 177 1638 Ergo
192 1540 257 1615 ubi
275 1567 316 1616 se
333 1541 508 1639 liquidas
529 1568 604 1640 quo
621 1542 676 1616 vir
693 1543 952 1631 descenderat,
973 1545 1092 1620 undas

77 1657 323 1732 Semimarem
339 1657 473 1733 fecisse
490 1659 605 1748 videt,
626 1661 845 1758 mollitaque
863 1661 901 1734 in
919 1661 992 1735 illis
1043 1668 1113 1736 381

76 1773 267 1862 Membra;
288 1797 420 1847 manus
439 1775 611 1862 tendens,
631 1777 706 1849 sed.
713 1777 793 1873 jam
810 1802 885 1851 non
901 1802 992 1851 voce
1010 1778 1116 1864 virili,

75 1887 414 1988 Hermaphroditus
432 1890 505 1979 ait3
536 1899 559 1928 “
579 1889 681 1964 Nato
698 1893 786 1965 date
808 1916 965 1967 munera
981 1904 1117 1980 vestr0,

76 2004 125 2078 Et
142 2016 262 2104 pater,
281 2016 320 2079 et
337 2005 521 2101 genetrix,
542 2007 737 2080 amborum
754 2031 891 2081 nornen
902 2009 1083 2083 habenti:

77 2120 259 2219 Quisquis
276 2123 314 2194 in
332 2123 400 2196 hos
418 2122 540 2196 fontes
558 2123 613 2195 vir
630 2122 785 2209 venerit,
802 2132 913 2197 exeat
931 2124 1018 2198 inde
1044 2129 1116 2197 385

76 2236 254 2326 Semivir;
284 2248 323 2311 et
338 2238 450 2311 tactis
470 2237 595 2310 subito
611 2238 807 2311 mollescat
823 2238 862 2310 in
877 2239 1025 2313 undis.'’

76 2352 205 2427 Motus
224 2363 382 2449 uterque
400 2378 548 2452 parens,
567 2357 645 2427 nati
663 2365 743 2429 rata
759 2356 873 2444 verba
890 2355 1056 2430 biformis

76 2469 194 2556 Fecit,
214 2480 252 2543 et
268 2469 411 2544 incerto
429 2471 571 2546 fontem
589 2472 837 2569 medicamine
855 2471 980 2546 tinxit.

123 2585 227 2657 Finis
242 2597 323 2660 erat
339 2587 471 2675 dictis;
501 2598 539 2660 et
557 2588 679 2661 adhuc
695 2587 865 2686 Minyeia
881 2588 1004 2686 proles

77 2701 196 2797 Urget
206 2726 312 2800 opuS,
325 2703 543 2800 spernitque
555 2703 692 2792 Deum,
701 2703 915 2801 festumque
926 2703 1113 2802 profanat:

74 2815 270 2914 Tympana
287 2841 404 2914 quum
423 2818 546 2891 subito
564 2843 639 2892 non
657 2819 877 2919 apparentia
894 2821 1016 2894 raucis
1042 2825 1112 2893 391

101 3058 159 3106 378.
176 3057 224 3106 Nec
233 3059 278 3106 duo
288 3068 349 3114 aaut,
358 3058 415 3122 etc]
434 3058 521 3108 Similis
528 3061 565 3110 lu·
650 3063 706 3111 389.
723 3061 788 3110 Finis
799 3072 849 3111 erat
858 3064 933 3119 dictis,
946 3062 1008 3126 etc.]
1030 3062 1115 3119 Poena,

70 3148 117 3188 sus,
124 3130 160 3179 iii.
171 3133 235 3192 3523
247 3132 289 3181 sed
300 3141 323 3181 et
331 3149 386 3181 mox
398 3149 445 3182 ver.
456 3135 503 3182 400
513 3151 566 3199 sqq.
616 3151 688 3200 quarn
698 3151 773 3202 passae
785 3144 840 3184 sunt
851 3136 999 3200 Minyeides.
1025 3136 1056 3183 In
1065 3152 1116 3184 ves·

72 3206 103 3252 Et
115 3205 205 3269 formo,
222 3205 264 3254 sed
285 3217 364 3255 tamen
383 3207 463 3256 forma.
496 3208 566 3257 Tales
616 3210 750 3275 pertiliones
766 3219 863 3258 mutate
879 3217 941 3258 sunt.
973 3209 1046 3274 Apud
1063 3208 1115 3256 An-

69 3277 354 3342 Hermaphroditosetiarn
363 3280 465 3329 artifices
475 3281 566 3346 antiqui
616 3283 689 3332 tonin.
712 3284 831 3341 Bacchus,
852 3292 948 3348 sumpta
965 3284 1051 3348 puellae
1070 3283 1115 3331 for·

69 3360 240 3418 expresserunt,
268 3361 295 3402 ut
323 3353 441 3419 Polycles,
470 3364 565 3404 auctore
615 3374 662 3414 ma,
682 3358 813 3423 Minyadas
838 3358 953 3414 hortatur,
975 3367 1002 3405 ut
1022 3357 1115 3405 debitos

68 3427 156 3484 Plinio,
166 3427 245 3475 xxxiv.
257 3429 286 3476 19
297 3435 321 3476 ct
331 3430 371 3477 20.
404 3429 433 3477 In
448 3429 477 3478 iis
487 3428 564 3493 digni·
615 3433 668 3480 Deo
683 3432 782 3480 honores
798 3432 918 3491 habeant3
935 3430 1116 3479 adversantibus

69 3510 143 3551 tatem
160 3502 252 3551 virilem
268 3511 463 3569 venustatemque
481 3503 565 3553 mulie·
613 3505 669 3562 illis,
685 3505 710 3552 in
728 3505 829 3561 leonem,
845 3513 985 3567 taurumque
1002 3512 1115 3560 mutatus,

67 3578 134 3624 brem
144 3575 241 3625 miscere
252 3578 405 3626 conabantur.
425 3577 488 3626 Vide
496 3577 564 3626 Win·
615 3587 640 3628 et
658 3579 711 3627 aliis
729 3578 841 3644 prodigiis
861 3594 886 3626 se
905 3579 984 3626 Deum
1004 3577 1115 3626 ostendit.

66 3650 139 3699 helm.
155 3650 189 3697 H.
201 3648 232 3699 A.
247 3667 272 3715 p.
289 3652 331 3699 37.
365 3652 469 3699 Formam
486 3654 564 3713 dupli·
615 3654 694 3717 Signa,
706 3668 759 3717 quae
775 3652 814 3699 hic
829 3652 879 3716 jam
895 3659 1115 3708 commemorantur,

65 3741 113 3771 cem
124 3722 161 3772 illi
174 3725 285 3773 effinxere
295 3724 404 3773 mammis
415 3733 439 3774 et
449 3726 564 3783 virilibus,
615 3726 709 3792 propria
719 3733 774 3773 sunt
783 3725 887 3772 Baccho.
909 3725 949 3772 Cl.
960 3723 993 3771 iii.
1003 3724 1051 3771 664
1062 3740 1115 3789 sqq.

66 3797 164 3862 reliquis
178 3805 257 3846 autem
267 3798 377 3846 membris
393 3799 423 3846 ad
438 3801 564 3847 mollitndi-
619 3802 700 3864 Urget,
719 3797 857 3847 lanificium.
892 3797 944 3845 Non
962 3800 1114 3858 apparentia,-

67 3888 117 3918 nem
135 3871 282 3921 muliebrem.
317 3873 564 3932 Possint-videntum
616 3891 668 3939 quae
679 3872 798 3922 Miueides
814 3879 892 3920 mente
907 3879 982 3935 capte
999 3871 1114 3920 sibivisae

68 3944 140 3994 nostri
157 3946 238 4008 Regii,
251 3950 458 4009 possit-videtur,
478 3948 565 3997 rectius
615 3956 670 3996 sunt
697 3947 786 3996 audire.
833 3948 988 4008 Obstrepuere,
1015 3946 1114 4010 strepitu

68 4018 152 4074 lorsan,
164 4019 220 4083 quia
230 4020 277 4069 duo
287 4037 360 4070 unum
368 4021 484 4070 efficiunt.
616 4038 657 4070 suo
672 4022 796 4070 turbbrunt
808 4030 855 4070 tam
867 4037 934 4086 opus,
946 4037 1016 4086 quam
1027 4038 1114 4071 sermo·

98 4094 379 4152 388.1ocertc,arcano.
412 4097 475 4146 Vide
491 4098 522 4146 ad
538 4097 565 4145 li·
617 4112 658 4144 nes
673 4096 806 4144 mulierum.
841 4096 880 4144 De
897 4098 951 4143 tibio
963 4095 1007 4144 hac
1019 4095 1071 4145 vide
1083 4097 1113 4144 ad

69 4167 136 4216 hrum
147 4167 173 4217 ii.
188 4170 242 4217 122.
615 4170 717 4220 iitaat.

1102 4576 1348 4716 nl
