2812 5010
366 321 838 389 METAMORPHOSEON
863 323 954 402 ΠΒ.
970 324 1020 390 ΙΙ.
1149 329 1215 393 155

178 496 400 596 Corripuere
417 497 527 583 viam,
547 498 785 596 pedibusque
803 521 870 596 per
888 522 974 572 aera
991 499 1103 573 motis

177 613 385 689 Obstantes
403 611 551 686 findunt
568 614 737 699 nebulas,
756 612 968 713 pennisque
986 615 1098 689 levati

176 729 414 803 Praetereunt
430 738 531 803 ortos
550 729 684 804 iisdem
702 730 750 804 de
765 730 934 830 partibus
954 729 1089 805 Euros
1149 737 1219 806 160

176 845 253 918 Sed
263 846 346 919 leve
358 845 505 943 pondus
517 855 613 934 erat;
631 870 700 919 nec
711 847 813 945 quod
825 870 1052 943 cognoscere
1064 858 1220 945 possent

175 961 274 1035 Solis
293 961 405 1058 equi;
435 962 623 1061 solitaque
636 965 771 1060 jugum
788 965 972 1060 gravitate
990 967 1155 1040 carebat.

175 1076 306 1174 thue
324 1078 455 1151 labant
472 1103 594 1152 ourvae
605 1081 710 1176 justo
728 1079 809 1153 sine
827 1080 993 1178 pondere
1012 1104 1137 1166 naves,

174 1191 326 1290 Perque
344 1217 447 1268 mare
464 1194 660 1268 instabiles
676 1194 793 1268 nimia
809 1194 960 1276 levitate
979 1194 1166 1282 seruntur3

176 1309 239 1383 Sic
257 1334 372 1386 onere
391 1311 538 1386 insueto
555 1337 693 1386 vacuos
711 1313 776 1386 dat
793 1312 831 1384 in
849 1334 936 1385 aera
954 1312 1085 1398 saliua,
1150 1315 1219 1384 165

177 1425 469 1526 succutiturque
488 1430 575 1515 alte,
595 1429 803 1526 similisque
820 1438 880 1503 est
897 1452 1027 1501 currus
1045 1427 1159 1501 inani.

177 1540 286 1625 Quod
299 1542 410 1616 simul
424 1568 466 1617 ac
479 1570 643 1632 sensere,
656 1555 779 1632 ruunt,
788 1544 993 1641 tritumque
1004 1543 1223 1641 relinquunt

177 1655 401 1756 Quadrijugi
412 1660 683 1757 spatium,nec,
696 1685 771 1758 quo
782 1659 898 1759 priuS,
908 1659 1039 1732 ordine
1052 1668 1220 1748 currunt..¹

208 1869 264 1917 156.
291 1868 366 1924 Viam,
384 1867 437 1925 iter,
454 1871 574 1931 omeipere,
592 1869 674 1918 celeri·
724 1887 764 1927 τες
784 1871 828 1919 τοῦ
848 1867 971 1933 μειρακίου
992 1865 1155 1932 ἐξετράποντο
1176 1871 1224 1928 τῆς

178 1951 210 1990 ter
221 1942 309 1991 lacere.
344 1942 405 1990 Euri
420 1942 468 1991 lere
483 1943 616 1991 excitantur
626 1944 675 1992 sole
725 1941 789 1991 ὁδοῦ.
812 1942 851 1991 Cl.
859 1957 914 1989 cum
926 1940 989 1989 omni
1000 1940 1024 1988 b.
1033 1940 1050 1988 l.
1059 1941 1224 2008 Senecllipp.

178 2015 281 2076 oriente;
298 2017 354 2064 solis
365 2015 429 2064 enim
441 2015 589 2065 advenientis
597 2018 675 2066 calore
727 2018 789 2065 1065
801 2032 853 2080 sqq.
874 2015 1019 2079 Cognoscere,
1031 2016 1067 2063 vel
1079 2015 1176 2071 sentire,
1185 2016 1223 2064 vel

179 2103 215 2138 aar
225 2097 346 2139 movetur.
725 2104 859 2154 agnoscere.
887 2088 1051 2137 Senec.d.l.:
1072 2090 1162 2137 Comus
1178 2101 1224 2138 noo

208 2164 263 2213 160.
281 2164 428 2212 Praetereunt
440 2163 522 2220 Euros,
533 2163 624 2228 proprie
636 2180 676 2212 ac·
724 2181 791 2212 saum
802 2179 921 2228 agnoscens
936 2180 999 2212 orias.
1031 2163 1129 2227 Jagam,
1139 2169 1166 2210 ut
1176 2179 1225 2212 ver.

179 2235 223 2300 cipi
244 2243 332 2302 potest,
361 2253 408 2286 non
437 2236 622 2303 proverbialiter,
646 2238 676 2285 de
728 2239 783 2286 109.
797 2239 864 2284 solita
879 2240 996 2300 gravitate
1013 2239 1113 2284 carebat.
1131 2237 1224 2301 Nempe

179 2310 299 2360 celerrimo
316 2312 407 2368 volatu,
428 2321 455 2360 ut
474 2312 575 2377 putabat
594 2313 677 2360 Burm.
727 2312 788 2367 Diis,
805 2311 891 2375 quibus
908 2326 995 2373 magna
1013 2312 1120 2359 membra
1138 2311 1224 2376 passim

180 2400 316 2449 quanquam
332 2384 358 2433 id
372 2385 398 2434 in
414 2384 468 2434 aliis
482 2385 541 2434 locis
553 2385 676 2437 veletabi
726 2385 868 2441 tribuuntur,
879 2384 950 2432 etiam
967 2385 1122 2449 ponderosum
1139 2400 1224 2449 corpus

178 2459 231 2524 equi
247 2459 372 2508 hominum
388 2460 562 2517 describuntur,
580 2468 606 2507 ut
622 2460 676 2509 vir-
726 2477 777 2509 esse
788 2460 899 2508 debebat.
927 2458 990 2507 Hinc
1001 2462 1078 2524 granis
1089 2476 1172 2508 curras
1182 2460 1224 2508 Jo-

179 2533 218 2596 gil.
228 2535 291 2582 AEn.
301 2533 343 2582 xii.
354 2534 411 2582 334.
424 2535 472 2583 ³45
482 2551 489 2592 3
500 2532 589 2581 Manil.
600 2534 677 2595 v.79;
726 2534 762 2583 vis
779 2535 861 2582 Horat.
877 2534 898 2582 I.
913 2533 960 2581 0d.
977 2533 1017 2581 xii.
1030 2537 1070 2583 58.
1104 2534 1224 2584 Caeterum

180 2616 201 2654 at
217 2623 282 2671 sape
304 2606 369 2671 apud
388 2608 526 2664 Homerum,
540 2606 581 2672 qui
597 2615 677 2656 tamen
728 2608 827 2658 eandem
849 2607 989 2656 sententiam
1012 2617 1047 2657 ter
1066 2608 1125 2658 dixit
1142 2608 1226 2673 loqua-

180 2695 250 2746 equos
264 2697 389 2745 nunquam
403 2681 525 2731 celeriores
536 2681 621 2738 ventis,
636 2682 678 2731 sed
727 2683 795 2732 citer.

180 2770 244 2820 aque
253 2757 345 2805 celeres
354 2772 382 2805 ac
391 2765 474 2805 ventos
483 2756 548 2814 lacit,
557 2756 678 2821 quoniam,
762 2758 816 2806 163.
839 2756 951 2820 Lobana]
982 2757 1078 2814 Labore,
1100 2764 1183 2805 nutare
1200 2756 1225 2814 ia

180 2831 317 2880 observante
332 2830 414 2880 Schol.
433 2831 464 2879 ad
480 2831 549 2879 Iliad.
565 2837 597 2881 K.
613 2833 676 2880 437:
729 2838 852 2895 utramque
869 2839 968 2895 partem.
1003 2831 1104 2885 Pondus,
1118 2829 1143 2878 id
1160 2832 1225 2895 quod

180 2901 282 2970 'dvipoo
292 2905 387 2954 θᾶσσον
401 2903 481 2955 οὐδέν.
497 2904 560 2953 Vide
572 2906 679 2954 Vallen.
728 2904 784 2953 nari
803 2903 938 2969 imponitur.
968 2903 1093 2961 Instabiles,
1107 2919 1161 2968 quae
1178 2921 1227 2955 non

180 2978 282 3028 Diatrib.
295 2978 377 3045 Eurip.
388 2997 413 3045 p.
426 2980 481 3028 107.
506 2981 596 3029 Verum
607 2979 678 3029 hodie
728 2987 818 3045 certum
829 2988 854 3027 et
863 2978 956 3026 firmum
967 2995 1061 3027 cursum
1074 2987 1166 3035 tenent,
1179 2980 1226 3029 lure

181 3052 275 3116 quidem
294 3052 350 3117 equi
368 3053 465 3118 Anglici
487 3053 551 3101 venti
569 3053 678 3103 celen'ta-
727 3053 814 3102 illucve
837 3053 959 3118 jactantur
986 3069 1000 3101 a
1024 3052 1110 3103 ventis.
1145 3054 1225 3102 Etiam

180 3132 225 3174 tarn
242 3125 303 3176 adeo
318 3136 445 3193 superant:
464 3127 518 3177 vide
534 3127 678 3193 Bnesching.
728 3128 795 3191 virg.
813 3129 901 3191 Georg.
916 3125 950 3177 ir.
967 3125 1027 3176 195:
1048 3128 1137 3190 Cymbe
1153 3130 1225 3176 iusta·

180 3197 201 3247 in
214 3199 380 3266 Verbereitong
390 3218 433 3249 zur
445 3200 595 3265 Geogropbie,
606 3204 678 3266 poa.
728 3202 866 3264 bilesflootra
872 3204 982 3262 jactante
992 3203 1110 3248 saburram
1123 3201 1227 3250 Tolloat.

182 3290 203 3322 n.
224 3277 256 3322 2:
276 3274 400 3339 multoque
421 3275 518 3325 celerior
539 3292 568 3324 ex
589 3276 678 3325 ratione
729 3275 797 3321 Ferri
807 3281 831 3322 et
841 3274 959 3339 φερεσθαι,
970 3273 1063 3339 proprie
1074 3273 1104 3321 de
1115 3289 1187 3322 nave.

181 3347 328 3413 aspectabili,
339 3356 363 3397 et
376 3349 485 3414 opinione
496 3349 610 3398 Veterum
624 3364 677 3397 cur·
762 3349 815 3397 165.
835 3348 921 3396 Vaaaos
930 3351 979 3403 dat,
992 3348 1050 3410 etc]
1070 3347 1175 3396 Facilius
1189 3349 1226 3396 fu·

181 3422 296 3470 snssolis.
323 3422 408 3486 Itaque
419 3432 444 3472 et
454 3423 585 3473 Homonb.
596 3425 678 3481 solem,
728 3421 792 3479 isset,
813 3439 897 3470 meras
924 3437 993 3470 onere
1021 3429 1114 3470 assueto
1136 3437 1227 3469 vacuus

180 3511 202 3558 p.
215 3497 271 3544 106.
281 3497 339 3545 Era.
351 3497 393 3546 bos
402 3514 475 3563 equos
488 3499 609 3548 celeriores
620 3499 679 3548 facit
728 3497 770 3544 dat
780 3497 883 3552 saltum
901 3497 943 3544 sed
955 3496 1030 3559 magis
1040 3496 1169 3560 poeticum,
1180 3497 1225 3542 aal-

182 3568 265 3627 ventis,
279 3585 310 3618 ax
324 3571 488 3621 emendatione
500 3572 594 3636 quidem
607 3573 679 3622 Vallr.
730 3580 839 3618 toronae
848 3587 937 3617 nomios.
955 3569 993 3618 Cl.
1000 3569 1099 3616 Homer.
1109 3568 1135 3616 b.
1145 3568 1227 3632 Apoll.

181 3636 252 3706 qne'rn
263 3643 318 3693 vide
330 3644 355 3695 d.
364 3645 382 3694 l.
411 3647 479 3703 Pars,
493 3647 557 3710 regio
573 3646 640 3707 ooeli,
651 3656 679 3696 ut
729 3659 776 3690 ver·
788 3645 844 3691 ί134·

182 3730 252 3782 sapa.
321 3763 325 3777 ,
765 3715 1114 3783 167.Ruuot.]Euripid.aid'
1123 3716 1227 3766 ἔπταντ’

213 3791 268 3839 161.
280 3791 324 3840 Sed
336 3793 564 3857 evaporasse]
583 3792 679 3842 Levitae
729 3791 768 3839 ἐπ’
788 3791 883 3857 αἰθέρος
905 3791 1017 3857 πτύχας.
1047 3791 1141 3840 Ibidem
1160 3800 1227 3856 pater

181 3863 281 3928 corporis
300 3865 410 3932 princeps
429 3867 570 3917 confusionis
586 3881 678 3926 eausa3
729 3866 867 3931 aliquandiu
875 3866 981 3931 sequitur
989 3881 1094 3923 currum,
1102 3865 1227 3915 inclamat·

183 3935 235 3986 binc
253 3940 376 3989 commode
392 3957 445 3990 eam
460 3958 513 3990 mox
524 3940 678 3990 similitudine
729 3957 777 4007 que
787 3941 850 3989 filio:
869 3941 937 3989 breio'
949 3942 1002 3990 tra·
1014 3943 1046 4006 τῇ
1056 3939 1099 4005 ῥα,
1111 3949 1158 3991 etc.

183 4013 308 4062 marnaio
330 4014 425 4064 delecta
442 4016 551 4066 illustrat.
579 4016 679 4065 anian.
764 4016 817 4063 168.
842 4015 970 4078 camna]
998 4015 1079 4064 Verba
1099 4031 1229 4063 nec-oar·

182 4084 248 4135 al:
264 4087 296 4136 01
310 4085 387 4138 ἵπποι
402 4088 679 4155 ὡςῇσθοντοοὺκὸντα
729 4099 786 4137 arat
804 4088 878 4137 otiose
894 4087 983 4136 addita.
1016 4086 1090 4153 Apud
1108 4088 1194 4136 Manil.
1211 4088 1228 4136 i.

182 4157 219 4223 ἐμὲ
229 4163 275 4210 τὸν
285 4161 463 4227 ἐπιβεβηκότα,
474 4164 679 4230 καταφρονήσαν-
731 4166 786 4212 742.
801 4163 934 4220 Phaethon,
950 4171 976 4211 ut
992 4163 1065 4227 major
1080 4171 1177 4227 parente
1192 4163 1227 4210 vi-
