2812 5010
141 321 207 386 172
429 319 474 387 P.
498 316 664 384 ovmll
688 316 900 384 NASONIS

141 493 281 579 Tertia,
302 517 420 591 quum
438 492 580 567 crinem
598 491 773 566 manibus
790 490 932 566 laniare
950 501 1116 590 pararet,

141 609 282 683 Avellit
298 608 471 683 frondes:
501 608 582 682 haec
597 607 730 706 'stipite
749 631 858 681 crura
874 608 1008 696 teneri,

141 726 214 799 Illa
229 727 333 801 dolet
348 724 429 800 fieri
448 726 581 822 longos
600 749 669 798 sua
686 723 842 798 brachia
859 749 996 799 ramos.

142 841 323 940 Dumque
334 866 380 915 ea
389 841 588 928 mirantur;
603 840 867 938 complectitur
877 840 1033 938 inguina
1040 851 1171 915 cortex
1179 868 1195 930 ;-

144 959 297 1056 Perque
325 960 464 1056 gradus
489 966 653 1044 uterum,
677 966 903 1055 pectusque,
922 958 1189 1055 humerosque,

295 1098 505 1173 manusque
1119 1076 1191 1147 354

144 1190 298 1279 Ambit;
329 1202 368 1265 et
385 1190 568 1264 extabant
581 1199 729 1262 tantum
747 1212 813 1262 ora
826 1187 1000 1263 vocantia
1017 1201 1189 1262 matrem.

143 1305 246 1391 Quid
263 1306 379 1380 faciat
394 1316 526 1394 mater,
546 1305 632 1393 nisi,
654 1329 731 1404 quo
749 1305 874 1380 trahat
891 1305 1056 1404 impetus
1074 1306 1190 1401 illam,

143 1421 230 1496 Huc
249 1435 322 1511 eat,
339 1433 454 1519 atque
472 1423 560 1496 illuc
574 1450 582 1510 ;
604 1433 655 1511 et,
672 1424 762 1496 dum
776 1424 877 1510 licet,
894 1424 1024 1496 oscula
1033 1423 1192 1521 jungat?

144 1538 233 1611 Non
249 1538 340 1612 satis
356 1548 435 1612 est:
464 1539 606 1612 truncis
624 1540 785 1614 avellere
803 1563 960 1637 corpora
978 1549 1122 1628 tentat3
1168 1537 1175 1545 ’

144 1652 197 1726 Et
208 1662 357 1728 teneros
371 1655 543 1728 manibus
559 1678 681 1729 ramos
695 1657 937 1754 abrumpere:
954 1654 1095 1729 atinde
1118 1660 1191 1730 359

144 1768 370 1866 Sanguineae
389 1781 555 1859 manant,
574 1781 757 1868 tanquam
775 1772 822 1846 de
836 1772 1001 1858 vulnere,
1021 1782 1152 1868 guttae.

144 1893 168 1923 ‘⁴
188 1885 322 1974 Parce,
352 1910 496 1985 precor,
526 1887 681 1974 mater,”
710 1910 948 1985 quaecunque
976 1898 1035 1961 est
1062 1886 1195 1961 saucia

295 2003 452 2092 clamat3
1078 2005 1190 2103 [pus:

1117 612 1183 682 351

144 2127 168 2157 “
185 2118 319 2207 Parce,
339 2143 492 2218 precor;
524 2132 693 2194 nostrum
715 2118 880 2192 laniatur
898 2117 938 2191 in
960 2119 1092 2193 arbore
1110 2143 1192 2192 cor-

143 2233 307 2333 Jamque
321 2237 441 2311 vale.''
479 2237 620 2311 Cortex
638 2236 676 2309 in
694 2237 809 2309 verba
826 2234 1029 2309 novissima
1040 2236 1157 2311 venit.

144 2351 240 2427 Inde
258 2355 382 2428 fluunt
398 2355 584 2444 lacrimae;
615 2354 833 2449 stillataque
852 2353 930 2426 sole
952 2351 1147 2449 rigescunt

175 2540 231 2590 356.
248 2538 348 2601 Impetus
353 2557 362 2599 ,¹
380 2556 443 2589 nunc
457 2537 590 2606 oppositum
603 2556 642 2598 ττι·Ἰ

143 2612 211 2671 tioni,
228 2613 335 2672 consilio,
349 2615 462 2664 affectum
478 2622 503 2662 et
518 2615 642 2679 perturba·

141 2687 229 2737 tionem
240 2688 312 2737 animi
322 2689 522 2738 vehementiorem
537 2688 643 2751 indicat5

143 2761 174 2811 de
184 2778 213 2811 ea
222 2771 287 2811 recte
298 2765 397 2812 trahere.

175 2837 233 2884 361.
252 2838 421 2900 Parcarum,
431 2837 492 2899 eto]
510 2835 549 2884 Sic
558 2835 644 2900 Virgil.

144 2909 243 2958 AEneid.
254 2910 289 2960 iii.
300 2913 347 2959 41:
366 2911 430 2966 Quid
439 2915 553 2966 miserum,
561 2912 643 2968 AErren,

143 2984 244 3031 lucana?
253 2988 307 3048 jum
316 3003 385 3048 parce
394 2988 495 3047 sepulto:
514 2986 644 3047 Percepins

143 3057 352 3109 memoremnnus.

175 3131 232 3179 363.
250 3131 331 3179 Cortex
348 3135 374 3180 in
388 3134 456 3182 umba
471 3134 589 3180 novissim
605 3149 640 3180 oe·

140 3203 200 3266 nit]
249 3204 279 3252 Id
305 3214 349 3262 est,
370 3213 449 3255 cortex
471 3222 497 3254 os
520 3205 641 3255 obducens

142 3280 211 3325 umba
237 3278 367 3328 Heliadum
393 3280 478 3327 ultima
504 3280 640 3345 occupavit.

143 3353 230 3401 Noster
238 3370 263 3403 x.
271 3354 334 3402 497:
348 3353 495 3417 Venientipue
505 3357 568 3402 obvia
579 3356 642 3420 liguo

141 3429 248 3485 subsedit,
258 3430 377 3491 mersitque
392 3445 441 3477 runs
457 3432 483 3477 in
493 3431 575 3477 cortice
589 3431 641 3478 oul-

143 3509 180 3549 tut
189 3517 198 3558 ,·
222 3500 293 3551 etri.
308 3502 370 3551 256:
391 3503 531 3566 Admisitque
548 3519 598 3552 uror
616 3505 642 3553 in

141 3577 208 3624 veria
218 3578 442 3641 mulsumafluctns.
478 3578 642 3627 Οοήεωυοπίἑ.

142 3648 172 3698 In
188 3651 272 3715 quales
288 3652 381 3700 arbores
392 3660 489 3700 mutate
505 3651 560 3708 sint,
571 3660 644 3717 poeta

142 3739 190 3772 non
204 3724 286 3786 addit3
303 3725 344 3774 sed
357 3726 370 3772 I
384 3741 413 3774 ex
430 3726 500 3775 Pont.
512 3725 537 3775 ii.
548 3728 590 3775 33.
603 3744 642 3789 pn·

141 3800 206 3858 putor
217 3798 364 3865 (αἰγείρους)
375 3800 491 3849 nominat.
515 3800 597 3865 Atque
608 3799 643 3849 ita

141 3879 167 3918 et
181 3871 293 3932 Hesiod.;
315 3873 423 3937 Hygin.;
440 3874 526 3938 Virgil.
541 3874 642 3923 AEneid.

142 3961 168 3993 x.
182 3947 228 3994 190
236 3963 243 4005 ;
264 3947 367 3996 Lucian.
384 3946 481 4013 aliique.
513 3949 547 3996 At
557 3949 643 4013 Virgil.

143 4018 197 4067 Ecl.
206 4019 239 4067 vi.
249 4020 289 4069 62.
299 4023 363 4068 alnos
372 4031 548 4080 commemorat,
560 4037 643 4087 quern·

143 4091 270 4141 admodum
285 4094 326 4143 alii
338 4097 411 4144 ulmos
425 4105 466 4144 aut
481 4100 557 4158 pinus.
578 4096 643 4144 Plin.

143 4165 208 4216 Hist.
230 4168 291 4217 Nat.
310 4169 440 4218 XXXVII.
457 4168 483 4218 ii.
504 4171 530 4218 3.
571 4171 642 4220 Com—

691 2536 769 2585 munis
779 2551 847 2602 porro
856 2534 936 2601 opinio
946 2546 997 2585 erat
1005 2536 1068 2599 (vid.
1079 2545 1104 2586 et
1115 2537 1196 2602 llurip.

691 2610 767 2676 Hipp.
785 2611 848 2669 740;
871 2610 987 2676 Apollon.
1005 2611 1055 2659 Ru.
1072 2611 1105 2661 iv.
1123 2613 1196 2671 596,)

692 2702 722 2734 ex
738 2688 839 2733 lucriads
851 2683 890 2748 (tr
900 2689 952 2734 τῶν
962 2683 1090 2751 δακρύων)
1101 2686 1197 2735 illarum

692 2761 802 2808 arborum
813 2760 898 2808 electra
909 2759 990 2808 nasci:
1008 2759 1072 2824 quod
1088 2776 1135 2808 non
1150 2760 1197 2808 mi-

692 2850 744 2882 rum
758 2833 833 2882 videri
848 2833 929 2890 debet,
941 2849 1015 2898 quum
1032 2835 1143 2883 arborum
1160 2850 1198 2882 re-

693 2908 769 2958 sinam
789 2907 869 2957 Graeci
888 2906 923 2956 ita
940 2907 1043 2956 dixerint
1061 2908 1108 2973 (cf.
1127 2916 1152 2956 ct
1170 2925 1198 2957 ι.

693 2983 763 3045 501.)
774 2991 846 3047 atque
863 2981 936 3030 etiam
951 2981 1022 3030 hodie
1035 2997 1114 3030 rerum
1127 2991 1199 3031 natu·

692 3057 778 3106 ralium
794 3056 946 3121 indagatores
962 3071 990 3104 eo
1007 3056 1057 3104 sere
1070 3055 1200 3114 inclinent,

692 3139 720 3180 ut
730 3131 812 3180 resinae
824 3131 914 3178 electra
924 3128 1040 3193 originem
1053 3128 1142 3177 debere
1152 3145 1200 3194 pn·

692 3215 752 3255 tent.
776 3206 801 3254 Si
820 3205 857 3253 his
874 3203 1003 3261 addideris,
1017 3220 1074 3269 que
1093 3203 1125 3252 ad
1144 3219 1198 3253 ver.

692 3281 741 3328 ³24
756 3279 897 3336 notavimus,
911 3276 969 3327 satis
984 3277 1138 3343 pmbabiliter
1153 3277 1200 3326 tibi

691 3353 797 3402 fabulam
806 3351 1007 3418 interpretaberis.
1033 3350 1165 3416 Sophocles
1173 3350 1203 3401 in»

692 3436 753 3493 trag.
766 3426 890 3492 deperdita
900 3442 930 3475 ex
945 3426 997 3474 aliis
1013 3425 1118 3474 lacrimis
1134 3424 1200 3474 elec·

691 3511 728 3551 tra
738 3502 804 3551 nasei
814 3503 923 3558 finxerat,
934 3515 1020 3565 nempe
1032 3515 1092 3565 quas
1102 3501 1200 3549 Melea·

691 3576 727 3641 gri
746 3592 837 3626 sorores
854 3575 879 3623 in
896 3590 953 3624 aves
968 3582 1067 3622 mutatae
1084 3573 1201 3624 inludia

691 3651 789 3700 flerent:
808 3650 872 3716 qnod
888 3666 904 3699 a
919 3649 984 3698 Pliu.
999 3648 1064 3698 dicto
1078 3650 1140 3706 loco,
1158 3665 1200 3698 re-

691 3725 860 3792 prehenditur:
893 3724 949 3774 vlde
976 3723 1072 3772 omnino
1094 3723 1200 3772 Gesneri

692 3800 758 3849 Diss.
768 3800 795 3848 in
805 3801 898 3850 Comm.
910 3798 999 3847 Societ.
1011 3797 1122 3862 Gotting.
1135 3805 1153 3844 t.
1162 3796 1200 3846 iii.

692 3892 783 3998 Ρ364.
817 3949 922 4005 Stilluta,
949 3945 1052 4012 passive.
1093 3946 1203 3995 Lucidus

692 4024 787 4082 λευκὸς,
798 4024 886 4072 clarus.
909 4023 1013 4070 Nutibus
1025 4021 1128 4069 Latinis.
1146 4019 1201 4068 Ita-

693 4097 722 4144 lis
734 4097 882 4145 mulieribus.
917 4096 999 4144 Narras
1009 4095 1104 4143 omnino
1112 4094 1203 4142 mulier

694 4170 780 4248 poetis.
802 4170 860 4220 Vid.
871 4169 904 4219 iii.
916 4172 973 4219 528.
1006 4167 1068 4218 Plin.
1080 4167 1105 4217 d.
1116 4167 1136 4218 l.
1146 4182 1203 4217 nar·
