2812 5010
156 334 222 399 aaa
447 300 915 397 P.ovrn11NAsoN1s

158 507 546 604 Sulcavitquecutem
565 506 678 602 rugis,
695 519 734 580 et
752 529 867 578 curva
882 505 1058 578 trementi

158 623 333 697 Membra
350 623 437 697 tulit
454 648 568 720 passu
585 651 593 711 ;
613 647 745 697 vocem
763 638 915 720 quoqne
933 622 1024 695 fecit
1041 621 1202 706 anilem:

118 826 124 832 ,
157 740 322 838 Ipsaque
336 739 381 812 fit
398 739 532 825 Beroe,
554 739 723 812 Semeles
744 738 951 836 Epidauria
967 737 1107 810 nutrix.
1213 736 1215 739 ’

158 856 258 954 Ergo
276 856 353 941 ubi,
372 865 524 953 captato
543 881 727 942 sermone,
744 855 886 953 diuque
904 854 1108 951 loquendo,
1128 856 1202 926 279

155 972 217 1046 Ad
235 968 371 1045 nomen
388 997 523 1046 venere
541 972 658 1059 Jovis,
679 973 865 1071 suspirat:
895 983 945 1058 et,
969 970 1153 1068 “Optem

155 1087 306 1187 Jupiter
324 1099 365 1162 ut
384 1089 467 1176 sit,'’
486 1089 558 1163 ait:
590 1097 613 1128 “
633 1101 760 1163 metuo
777 1101 904 1163 tamen
922 1087 1071 1161 omnia:
1093 1086 1202 1159 multi

157 1204 321 1277 Nomine
341 1203 523 1277 Divorum
541 1205 725 1279 thalamos
744 1207 893 1278 subiere
911 1204 1082 1302 pudicos.

156 1319 192 1392 N
197 1344 240 1393 ec
254 1330 380 1393 tamen
395 1345 479 1393 esse
493 1320 515 1392 J
519 1321 597 1393 ovis
612 1321 704 1401 satis
719 1332 794 1395 est:
811 1323 878 1394 det
889 1320 1024 1418 pignus
1039 1317 1197 1406 amorim

157 1436 197 1508 Si
212 1436 323 1508 modo
334 1460 443 1509 verus
459 1436 490 1508 is
506 1446 585 1510 est:
606 1447 858 1533 quantusque,
872 1446 910 1509 et
924 1434 1046 1532 qualis
1063 1435 1112 1507 ab
1127 1434 1202 1507 alta

154 1550 178 1624 J
181 1576 304 1625 unone
324 1552 521 1650 excipitur,
541 1564 681 1639 tantus
700 1553 864 1650 talisque
880 1562 1008 1648 rogato
1128 1554 1200 1624 285

157 1667 234 1743 Det
251 1667 320 1740 tibi
339 1668 559 1766 complexus
573 1697 581 1757 ;
603 1693 747 1765 suaque
764 1679 850 1741 ante
864 1665 1025 1763 insignia
1039 1665 1202 1740 sumat.'’

155 1782 309 1856 Talibus
327 1781 493 1879 ignaram
512 1784 534 1856 J
538 1809 612 1857 uno
633 1784 842 1858 Cadmeida
858 1783 970 1855 dictis

155 1897 370 1972 Formarat:
398 1910 505 1994 rogat
522 1900 586 1973 illa
602 1898 626 1972 J
629 1924 736 1973 ovem
755 1901 835 1973 sine
854 1899 1003 1972 nomine
1021 1922 1175 1970 munus.

155 2013 228 2086 Cui
244 2014 361 2101 DeuS,
375 2022 399 2052 “
413 2014 557 2110 Elige,’'
570 2015 638 2103 ait3
657 2024 680 2053 “
690 2016 829 2089 nullam
840 2015 983 2114 patiere
995 2014 1200 2110 repulsam.

155 2128 315 2227 Quoque
327 2133 446 2227 magis
458 2133 604 2220 credas
619 2132 743 2230 stygii
756 2156 907 2230 quoque
921 2128 1074 2203 conscia
1087 2141 1203 2202 sunto

154 2245 322 2319 Numina
331 2246 505 2320 torrentis
519 2274 526 2321 :
540 2249 652 2321 timor
662 2260 700 2321 et
711 2249 816 2322 Deus
828 2248 890 2320 ille
904 2245 1111 2319 Deorum.’'
1127 2249 1198 2317 291

154 2361 259 2436 Laeta
269 2363 621 2462 mal0,nimiumque
632 2375 777 2462 potens,
787 2364 1027 2462 perituraque
1039 2360 1203 2435 amantis

152 2541 202 2590 xiii.
217 2544 273 2592 533.
291 2559 358 2604 postu
376 2545 444 2591 uuili.
474 2543 539 2591 Tulit
554 2548 651 2593 manbre
702 2546 772 2593 MSS.
783 2552 867 2610 preter
881 2543 949 2592 duos.
976 2545 1203 2606 Alta,magna,no·

152 2615 294 2677 exquisitius
304 2626 391 2680 quam,'
398 2615 502 2664 incessit.
701 2619 826 2668 bilissima.
863 2618 937 2665 Caesur
954 2619 1025 2673 ultus,
1037 2616 1073 2664 II.
1085 2618 1157 2664 Pont.
1168 2615 1204 2665 iii.

184 2692 241 2739 278.
266 2691 320 2753 Ipso
337 2707 454 2740 summam
474 2691 652 2740 similitudinem
703 2694 750 2752 633
768 2695 825 2741 Hor.
838 2693 885 2740 III.
898 2691 990 2739 Od.iv.
1019 2691 1151 2746 Formorat,
1166 2691 1202 2738 in·

152 2765 271 2829 exprimit.
304 2765 360 2814 Alia
382 2767 453 2814 Beroe
476 2766 503 2814 fit
523 2767 568 2815 Iris
588 2767 652 2831 apud
702 2775 826 2816 struxerat.
848 2766 904 2815 Vid.
916 2767 996 2815 Graev.
1007 2764 1038 2812 ad
1049 2764 1137 2814 Justin.
1147 2766 1203 2813 XX.

155 2839 290 2902 VIrgilium,
307 2841 404 2890 AEueid.
416 2857 439 2888 v.
454 2842 515 2899 620;
533 2842 581 2889 alla
599 2858 648 2890 rur·
701 2842 734 2890 iv.
748 2843 772 2889 3.

153 2929 200 2969 sus,
218 2913 309 2961 Oceani
323 2914 380 2972 filia,
397 2916 429 2964 G.
441 2915 474 2963 iv.
492 2917 530 2964 34.
547 2932 650 2965 comme·
732 2919 788 2966 291.
809 2916 885 2976 Timor
902 2926 923 2963 et
944 2917 1016 2971 Deos,
1033 2914 1095 2978 eto]
1117 2915 1201 2962 Ordo:

153 2996 264 3036 moratur.
323 3036 325 3040 ,
700 3005 722 3040 et
756 2993 796 3039 itte
823 2991 886 3038 Deus
921 2999 953 3037 cst
991 2992 1058 3036 timor
1091 2989 1202 3047 Deorum,

187 3063 243 3109 280.
255 3063 292 3109 Ad
304 3079 382 3110 nomen
395 3079 474 3111 umere
489 3063 572 3125 Iuvit]
591 3064 649 3112 Bre·
700 3065 763 3113 hunc
798 3079 893 3129 quoque
928 3063 970 3112 Dii
1003 3063 1085 3111 tImere
1114 3064 1202 3112 solent.

153 3133 213 3182 viter
223 3135 328 3198 Hygin.:
347 3138 457 3192 Alummu,
469 3146 519 3198 pete
529 3155 543 3183 a
553 3137 615 3193 Jove,
624 3147 652 3186 ut
701 3141 784 3188 Burm.

153 3211 185 3256 sic
195 3211 226 3256 od
238 3219 259 3256 te
269 3212 354 3266 ventat,
365 3213 550 3271 quemadmodum
562 3213 593 3259 od
606 3213 652 3260 Ju·
735 3216 791 3263 292.
805 3214 950 3276 Nimiumque
960 3213 1057 3274 potens]
1071 3211 1110 3260 Sic
1122 3227 1202 3259 rursus

154 3291 280 3338 nonemut
294 3285 359 3340 scias,
375 3300 423 3345 que
439 3286 542 3345 uoluptas
556 3287 585 3332 sit
601 3303 653 3333 cum
702 3296 805 3354 occupat
827 3295 938 3335 eventum
959 3286 1000 3334 rei.
1037 3286 1143 3333 Nimium
1161 3302 1203 3347 po-

154 3358 366 3406 Doocoucumbere.
393 3358 441 3406 Sed
450 3359 501 3407 hec
512 3367 592 3408 nostra
601 3375 652 3408 ora·
705 3374 762 3420 tem,
781 3362 879 3411 nimium
900 3363 983 3411 valens
1005 3361 1116 3426 precibus
1137 3360 1202 3424 apud

153 3431 186 3481 tio
197 3433 272 3480 multo
282 3433 358 3498 magis
369 3432 400 3481 ad
408 3433 538 3483 fallendum
546 3442 654 3484 osteum·
703 3438 798 3486 Jovem.
822 3436 928 3499 Obsequio
936 3438 1040 3484 amantis.
1051 3434 1204 3482 EtiamFast.

155 3505 241 3573 posita.
703 3511 735 3560 vi.
746 3513 809 3560 486:
829 3512 924 3558 Aruerat
941 3512 1040 3572 obsequio
1058 3508 1143 3556 Semele
1160 3508 1202 3555 Jo-

186 3585 243 3632 282.
261 3582 367 3631 Verbum
377 3584 452 3630 subtre
466 3591 547 3647 aptum
561 3581 654 3632 furtivis
703 3588 743 3634 uls.
761 3584 876 3649 Exposuit
886 3584 915 3632 de
926 3583 950 3631 h.
957 3600 980 3631 v.
989 3583 1072 3631 Burm.
1083 3581 1115 3630 ad
1125 3579 1203 3638 Quin-

155 3658 273 3707 amoribus
289 3666 314 3706 et
333 3657 457 3706 fallacibus
476 3657 596 3714 adulteris,
610 3658 650 3722 ju·
701 3660 738 3707 til.
749 3658 822 3708 VIII.
842 3659 902 3707 Inst.
915 3659 983 3706 Orat.
994 3655 1028 3704 iii.
1039 3658 1079 3705 85.
1110 3656 1204 3704 Veneris

154 3733 207 3782 dice
225 3734 309 3781 Burm.
338 3731 401 3780 Mihi
415 3747 470 3781 vero
483 3735 571 3781 subiere
588 3732 651 3780 idem
693 3735 775 3798 jadus
791 3737 858 3782 intre.
874 3732 987 3797 Apollod.
998 3730 1049 3789 οἶος
1065 3730 1125 3790 ἦλθε
1138 3748 1204 3795 μνη·

154 3823 205 3856 esse
224 3804 327 3862 videtur,
347 3806 411 3870 quod
428 3808 508 3864 intere,
528 3807 591 3872 quod
611 3805 651 3855 alii
701 3807 847 3873 στεύομενος4
862 3806 956 3871 Ἥραν.
994 3805 1060 3854 Infra
1080 3803 1123 3853 vii.
1145 3805 1204 3854 710.

154 3889 292 3946 agnoscunt,
303 3884 435 3930 intrarunt.
693 3883 787 3947 federa
804 3885 864 3931 lectt.
898 3883 961 3929 Dare
979 3897 1001 3928 se
1015 3882 1088 3928 allen-i
1099 3878 1160 3926 allas
1171 3878 1203 3927 de

188 3957 244 4004 283.
264 3957 316 4004 Esse
333 3956 403 4012 Jovis,
415 3957 506 4004 scilicet
517 3966 548 4012 tc,
560 3955 591 4004 de
604 3971 652 4020 qua
701 3957 814 4022 obsequio
828 3967 852 4006 et
869 3955 1039 4020 gratificatione
1050 3953 1146 4009 dicitur,
1157 3953 1202 4001 sed

156 4033 231 4081 forma
246 4029 358 4094 loquendi
373 4030 423 4079 vid.
438 4030 521 4079 Heius.
539 4031 571 4079 ad
589 4031 652 4080 Vell.
702 4031 803 4078 nuncde
812 4030 972 4096 amplexibus.
986 4026 1203 4091 Oppmmermlau*

154 4107 180 4155 ii.
189 4106 229 4152 88.
238 4103 302 4168 quod
313 4103 332 4151 si
343 4103 383 4151 cui
395 4103 477 4152 durius
487 4104 510 4153 b.
519 4106 537 4152 l.
549 4102 651 4160 videtur,
702 4105 757 4153 dere
770 4124 775 4151 :
790 4106 843 4154 vide
854 4106 970 4154 Buenom.
982 4103 1012 4151 ad
1023 4100 1203 4151 Iactantdmrt.

155 4180 256 4229 retineat
272 4178 357 4234 Jovem,
373 4177 436 4242 quod
458 4187 553 4227 tuentur
572 4195 652 4227 omnes
702 4197 726 4227 v.
741 4181 762 4226 I.
1120 4194 1123 4200 ·
