2812 5010
317 627 365 708 P.
396 627 595 710 OVIDII
623 629 886 717 NASONIS

120 845 1038 949 ,ΜΕΤΑΜΟΒΡΗΟΞΕΟΝ1

388 1074 558 1143 LIBER
586 1078 807 1145 PRIMUS.

500 1302 696 1355 -φ-
746 1266 748 1270 ’

78 1458 146 1556 ΙΝ
167 1507 266 1558 nova
281 1485 354 1560 fert
371 1488 517 1563 animus
534 1499 699 1563 mutatas
716 1489 842 1562 dicere
859 1487 996 1562 formas

78 1596 264 1697 Corpora.
307 1601 357 1673 Di
375 1603 522 1703 creptis,
542 1629 628 1677 nam
645 1629 711 1678 vos
729 1605 904 1678 mutastis
923 1614 962 1677 et
980 1603 1075 1691 illae,
1113 1620 1115 1627 '
1161 1706 1166 1715 ι

78 1713 283 1815 Adspirate
300 1721 407 1807 meis,
426 1722 622 1820 primaque
641 1722 688 1796 ab
706 1722 847 1819 origine
866 1719 996 1793 mundi

110 1951 358 2015 *Mummiam
375 1969 428 2003 *non
454 1955 578 2005 Metamor-
629 1954 803 2019 fitconspicua.
828 1953 914 2018 Itaque
929 1962 952 2004 et
967 1951 1024 2003 alibi
1040 1965 1128 2001 memo·

76 2025 164 2086 phoseos
181 2024 321 2091 inscriptum
337 2043 389 2076 esse
406 2028 450 2078 hoc
468 2045 528 2095 opus
547 2031 578 2080 ab
628 2036 673 2086 rat,
684 2028 798 2081 cecinisse
809 2043 844 2084 se,
856 2029 1058 2093 maturassemus,
1069 2033 1096 2075 ut
1106 2025 1129 2074 1.

79 2099 192 2156 Auctore,
206 2101 278 2149 MSS.
292 2101 441 2166 optimonrm,
457 2113 579 2154 auctorum
628 2102 725 2153 Tristi.
740 2104 792 2150 117.
804 2110 829 2150 et
837 2101 878 2151 vii.
890 2105 929 2151 13.
962 2103 1048 2167 Neque
1064 2099 1128 2148 male

78 2171 122 2221 troc
138 2189 235 2223 carmen
252 2174 409 2232 laudantium,
423 2176 538 2227 Planudis
553 2179 579 2227 in
629 2177 663 2226 sic
678 2178 790 2227 Groecum
804 2177 998 2242 μεταμορφώσεις
1009 2174 1077 2240 quasi
1092 2173 1129 2222 in-

80 2247 223 2312 metaphrasi
238 2249 334 2306 Greea,
349 2257 375 2298 et
389 2251 534 2309 Graecorum,
548 2253 579 2302 ad
628 2258 822 2317 terpretatusest.
849 2250 927 2298 Nimis
938 2257 1036 2314 anguste
1047 2250 1131 2297 Burm·

80 2336 180 2384 quorum
214 2321 370 2372 imitationem
402 2325 491 2375 Noster
527 2326 579 2376 haee
629 2341 701 2390 quem
720 2325 827 2389 sequitur
847 2324 1005 2381 Sehirachius,
1022 2324 1053 2372 de
1074 2323 1130 2372 solis

79 2393 189 2459 scripsit,
200 2395 314 2445 evincunt
338 2398 498 2456 auctoritates,
520 2415 580 2464 quas
629 2399 764 2449 hominibus
775 2399 876 2464 accipit3
888 2398 968 2446 insunt
978 2398 1041 2446 enim
1052 2406 1078 2447 et
1086 2397 1131 2446 ali·

81 2468 134 2518 vide
149 2485 189 2535 ap.
205 2471 291 2520 Heius.
318 2472 404 2537 Neque
422 2490 478 2524 usus
492 2474 580 2539 lingue
629 2489 696 2522 arum
712 2489 789 2523 rerum
805 2471 1010 2538 metamorphoses.
1042 2471 1131 2520 Ii’vero

82 2544 203 2608 permittit,
212 2547 485 2598 tottransformationum
496 2565 582 2616 corpus
630 2555 778 2612 argutantur,
790 2546 831 2611 qui
846 2555 939 2612 poetam
956 2546 1063 2594 consulto
1078 2561 1130 2594 ear-

81 2621 265 2682 metamorphosin
273 2637 367 2670 vocare.
631 2638 686 2670 men
704 2621 735 2670 de
753 2636 876 2687 corporum
893 2618 1096 2668 transformatione
1116 2634 1131 2668 a

114 2693 135 2741 1.
150 2693 204 2741 Fert
211 2695 322 2758 natm]
337 2695 420 2744 Intell.
428 2714 471 2754 ore,
479 2696 582 2765 impellit
632 2697 756 2746 verborum
771 2694 942 2760 permutatione
957 2708 1065 2742 exorsum
1079 2708 1130 2743 esre

80 2781 133 2827 me;
149 2768 213 2832 quod
224 2779 261 2817 est
272 2768 418 2834 simpliciter,
428 2771 490 2828 volo,
501 2771 580 2837 eupio.

81 2841 118 2890 Sic
136 2841 208 2890 etiam
230 2842 292 2892 intra
310 2859 359 2893 ver.
376 2846 440 2906 775;
456 2853 482 2894 et
498 2846 532 2896 A.
548 2845 580 2895 A.

81 2917 113 2966 iii.
122 2919 181 2966 467.
209 2917 319 2968 Aliorum
329 2928 451 2985 poetarum
464 2920 517 2970 loca
531 2922 581 2970 col·

81 2989 144 3056 legit·
155 2992 278 3041 Drakenb.
295 2992 326 3041 ad
344 2993 438 3050 Silium,
452 2993 510 3043 xvii.
524 2994 581 3044 294.

82 3064 111 3112 lo
129 3084 188 3115 aava
206 3077 308 3116 mutatas
316 3066 408 3132 ferrans
428 3086 522 3132 corpora
540 3086 582 3135 per

80 3139 226 3205 hypallagen
235 3140 327 3190 dictum
336 3143 478 3209 volunt,pro
488 3161 582 3206 corporo

81 3215 106 3261 r‘a
119 3231 188 3263 novos
194 3216 286 3278 sermm
300 3225 398 3273 mutata,
407 3225 436 3266 ut
446 3215 507 3266 dixit
516 3218 580 3267 Nos-

82 3295 124 3343 ter,
136 3289 172 3339 11.
183 3288 255 3337 Trist.
265 3291 323 3339 556.
348 3290 397 3339 Sed
407 3307 454 3340 non
465 3307 525 3358 opus
535 3300 580 3350 est,

630 2769 784 2819 contendunt.

663 2847 687 2894 2.
710 2845 743 2893 Dt
759 2843 914 2907 coeptis,etc.]
941 2843 1046 2893 Causam
1063 2843 1132 2892 affert

630 2919 757 2985 propriam,
768 2933 842 2983 quare
853 2916 897 2965 sibi
909 2933 956 2966 non
971 2933 1045 2965 unum
1059 2924 1084 2966 et
1096 2917 1131 2966 al·

630 3003 707 3042 tarum
726 2993 814 3049 Deum,
833 3007 880 3040 non
900 2993 997 3040 Musam
1016 2990 1132 3056 aliquam,

631 3070 673 3118 sed
683 3069 778 3118 omnino
789 3070 854 3117 Deos
864 3067 984 3132 adspirare
992 3067 1065 3127 velit3
1076 3083 1133 3117 auc·

632 3151 694 3191 tores
703 3143 766 3190 enirn
776 3157 853 3190 rerum
861 3140 1015 3190 dicendarum
1023 3141 1133 3190 fueruntz

631 3234 685 3264 rtem
696 3233 741 3272 vor,
748 3222 794 3263 etc.
826 3213 963 3263 Difficultas
973 3230 1046 3279 quam
1056 3224 1135 3265 movet

632 3291 712 3340 multis
721 3291 750 3340 τὸ
763 3299 793 3346 et,
806 3288 879 3346 sacili,
891 3288 980 3353 opinor,
988 3288 1079 3338 tollitur
1089 3305 1133 3338 ne-

81 3369 108 3409 ut
118 3362 149 3410 ad
159 3363 305 3429 hypallagen
320 3365 495 3430 confugiamus.
524 3367 581 3416 For·
632 3364 703 3430 gotio,
720 3365 740 3413 si
758 3363 899 3413 sententiam
914 3363 940 3410 in
956 3363 1019 3411 hunc
1039 3363 1135 3412 modum

80 3453 121 3485 mae
135 3453 199 3486 nunc
215 3447 271 3487 sunt
288 3455 385 3504 corpora
397 3440 456 3506 ipsa,
472 3457 520 3505 qua
536 3441 583 3491 for·
632 3440 767 3505 concipias:
786 3439 829 3496 Di,
840 3446 943 3487 vestrum
955 3445 992 3486 est
1009 3453 1047 3485 me
1066 3437 1135 3502 adju-

80 3527 144 3559 mam
162 3511 262 3568 habent,
284 3513 398 3571 utinfra,
414 3531 463 3564 ver.
476 3516 540 3576 4363
556 3525 581 3565 et
632 3530 695 3571 vare,
717 3511 910 3579 quandoquidem
930 3527 973 3560 vos
994 3525 1041 3558 non
1063 3510 1135 3559 modo

81 3602 121 3633 xv.
137 3587 193 3634 172.
204 3589 285 3649 species
295 3594 319 3636 et
321 3589 417 3654 figora.
445 3589 530 3639 Noluit
544 3590 581 3638 di·
631 3596 718 3637 caetera
742 3587 831 3652 regitis,
852 3601 933 3634 verum
954 3587 1024 3632 ettam
1049 3583 1135 3634 formas

81 3674 148 3716 cere‚·
161 3675 260 3724 corpora
280 3660 357 3725 prisca
375 3669 466 3711 mutata
484 3678 536 3712 esse
556 3665 581 3712 in
631 3662 685 3711 illas
700 3661 818 3717 mutastis,
828 3676 887 3725 quas
905 3674 950 3720 ego
969 3658 1013 3706 hoc
1030 3657 1135 3708 carmine

80 3749 149 3790 nova,
168 3743 210 3783 aut
227 3735 327 3784 formam
342 3735 441 3801 priorem
458 3737 484 3785 in
501 3737 581 3795 aliam,
632 3751 767 3800 persequar.
788 3734 834 3782 Cui
845 3733 890 3781 hoc
902 3731 1021 3797 displicet,
1031 3730 1135 3780 iselec·

80 3808 121 3856 sed
132 3809 212 3874 posuit
226 3809 298 3858 verba
313 3809 369 3867 duo,
381 3827 434 3875 qum
449 3811 533 3860 eodem
546 3829 582 3860 re·
633 3809 703 3858 tionis
713 3809 826 3857 varietate
838 3807 947 3872 praeserat
957 3808 1052 3854 eosdem.
1078 3806 1104 3854 N
1105 3822 1136 3874 on

79 3881 163 3931 deunt.
193 3883 226 3932 Et
242 3883 328 3933 maluit
344 3886 430 3934 formas
446 3889 472 3934 tn
491 3903 583 3948 empore
632 3885 693 3932 bene
705 3883 887 3949 Koeppen.oum
898 3890 919 3929 et
930 3879 1053 3946 conjunxit
1064 3889 1135 3946 atque

79 3967 190 4014 mutatas,
205 3973 280 4022 quarn
297 3958 407 4014 alterum,
423 3959 508 4024 partim
527 3960 585 4025 qnia
619 3971 677 4023 'per
687 3960 769 4006 etenim
779 3954 902 4023 explicuit.

79 4029 140 4080 illud
160 4031 302 4096 exquisitius
322 4040 347 4081 et
364 4033 440 4099 magis
457 4035 584 4100 poeticum,
667 4032 691 4080 3.
708 4033 829 4093 Adspirate
837 4031 910 4094 meta]
931 4029 1030 4087 Adeste,
1042 4031 1139 4092 favete3

79 4105 167 4230 pmii&
177 4107 235 4230 qqila
245 4107 345 4158 mutatio
355 4109 428 4159 terma
436 4108 584 4175 potissimum
635 4105 773 4233 metaphoga
780 4113 875 4172 sumpta
886 4103 1075 4169 enavigantibus
1083 4104 1137 4169 qui·

162 4182 190 4229 L.
229 4183 250 4230 I.
