2812 5010
337 382 339 386 Α
379 321 849 393 METAMORPHOSEON
874 320 965 386 LIB.
986 319 1017 385 Ι.
1175 319 1218 384 81

222 496 301 571 ΙΙΙ.
334 496 369 569 N
374 521 441 571 eve
459 495 554 570 foret
571 497 679 570 terris
694 496 860 570 securior
878 496 1017 570 arduus
1035 494 1164 579 aether,

174 613 399 687 Adfectasse
416 613 542 686 serunt
559 637 716 710 regnum
734 613 888 688 coeleste
908 613 1113 710 Gigantas3

175 728 342 826 Altaque
360 738 561 826 congestos
575 730 759 806 struxisse
777 731 826 805 ad
843 732 967 805 sidera
984 737 1144 802 montes

176 845 272 918 Tum
292 857 401 944 pater
419 847 655 945 omnipotens
674 846 789 922 misso
807 847 986 947 perfregit
1004 845 1212 943 Olympum

177 961 363 1049 Fulmina,
382 972 422 1036 et
439 962 610 1036 excussit
624 964 799 1061 subjecto
817 963 952 1037 Pelion
972 961 1093 1034 Ossae.
1157 963 1227 1035 155

179 1077 329 1150 Obruta
342 1079 440 1152 mole
459 1102 527 1153 sua
544 1102 662 1176 quum
680 1102 836 1177 corpora
853 1079 934 1152 dira
947 1080 1137 1176 jacerent3

206 1270 566 1334 151—162.Nevef0ret,etc.]
587 1271 677 1337 Gigart-
727 1279 819 1320 montes
841 1271 871 1319 ab
890 1270 920 1318 iis
938 1269 969 1318 ad
988 1269 1077 1318 eoelum
1097 1275 1228 1316 exstructos

175 1345 296 1400 tomachia,
311 1359 383 1408 quarn
400 1344 488 1392 Noster
504 1345 586 1409 paucis
603 1352 678 1394 trans·
727 1344 834 1409 lingeret.
851 1345 977 1401 Nemeto.
993 1342 1032 1390 Sic
1043 1341 1165 1390 commode
1176 1341 1228 1390 haec

175 1416 255 1474 mittit,
266 1417 386 1466 Hesiodus
396 1417 590 1482 planeneglexit.
618 1420 678 1477 Qua
728 1416 1098 1468 annectunturantecedentibus.
1125 1415 1229 1473 Arduus,

176 1491 273 1540 Homer.
287 1491 335 1540 Od.
345 1492 372 1540 λ.
385 1493 514 1551 304-19;
537 1491 650 1557 Apollon.
663 1492 680 1542 i.
728 1492 798 1556 longe
809 1500 912 1540 remotus
927 1508 942 1540 a
955 1489 1030 1539 turbis
1040 1488 1145 1546 terrenis,
1157 1497 1229 1554 atque

176 1567 240 1626 484;
268 1566 606 1631 Virg.Georg.i.280—83;
626 1566 680 1616 Col.
728 1568 800 1617 etiam
824 1566 927 1616 difficilis
952 1565 1078 1614 adscensu.
1112 1565 1230 1613 Fecerunt

177 1641 233 1689 AEn.
242 1641 275 1690 vi.
284 1643 350 1702 580;
367 1641 480 1706 Apollod.
491 1641 512 1688 I.
522 1641 562 1689 vii.
572 1643 596 1689 4.
604 1643 679 1691 Otum
728 1651 808 1691 autem
826 1641 870 1689 hoc
888 1641 996 1706 gigantes
1016 1639 1119 1704 impulsu
1139 1640 1229 1698 matris,

177 1723 199 1762 et
203 1715 352 1782 Ephialtem,
360 1715 417 1764 Aloi
423 1714 492 1771 filios,
501 1723 591 1764 statura
597 1731 679 1781 corpo·
728 1716 854 1766 invidentis
863 1715 978 1765 coelicolis
987 1730 1096 1778 regnum.
1131 1713 1229 1765 Fulmen

176 1788 359 1854 risprodigiosa,
366 1805 469 1855 parasse,
477 1798 510 1847 et,
517 1791 561 1838 nisi
568 1792 598 1839 ab
605 1791 679 1857 Apol·
730 1790 846 1856 Cyclopes
856 1789 911 1839 Jovi
924 1790 949 1838 in
963 1786 1143 1836 Titanomachia
1158 1786 1229 1836 mini·

176 1863 222 1912 line
238 1865 333 1928 sagittis
344 1864 430 1914 confixi
440 1873 526 1923 essent,
537 1865 681 1930 perfecturos
729 1872 858 1914 straverant
879 1862 973 1929 (Apoll.
993 1862 1015 1911 Ι.
1031 1861 1056 1909 ii.
1081 1864 1101 1909 1.
1111 1859 1131 1923 ;)
1153 1877 1229 1926 eoque

177 1937 247 1986 luisse
263 1938 378 1995 scribunt,
396 1954 426 1987 ea
440 1939 527 1987 Noster
545 1939 593 1995 hic,
608 1946 681 2003 atque
729 1956 771 2003 pro
791 1939 846 1988 telis
865 1938 952 1988 deinde
972 1938 998 1986 in
1019 1937 1127 1986 omnibus
1143 1927 1231 2002 pugnis'

178 2010 240 2059 Fast.
258 2029 282 2060 v.
301 2013 341 2061 35.
363 2029 379 2061 a
396 2011 535 2078 Gigantibus
552 2013 615 2061 lacta
630 2027 684 2061 esse.
730 2027 786 2060 usus
796 2019 840 2061 est.

178 2095 263 2134 narrat.
297 2087 389 2135 Verum
417 2087 532 2152 Gigantas
555 2088 679 2152 Γηγενεῖς,
763 2088 818 2135 152.
837 2086 1063 2152 Adfeetusrsferunt
1076 2103 1173 2151 reguum
1187 2105 1231 2138 οω-

180 2160 325 2226 Terrigenas,
338 2178 397 2226 quos
407 2161 487 2218 Terra,
499 2161 625 2226 indignans
640 2164 682 2212 Jo·
731 2163 784 2210 leste
804 2160 937 2225 Gigantas]
970 2159 1081 2208 Similiter
1107 2160 1171 2208 Fast.
1197 2161 1232 2211 iii.

180 2234 200 2281 vi
215 2237 247 2283 ob
261 2237 360 2285 Titanas
373 2237 399 2285 in
414 2237 538 2285 Tartarum
555 2237 681 2302 conjectos,
731 2238 793 2285 439:
812 2237 866 2284 Post
881 2253 945 2284 uiuos
960 2237 1039 2284 coelum
1054 2235 1170 2299 assutae
1185 2237 1229 2285 Gi·

179 2325 206 2357 ex
215 2311 316 2359 Tartaro
326 2311 426 2376 peperit,
440 2319 464 2359 et
475 2327 576 2376 quorum
587 2312 683 2361 nomina
730 2321 827 2376 guttam
855 2320 879 2359 et
899 2310 968 2358 Pont.
985 2309 1031 2358 IV.
1048 2309 1092 2372 Ep.
1112 2307 1160 2357 viii.
1177 2311 1226 2358 59:

179 2384 258 2433 Schol.
280 2385 380 2433 Hesiod.
399 2386 431 2434 ad
448 2385 493 2434 Tb.
514 2387 568 2435 185.
587 2385 682 2450 Hygia.
731 2386 983 2451 Adfectaatescoelestiu
995 2401 1066 2448 regau
1078 2383 1199 2448 Gigantas.

179 2467 283 2522 presert.
293 2476 319 2523 p.
332 2461 355 2507 3.
365 2459 461 2516 habent,
472 2460 550 2524 potius
562 2459 586 2508 in
597 2461 681 2508 Maca·
766 2463 819 2509 155.
836 2459 962 2522 saljada]
982 2456 1099 2516 Quoniam
1116 2473 1164 2505 non
1180 2473 1230 2507 mo-

179 2530 249 2580 douia
261 2548 320 2581 saxa
335 2541 407 2597 atque
421 2549 533 2582 accensas
549 2534 642 2582 arbores
656 2533 682 2583 in
731 2533 762 2581 do
777 2533 841 2598 apud
856 2534 926 2580 Hom.
944 2540 1015 2596 atque
1034 2531 1138 2595 Propert.
1157 2530 1192 2579 ΙΙ.
1211 2532 1230 2582 1.

179 2605 267 2652 coelum
274 2605 393 2669 jaculatos
406 2623 456 2656 esse
468 2616 539 2671 atque
554 2607 682 2656 aCoelico-
734 2610 771 2657 19.
789 2608 832 2656 sed
849 2606 920 2655 etiam
938 2605 1002 2672 apud
1019 2605 1130 2654 Nostrum
1149 2605 1231 2657 Amor.

179 2676 215 2734 lis,
227 2679 333 2728 Hercule
346 2681 371 2730 in
386 2681 523 2730 societatem
536 2681 634 2739 adscito,
645 2681 681 2731 in·
732 2683 767 2730 ΙΙ.
782 2682 798 2730 1.
817 2681 855 2728 13.
873 2688 963 2728 montes
977 2679 1012 2726 1111
1028 2678 1062 2726 sic
1077 2679 1231 2738 collocantur,

179 2753 299 2809 terfectos,
314 2753 355 2802 alii
371 2755 475 2812 tradunt,
490 2764 517 2805 ut
533 2754 615 2820 Eurip.
629 2756 682 2804 Ion.
733 2766 760 2804 ut
776 2754 878 2803 maximo
900 2754 1002 2817 Olympo
1019 2752 1095 2799 minor
1116 2751 1185 2810 Ossa,
1207 2761 1232 2803 et

180 2828 310 2887 206—183
327 2827 440 2893 Apollod.
448 2827 465 2876 i.
472 2829 496 2876 6.
512 2828 598 2893 Itaque
609 2829 681 2878 Ovid.
699 2871 704 2881 ,
732 2830 786 2879 huic
807 2828 919 2877 minimus
939 2825 1023 2875 Pelion
1042 2826 1164 2891 impositus
1183 2827 1232 2889 sit;

179 2899 239 2948 duos
259 2900 364 2951 diversos
388 2903 482 2967 mythos
508 2902 631 2964 conludit;
657 2903 683 2953 in
731 2912 855 2970 propterea
875 2919 917 2952 nos
935 2918 982 2949 non
1001 2899 1160 2951 dubitavimus
1181 2919 1233 2952 am·
1291 2947 1301 2957 ,

180 2991 226 3039 quo
244 2975 304 3024 sorte
320 2985 426 3025 auctores
440 2977 532 3035 habuit,
544 2986 584 3026 aut
595 2977 682 3027 Phere-
732 2977 806 3041 plecti
816 2978 872 3025 lect.
883 2977 1009 3024 multorum
1022 2976 1092 3024 MSS.
1107 2991 1136 3023 ex
1152 2984 1233 3026 vetus-

179 3049 265 3112 cydem
282 3058 307 3098 et
318 3050 466 3108 Acusilaum‚
482 3052 523 3117 qui
538 3052 580 3100 illa
597 3052 682 3116 attige·
733 3051 838 3108 tioribus,
848 3067 920 3116 quam
936 3049 1008 3097 etiam
1021 3048 1105 3097 Barth.
1116 3048 1147 3097 ad
1161 3049 1232 3100 Statii

179 3131 240 3178 rant,
252 3132 295 3172 aut
306 3124 394 3190 priscos
406 3137 497 3191 poetas,
508 3124 550 3190 qui
567 3125 683 3189 Gigantu-
731 3126 808 3174 Theb.
820 3144 843 3175 x.
854 3127 911 3174 846.
920 3125 1013 3189 probat,
1024 3132 1048 3171 et
1057 3139 1072 3172 a
1081 3139 1129 3188 qua
1139 3132 1232 3176 tanturn

181 3196 288 3245 machias
302 3197 452 3263 scripserant.
469 3199 554 3248 Horat.
571 3200 620 3247 111.
634 3199 682 3248 Od.
732 3200 757 3249 in
772 3199 865 3264 syntaxi
881 3200 989 3247 aberrant
1004 3197 1101 3245 secund.
1117 3197 1195 3247 Palat.
1208 3205 1234 3248 et

181 3268 212 3316 iv.
235 3272 343 3320 49-63.
363 3272 456 3336 mythos
476 3273 529 3321 illos
549 3272 682 3337 distinguit.
732 3273 945 3337 unusBersm.qui
961 3271 1156 3334 hahentsuhjecto
1171 3272 1233 3322 Pett-

181 3343 209 3391 In
218 3345 347 3394 Claudiani
357 3346 557 3410 Gigantomachia
568 3347 683 3412 Gigantes
733 3365 762 3396 ors
775 3349 837 3396 Ossa.

180 3426 204 3464 et
215 3418 259 3466 hos
270 3427 296 3466 et
304 3419 363 3468 alios
373 3431 463 3470 montes
471 3421 617 3486 jaculantur.
635 3423 683 3472 Vix
768 3425 823 3472 156.
852 3422 949 3482 Corpora
973 3419 1046 3482 dira]
1074 3421 1149 3468 Erant
1169 3420 1233 3470 enim

181 3491 280 3540 dubium
297 3502 377 3542 autem
391 3504 435 3551 est,
449 3496 507 3559 quin
522 3495 639 3561 Olympus
652 3499 683 3546 ab
734 3496 846 3546 immania
860 3506 971 3551 monstra,
986 3494 1073 3559 quibus
1089 3503 1165 3542 mater
1185 3503 1232 3544 sta·

181 3566 244 3614 Ossa
264 3575 332 3616 terrae
354 3577 421 3618 motu
441 3572 548 3619 revulsus
571 3571 685 3635 originem
734 3580 811 3620 turam
839 3570 968 3634 ingentem,
995 3578 1107 3617 centenas
1140 3583 1232 3625 manus,

181 3641 270 3690 sabula
291 3643 397 3692 dederit:
424 3646 517 3701 Strabo,
534 3645 567 3694 ix.
585 3662 609 3710 p.
627 3647 683 3696 658.
734 3645 903 3710 quinquagena
921 3643 1009 3708 capita,
1028 3652 1053 3691 et
1068 3658 1109 3707 pro
1126 3642 1233 3691 cruribus

181 3715 300 3780 Gigantes
314 3726 394 3766 autem
409 3718 480 3767 luisse
489 3718 599 3768 videntur
609 3719 685 3769 homi·
735 3735 823 3782 angues
833 3718 946 3766 dederat:
965 3718 1028 3765 Fast.
1040 3733 1062 3763 v.
1073 3718 1112 3764 35.
1137 3716 1176 3764 De
1186 3717 1235 3766 lor·

182 3804 224 3836 nes
238 3789 330 3838 viribus
345 3792 461 3848 valentes,
475 3792 565 3841 seroces
582 3801 606 3841 et
622 3793 684 3842 inso-
734 3809 773 3841 ma
787 3793 829 3841 illa
844 3792 983 3856 symbolica,
995 3791 1041 3840 vid.
1057 3791 1137 3853 Heyn.
1163 3792 1233 3840 Auti-

181 3860 258 3912 lentes
267 3864 349 3912 tamin
358 3865 684 3930 Deum,quaminhomines;
732 3869 866 3930 quarischsrt
889 3867 1036 3932 Aufsaetreu,
1057 3874 1076 3914 t.
1099 3865 1124 3914 ii.
1144 3883 1170 3932 p.
1191 3867 1233 3917 58.

182 3951 283 3999 quorum
310 3939 423 3989 ferociam
449 3940 527 4005 prisca
553 3949 619 3997 atas,
640 3941 684 3988 sub
735 3943 796 3990 Mole
815 3941 1002 4000 summatibus
1021 3957 1078 3990 ase
1097 3942 1232 3991 exstructis.

182 4028 266 4060 sensus
277 4012 357 4060 omnia
367 4028 465 4068 vocans,
477 4012 511 4061 sic
525 4014 648 4078 expressit,
659 4022 686 4062 ut
734 4018 816 4064 Senee.
825 4016 923 4082 Thyest.
931 4031 978 4064 ver.
991 4017 1061 4064 1084.
1072 4015 1097 4064 1ιί
1107 4024 1154 4064 tres
1168 4033 1235 4066 mon-

184 4102 283 4150 corpora
293 4085 414 4143 immania,
425 4095 450 4135 et
460 4088 536 4136 multa
545 4087 651 4143 brachia,
661 4087 686 4135 in
735 4099 770 4138 tes
781 4099 894 4139 vocantur
905 4094 1029 4153 tergemino
1040 4093 1113 4139 molas.

183 4159 271 4223 quibus
287 4160 356 4210 sedes
371 4162 468 4219 roboris,
483 4160 512 4211 iis
525 4161 601 4218 daret,
615 4171 686 4227 atque
