2812 5010
175 346 241 412 xliv
568 341 827 408 PRAEFATIO

176 518 356 603 subjicitur,
371 514 515 581 armarat
528 515 622 580 Deua
640 516 732 592 idem,
748 515 890 598 idemque
909 512 1087 578 cremarat:
1102 513 1224 579 Vulca-

175 660 237 701 nus
263 658 351 700 arma
373 636 443 720 ejus
465 634 688 712 fabricaverat,
708 646 741 699 et
763 635 846 720 ignia
864 657 982 719 corpus
1005 637 1075 719 ejus
1095 636 1224 700 absum-

177 764 273 819 serat.
308 751 478 837 Halcyone
498 754 603 816 mariti
625 752 828 838 naufragium
850 764 1008 830 metuens
1025 763 1059 817 et
1081 753 1222 838 graviter

177 872 301 948 dolens,
316 872 359 935 xi.
377 871 457 934 700:
480 871 576 934 Nunc
595 870 708 934 abacos
724 892 836 955 pereo,
849 871 964 954 jactor
977 893 1057 933 nunc
1066 871 1224 956 flactibus

176 992 299 1068 abacos,
316 990 364 1054 Et
384 990 452 1053 sine
467 1012 516 1052 me
534 1011 583 1052 me
593 997 713 1073 pontus
735 982 852 1062 hoben-
874 1010 947 1072 quae
968 988 1104 1073 argutiae
1120 987 1222 1052 multo

175 1108 351 1174 deteriores
376 1109 472 1172 etiam
497 1118 572 1171 sunt
593 1107 665 1185 illis,
682 1130 763 1193 quas
782 1107 919 1171 Thisbae
942 1108 1065 1172 tribuit.
1111 1107 1222 1171 Etiam

175 1230 209 1293 in
229 1227 302 1292 lusu
316 1228 490 1291 verborum
512 1224 640 1290 lascivia
661 1227 731 1311 ejus
751 1227 869 1310 passim
887 1225 1128 1290 cernitur-xi.
1144 1226 1221 1303 484,

175 1348 259 1426 loco,
274 1371 339 1434 quo
354 1348 461 1412 studia
475 1357 645 1411 nautarum
662 1345 695 1409 in
709 1346 957 1430 praesentissimo
972 1344 1115 1429 periculo
1130 1367 1223 1430 egre·

176 1466 228 1551 gie
257 1476 421 1540 notantur,
450 1463 553 1550 egerit
583 1463 635 1526 hic
661 1463 794 1548 fluctuo,
824 1485 993 1548 aequorque
1021 1463 1162 1548 refundit
1190 1465 1223 1526 in

176 1584 396 1668 requam—xii.
422 1583 496 1658 493,
521 1581 658 1645 Caeneus
683 1603 792 1645 ensem
817 1582 944 1665 corpori
970 1580 1078 1644 hostili
1106 1581 1226 1646 irmnis·

177 1724 248 1765 sum
265 1724 362 1764 manu
379 1723 509 1764 versans
530 1701 640 1763 vulnus
660 1700 693 1763 in
717 1700 843 1763 aulone
850 1699 947 1783 fecit.
995 1698 1106 1784 Atque
1129 1721 1223 1783 repe·

176 1823 288 1899 titione
300 1823 470 1885 verborum
484 1820 594 1904 inepta
608 1818 781 1903 saepissime
796 1818 890 1894 ludit,
906 1841 1010 1902 eaque
1019 1827 1109 1881 tanto
1120 1818 1222 1902 magis

177 1938 324 2016 offendit,
344 1939 474 2022 quando
493 1940 526 2002 in
547 1938 659 2003 eadem
678 1937 788 2001 fabula
812 1937 884 2021 plus
904 1936 1003 2000 semel
1026 1937 1223 2001 occurrit.-

177 2061 218 2121 iv.
237 2057 392 2121 170-195:
420 2056 514 2141 Cepit
532 2078 622 2120 amor
641 2057 766 2120 Solem:
788 2056 874 2119 Solis
897 2057 1068 2141 reseremus
1087 2079 1221 2121 amores.

177 2178 306 2241 Primus
324 2176 395 2240 Hic
412 2177 528 2239 cidisse
544 2177 660 2239 Deos:
681 2175 766 2239 videt
784 2175 836 2238 laic
855 2175 948 2239 Deus
965 2175 1069 2238 omnio
1083 2176 1221 2260 primos.

181 2297 214 2359 T
210 2305 296 2360 cotos
315 2295 369 2379 qui
388 2295 471 2358 Iresit
490 2316 623 2369 amores,
639 2293 747 2357 Laedit
762 2315 869 2357 amore
883 2294 974 2377 pari.
1026 2294 1104 2357 Tuis
1118 2317 1224 2358 omnes

178 2414 233 2498 qai
256 2423 360 2477 terras
385 2413 512 2499 ignibus
534 2414 612 2489 uris,
636 2414 747 2478 Ureris
766 2415 841 2500 igne
862 2436 958 2488 noum·
981 2415 1096 2498 quique
1118 2414 1224 2478 omnia

170 2538 304 2595 'cernere
314 2533 418 2607 debes,
430 2531 628 2594 Leucothoen
636 2540 773 2615 spector.
798 2529 961 2595 Puerilem
970 2531 1221 2596 adfectationem

175 2650 237 2712 ista
250 2648 387 2725 habent3
410 2649 443 2711 in
458 2649 575 2732 quibus
590 2658 697 2712 tamen
712 2647 870 2732 placuisse
886 2649 947 2713 sibi
961 2660 1059 2734 poeta
1074 2650 1221 2714 videtur:

176 2787 281 2849 neque
293 2765 375 2829 adeo
386 2787 460 2828 eum
471 2775 551 2848 puto
563 2775 761 2832 resecturum
776 2765 874 2831 fuisse
886 2765 972 2842 talia,
985 2767 1012 2830 si
1022 2765 1072 2830 vel
1084 2768 1223 2832 maxime

175 2893 349 2947 retractare
375 2906 457 2967 opus
480 2885 648 2968 potuisset.
693 2883 841 2969 Rogatus
867 2886 952 2950 enim
975 2883 1159 2970 aliquando,
1184 2896 1222 2950 ut

177 3001 311 3076 Seneca,
327 2999 473 3066 Declam.
493 3004 525 3065 ii.
544 3003 655 3081 refert,
675 3005 717 3069 ab
735 3005 855 3082 amiciS,
871 3016 907 3070 ut
924 3004 1053 3069 tolleret
1070 3015 1135 3069 tres
1150 3028 1223 3070 ver-

175 3141 240 3194 sus,
261 3119 373 3202 petivit
395 3119 540 3196 invicem,
560 3130 597 3184 ut
620 3131 685 3185 tres
704 3124 880 3206 exciperet,
902 3123 935 3186 in
954 3146 1036 3206 quos
1059 3122 1121 3188 ile
1140 3122 1222 3186 nihil

174 3235 295 3301 liceret.
331 3236 598 3322 conscripserant
612 3239 668 3316 illi,
684 3263 765 3325 quos
781 3240 849 3304 tolli
864 3240 1002 3318 vellent3
1019 3251 1143 3305 secreto
1154 3241 1220 3320 hic,

61 3360 64 3366 “
176 3376 257 3453 quos
283 3363 371 3418 tutos
394 3376 465 3419 esse
480 3355 585 3421 vellet.
631 3358 670 3420 In
694 3359 838 3443 utrisque
861 3359 1014 3424 codicillis
1037 3360 1134 3423 iidem
1151 3383 1223 3424 ver-

175 3494 228 3535 aus
253 3481 355 3548 erant,
378 3473 550 3558 inquibus
575 3477 828 3564 Semibovemque
850 3480 960 3555 virum,
983 3480 1222 3563 semivirumque

174 3591 291 3666 bovem,
312 3600 359 3666 et,
372 3592 544 3678 Egelidum
558 3596 700 3672 Borean,
714 3583 946 3684 Egelidomquc
959 3599 1088 3662 Notum.
1126 3599 1222 3662 Non-

175 3707 263 3772 nulla
285 3731 350 3773 non
373 3709 589 3794 amplificavit,
612 3713 670 3777 sed
695 3714 917 3800 prodigialiter
942 3715 1041 3779 auxit.
1088 3713 1127 3778 ln
1152 3738 1219 3800 quo

174 3847 294 3909 genere
306 3836 381 3889 sunt
393 3849 525 3912 serpens
541 3829 654 3893 Cadmi
668 3842 701 3894 et
716 3831 953 3895 Erisichthonis
964 3831 1073 3898 fames.
1105 3831 1221 3899 Prodi·

173 3944 262 4027 gium
282 3945 366 4008 enim
389 3959 448 4022 est,
469 3949 612 4032 quodque
635 3949 765 4013 urbibus
786 3971 865 4025 esse,
884 3949 1038 4033 Quodque
1061 3951 1143 4015 sotis
1156 3973 1221 4035 po-

169 4062 249 4145 pulo
260 4071 400 4146 poterut,
415 4086 475 4128 noa
489 4065 606 4152 afficit
620 4068 684 4130 oni.

98 4176 99 4179 ’
218 4179 256 4241 In
277 4181 470 4247 orationibus
487 4195 651 4268 spectatur
668 4186 743 4264 hoc,
759 4197 795 4249 ut
814 4208 879 4251 non
897 4185 1000 4251 solum
1017 4185 1149 4250 consilio
1172 4186 1221 4249 di-
