2812 5010
358 330 825 398 METAMORPHOSEON
850 332 1033 398 LIB.111.

1151 337 1215 402 251

221 507 293 581 VI.
315 504 479 603 Cognita
488 531 547 581 res
559 506 731 580 meritam
740 506 814 580 vati
829 531 895 604 per
902 507 1093 581 Achaidas
1102 511 1214 584 urbes

172 623 366 698 Attulerat
381 622 539 712 famam;
561 647 772 720 nomenque
791 632 870 696 erat
888 624 1037 720 auguris
1056 624 1188 721 ingens
1203 654 1213 716 ;

174 738 330 837 Spernit
345 737 572 812 Echionides
591 749 718 812 tamen
735 739 848 824 hunc,
861 764 910 812 ex
928 739 1100 813 omnibus
1119 764 1215 815 unus

176 855 1113 955 ContemptorSuperum,Pentheus;praesagaque
1121 857 1218 930 ridet

175 969 303 1044 Verba
315 971 432 1058 senis;
449 970 701 1067 tenebrasque
713 980 751 1043 et
762 969 907 1043 cladem
920 971 1015 1044 lucis
1030 972 1216 1069 ademptae

178 1085 344 1182 Objicit:
373 1087 435 1167 ille
454 1111 606 1160 movens
621 1087 787 1160 albentia
803 1098 973 1185 tempora
990 1088 1106 1173 cunia,
1143 1092 1215 1162 516

177 1209 202 1238 “
221 1200 345 1284 Quam
362 1202 453 1276 felix
470 1228 586 1289 esses,
607 1205 638 1276 si
656 1214 696 1276 tu
715 1228 867 1300 quoque
885 1203 1035 1276 luminis
1053 1203 1165 1300 hujus

209 1434 349 1482 511-733.
379 1435 476 1500 Cognita
500 1452 535 1483 res
559 1438 670 1492 meritum,

176 1507 239 1571 etc]
262 1510 381 1566 Bacchus,
399 1526 506 1559 ememus
521 1512 608 1560 multas
625 1520 671 1560 ter-

174 1595 222 1637 ras,
241 1581 336 1631 Thebas
358 1583 431 1632 venit.
467 1583 587 1632 Pentheus
608 1600 670 1641 vero,

177 1654 291 1704 Echionis
308 1656 379 1714 filius,
393 1656 479 1706 Cadmi
493 1675 522 1706 ex
534 1657 616 1722 Agave
631 1674 671 1706 ne-

175 1743 228 1792 pus,
245 1728 284 1776 cui
304 1730 409 1778 Cadmus
427 1731 551 1795 imperium
569 1731 672 1781 tradide-

176 1808 223 1858 rat,
232 1817 309 1866 quum
321 1819 389 1852 sacra
398 1820 459 1853 nora
469 1803 576 1869 accipere
586 1805 670 1861 nollet,

176 1874 349 1941 Bacchumque
364 1877 423 1926 adeo
433 1877 564 1926 interficere
574 1894 670 1929 conare·

176 1948 371 2007 tur,dilaceratus
381 1960 418 1999 est
428 1952 458 2000 ab
466 1952 551 2016 Agave
562 1960 586 2001 et
597 1969 670 2003 soror·

177 2023 241 2081 ibus,
253 2039 313 2089 quas
326 2025 436 2074 Bacchus
451 2042 506 2074 eum
521 2025 546 2074 in
559 2027 629 2075 finem
648 2030 673 2080 in

176 2098 281 2147 furorem
299 2098 417 2164 adegerat.
443 2101 555 2149 Tractata
571 2110 608 2150 est
623 2103 674 2154 haec

177 2171 263 2220 fabula
277 2181 331 2237 post
349 2173 500 2239 AEschylum,
522 2175 589 2240 cujus
612 2177 673 2227 Pen-

177 2245 250 2294 theus
259 2244 355 2303 interiit,
363 2247 394 2295 ab
404 2246 518 2312 Euripide
528 2247 552 2295 in
563 2250 674 2301 Bacchis.

177 2319 278 2368 Habent
288 2335 342 2368 eam
352 2319 465 2384 Apollod.
477 2320 527 2370 HI.
538 2337 563 2369 v.
573 2324 604 2382 25
621 2324 672 2389 Hy-

176 2392 227 2456 gin.
238 2393 287 2441 fab.
299 2395 362 2452 184;
379 2393 488 2443 Philostr.
499 2394 568 2442 Iuon.
579 2395 601 2445 Ι.
627 2397 671 2446 Ar-

176 2465 250 2530 tingit
266 2465 339 2514 etiam
348 2467 466 2516 lbeocrit.
475 2468 521 2516 'Id.
532 2469 572 2517 26.
599 2471 639 2520 cf.
649 2481 673 2520 et

177 2540 262 2588 Senec.
269 2539 327 2588 (Ed.
336 2540 474 2591 lor-soa.
484 2549 509 2589 et
518 2541 619 2591 similem
626 2544 673 2593 loc.

177 2612 245 2679 apud
255 2613 342 2677 Virgil.
349 2616 407 2662 AEn.
419 2614 461 2664 vii.
475 2617 522 2665 385
533 2631 585 2681 sqq.
619 2619 673 2668 Sine

177 2686 252 2736 dubio
267 2682 398 2745 Pentheus,
413 2704 486 2752 quum
499 2689 601 2738 furorem
610 2693 673 2741 Bac-

177 2759 282 2816 chicum,
297 2759 339 2824 qui
351 2768 417 2829 ¹totas
433 2760 551 2810 interdum
567 2764 674 2815 civitates

178 2834 317 2891 invadebat,
329 2850 437 2885 coercere
448 2836 528 2894 vellet,
540 2853 555 2885 a
570 2840 675 2888 Bacchis

176 2907 272 2958 occisus
286 2916 332 2958 est.
365 2910 509 2960 Ferociorem
524 2921 604 2961 autem
620 2930 674 2962 eum

180 2979 284 3031 Ovidius
301 2981 433 3048 descripsit,
452 3000 524 3049 quam
542 2985 674 3051 Euripides.

177 3055 279 3104 Nullam
294 3065 373 3106 antem
387 3058 613 3109 transformationem
623 3061 675 3110 haec

179 3129 229 3178 sab.
247 3129 321 3179 babet
330 3147 338 3186 ;
354 3130 436 3196 itaque
453 3133 548 3190 Noster,
563 3149 592 3182 ne
608 3134 675 3182 iusti·

180 3203 224 3251 tuti
239 3202 365 3252 immemor
376 3204 504 3262 videretur,
515 3204 572 3255 inde
582 3207 613 3256 ad
624 3221 675 3256 ver·

180 3292 232 3324 sum
251 3277 311 3326 574.
332 3278 454 3327 commode
472 3278 574 3328 intexuit
597 3280 676 3330 aliam.

181 3349 233 3418 liar,
251 3349 391 3398 vaticinium
413 3351 443 3399 de
462 3352 573 3402 Narcisso
592 3354 675 3419 imple·

180 3429 246 3484 tum,
262 3427 364 3488 cognita
378 3441 452 3489 quum
468 3435 529 3475 esset
546 3426 676 3492 divulgata.

183 3495 245 3553 Vati,
256 3495 370 3557 Tiresiae3
386 3498 447 3547 redit
457 3499 519 3547 enim
530 3515 566 3557 eo,
577 3517 624 3564 qno
635 3502 676 3551 de·

179 3564 278 3619 flexerat
295 3585 400 3620 carmen.
428 3573 549 3631 Achaidos,
569 3573 676 3624 Graecas.

178 3640 251 3707 Apud
267 3642 366 3693 Homer.
380 3661 461 3694 omnes
476 3646 555 3696 Graeci
569 3646 677 3712 Ἀχαιοί.

178 3718 294 3766 Achaidas
301 3721 376 3768 urbes.
385 3721 486 3768 Aclmica
495 3721 559 3785 regio
567 3729 603 3770 est
610 3722 676 3770 Grae·

179 3789 233 3847 ciae,
250 3790 415 3856 Peloponneso
434 3795 586 3843 contermina.
628 3798 677 3844 Aa·

176 3867 252 3927 garis.
277 3865 356 3914 Aures
371 3865 422 3930 ejus
437 3865 472 3915 ita
484 3875 590 3932 purgatae
603 3878 678 3926 erant,

178 3947 204 3986 ut
224 3953 307 3988 omnes
325 3938 404 3988 avium
418 3957 487 3990 voces
503 3942 586 3991 auditu
603 3942 679 4006 perci·

179 4019 256 4076 peret.
294 4011 408 4078 Apollod.
427 4015 475 4063 ΠΙ.
496 4014 529 4064 vi.
550 4017 573 4066 7.
607 4015 678 4082 Apud

178 4083 291 4150 Euripid.
308 4085 333 4134 11.
347 4086 365 4134 1.
380 4088 436 4137 347.
455 4088 523 4138 sedes
542 4089 623 4145 habet,
638 4088 679 4137 ubi

178 4157 348 4220 οἰωνοσκοπεῖ.
375 4162 431 4210 Jam
440 4163 543 4213 breviter
554 4172 620 4213 notat
630 4180 678 4211 mo-

722 1451 759 1484 res
770 1433 879 1491 Penthei,
890 1433 931 1498 qui
943 1434 973 1482 ad
983 1433 1044 1482 banc
1054 1449 1103 1482 rem
1114 1434 1216 1500 pertine·

721 1510 787 1564 bant,
802 1511 944 1570 Contemptor
961 1508 1087 1570 Superum:
1103 1525 1130 1556 aa
1145 1513 1216 1558 omui·

722 1585 769 1640 bus,
784 1600 814 1632 ex
830 1583 893 1632 omni
908 1582 997 1631 familia
1008 1582 1103 1631 Cadmi.
1131 1583 1217 1634 Ceteri

722 1658 894 1712 venerabantur
921 1656 1063 1725 Bacchum:
1090 1657 1139 1706 vid.
1166 1674 1216 1708 ver.

722 1733 778 1780 564.
813 1731 925 1787 Tenebrae,
941 1738 968 1779 ut
988 1730 1082 1788 σκότος,
1100 1730 1216 1780 11111111-

722 1812 781 1854 tate.
811 1806 910 1861 011811,
920 1805 1043 1860 damnum,
1057 1805 1120 1868 quod
1136 1821 1219 1871 passus

721 1886 780 1935 erat,
792 1878 847 1927 luce
863 1879 984 1943 adempta.
1017 1878 1094 1927 Aliter
1104 1879 1218 1929 Tiresiam

721 1952 829 2017 increpat
839 1953 902 2017 apud
913 1952 1020 2016 Euripid.
1031 1955 1079 2002 255
1088 1969 1143 2018 sqq.

756 2027 812 2074 516.
834 2026 949 2088 Monens]
973 2027 1055 2074 Motus
1076 2033 1101 2075 et
1120 2026 1218 2090 agitatio

724 2099 807 2165 capitis
824 2100 917 2162 signum
932 2098 1109 2162 indignationis.
1134 2100 1219 2150 Movet

724 2183 802 2222 autem
821 2173 923 2222 Tiresias
950 2183 1056 2234 tempora,
1078 2181 1102 2221 et
1122 2173 1218 2238 quidem

723 2247 815 2296 senilia.
848 2246 895 2295 Sed
916 2246 941 2294 id
960 2245 1072 2310 graphice
1095 2247 1219 2311 expressit,

724 2322 825 2369 albentia
841 2322 912 2376 canis,
924 2326 1029 2383 tempora
1045 2334 1115 2367 cana.
1132 2321 1220 2378 noant

722 2394 845 2458 κρόταφοι.
861 2393 951 2441 Anacr.
970 2391 1018 2439 011.
1033 2391 1083 2451 56;
1103 2399 1127 2439 et
1145 2393 1218 2440 Hom.

722 2468 753 2515 ll.
768 2473 797 2516 θ.
812 2469 868 2516 518.
885 2482 953 2514 senes
973 2472 1042 2514 vocat
1060 2464 1219 2531 πολιοκροτά-

722 2551 781 2605 φους
791 2540 919 2606 γέροντας.
940 2538 1061 2595 Tiresiam,
1071 2538 1112 2603 qui
1119 2546 1220 2603 quatuor

724 2614 913 2679 generationibus
923 2621 984 2678 post,
995 2612 1099 2660 Eteoclis
1111 2620 1136 2661 et
1149 2612 1220 2678 Poly-

723 2688 784 2737 uicis
802 2696 915 2752 tempore,
934 2686 1012 2735 adhuc
1027 2685 1095 2742 vixit,
1115 2686 1164 2750 jam
1182 2703 1220 2735 se·

723 2778 777 2811 nem
793 2763 851 2812 lacit
869 2772 973 2826 tempore
984 2760 1094 2817 Penthei,
1107 2768 1221 2824 sequutus

723 2835 868 2902 Euripidem,
889 2835 953 2900 apud
971 2850 1042 2899 quem
1060 2834 1151 2883 Bacch.
1170 2850 1220 2885 ver.

723 2911 779 2958 258.
794 2909 915 2958 Pentheus
934 2908 956 2957 ei
972 2907 1055 2957 tribuit
1073 2911 1156 2972 γῆρας
1174 2926 1221 2958 rro-

723 2983 793 3033 lh'ov:
812 2983 860 3033 vid.
876 2983 977 3031 Barues.
993 2981 1086 3030 adver.
1104 2982 1158 3029 178.
1190 2983 1222 3030 Et

724 3058 846 3106 commode
863 3058 887 3106 h.
898 3056 915 3104 l.
930 3054 1059 3105 senectutis
1075 3055 1163 3104 mentio
1178 3056 1222 3116 fit,

725 3147 754 3179 ea
769 3132 832 3181 enim
849 3140 916 3180 tanto
932 3131 1045 3196 majorem
1058 3130 1223 3180 auctoritatem

724 3208 782 3263 vati,
793 3215 906 3271 tantoque
918 3205 1031 3270 majorem
1043 3205 1114 3253 fidem
1125 3205 1176 3269 ejus
1185 3220 1222 3253 re-

725 3281 816 3345 sponsis
833 3280 983 3330 conciliabat.
1011 3280 1064 3328 Nec
1077 3286 1157 3328 tamen
1174 3294 1223 3327 om·

726 3357 781 3404 nino
795 3355 927 3420 spernenda
946 3363 982 3403 est
1000 3354 1076 3402 altera
1091 3353 1170 3409 lectio,
1187 3355 1222 3400 al-

727 3431 802 3478 bentia
813 3439 912 3492 tempora
925 3430 998 3484 vittis,
1010 3427 1114 3479 maxime
1127 3428 1158 3474 ob
1173 3427 1224 3476 xiii.

726 3503 789 3551 643:
808 3504 872 3551 Hinc
893 3504 968 3550 Anius
989 3504 1060 3549 alveis
1080 3503 1223 3550 circumdata

726 3586 823 3637 tempora
831 3579 901 3627 ,vittis
914 3576 1057 3623 Concutiens.
1077 3573 1146 3621 Vitta
1159 3574 1222 3622 enim

726 3649 781 3698 alba
799 3649 910 3713 insignire
938 3647 1030 3696 solebat
1054 3656 1158 3711 tempora
1180 3662 1223 3696 au-

726 3739 819 3788 gurum.

760 3797 816 3845 517.
827 3796 901 3849 eram
906 3793 969 3858 felic
980 3793 1054 3856 esraa]
1068 3793 1100 3840 Et
1110 3791 1141 3839 ad
1151 3792 1224 3850 risum

726 3879 751 3919 et
762 3871 791 3919 ad
803 3870 897 3919 cladem
913 3868 1036 3916 oculorum
1048 3864 1125 3915 verbis
1135 3866 1225 3929 gravia·

727 3943 792 3992 simis
802 3941 927 4008 respondet
936 3949 1010 3990 vates.
1034 3939 1107 4005 Apud
1118 3938 1225 4006 Euripid.

728 4020 784 4068 868.
795 4034 843 4066 non
857 4017 972 4082 μαντικῇ,
986 4015 1029 4064 sed
1045 4017 1098 4072 τοῖς
1108 4012 1226 4080 πράγμα·

728 4111 769 4143 σιν
779 4092 878 4141 edoctus
891 4099 993 4149 veretur,
1004 4106 1034 4150 ne
1044 4089 1166 4156 Pentheus
1175 4089 1227 4139 luc·

730 4176 780 4216 tum
793 4164 879 4214 inserat
889 4163 975 4214 Cadmi
991 4163 1068 4212 domo.
1095 4162 1142 4211 Sed
1153 4162 1226 4221 Ovid.

728 4556 735 4569 ,
784 4556 788 4561 .

1154 4628 1157 4637 .

618 4644 623 4653 ι

619 4694 624 4703 .
