2812 5010
429 616 477 700 P.
507 617 706 702 OVIDII
735 618 999 705 NASONIS

286 820 1136 970 uuuuuonruosuou

481 1115 651 1181 LIBER
681 1117 942 1191 QUINTUS.

610 1359 806 1411 -4-

651 1569 772 1618 runt.

190 1726 442 1834 DUMQUE
461 1775 507 1825 ea
525 1751 749 1850 Cephenum
767 1751 892 1826 medio
911 1750 1102 1826 Danaeius
1123 1752 1232 1827 heros

186 1863 350 1960 Agmine
367 1880 646 1958 commemorat,
662 1869 812 1944 fremitu
829 1868 971 1966 regalia
986 1868 1105 1941 turbae

186 1979 296 2054 Atria
312 1985 568 2082 complentur:
597 2010 667 2061 nee
685 1983 912 2084 conjugialia
927 1983 1025 2057 festa

188 2094 265 2180 Qui
282 2110 406 2189 canat,
425 2112 484 2176 est
500 2103 661 2194 clamor;
683 2104 751 2178 sed
769 2100 836 2200 qui
850 2100 930 2175 fera
945 2099 1093 2175 nuntiet
1110 2125 1230 2175 arma:

186 2209 311 2309 Inque
328 2217 543 2314 repentinos
561 2219 730 2294 convivia
745 2241 853 2292 versa
868 2217 1052 2290 tumultus
1209 2221 1231 2290 5

185 2329 419 2409 Assimulare
436 2335 531 2411 freto
548 2338 683 2436 possis,
699 2335 802 2435 quod
820 2358 919 2409 saeva
936 2333 1106 2431 quietum

220 2575 325 2623 1-235.
349 2575 450 2626 Phineus
465 2587 487 2626 et
502 2578 577 2642 sosii]
601 2581 682 2638 Quum
732 2577 774 2628 ubi
784 2576 889 2627 Phineus
898 2577 1025 2626 insidiatur
1035 2577 1138 2634 Perseo,
1155 2573 1232 2638 Hygi-

183 2646 313 2706 ΗΜΘΝ,
322 2656 348 2698 et
364 2649 487 2716 Virgilius,
497 2653 557 2703 AEn.
567 2651 601 2703 ix.
611 2661 636 2702 et
651 2651 681 2701 li·
732 2669 785 2710 nus,
792 2652 842 2702 lab.
850 2652 944 2716 osque
953 2657 1049 2700 auctore
1057 2646 1168 2714 Cepheus
1177 2647 1230 2712 ipse
1287 2664 1288 2669 ¹

183 2720 233 2770 brit
245 2738 299 2790 sqq.
310 2724 464 2790 copiosissimi
478 2726 526 2776 sint
540 2727 565 2777 in
576 2727 682 2777 cedibus
731 2743 787 2778 eum
797 2727 916 2792 Agenore,
923 2725 991 2791 cujus
1001 2738 1089 2790 sponsa
1097 2721 1230 2772 Androme-

183 2794 310 2860 diligenter
329 2797 499 2858 describendis,
520 2802 607 2851 Noster
632 2808 681 2850 tam
732 2799 765 2851 da
780 2801 867 2858 iuerat,
883 2799 982 2849 insidias
998 2797 1083 2859 struit3
1100 2804 1125 2846 et
1140 2795 1230 2853 Conon,

182 2867 233 2926 hle,
246 2885 320 2935 quam
330 2871 363 2920 xii
376 2871 491 2940 inpugna
502 2874 681 2933 Centaurorum,
730 2876 771 2924 40.
784 2873 847 2941 opud
859 2889 931 2940 quem
941 2871 1095 2921 Andromede
1110 2868 1170 2918 duos
1179 2885 1232 2935 pro-

183 2959 265 2993 eorum
280 2946 390 3012 exempla
406 2957 520 3013 sequutus
534 2956 579 3006 est,
589 2957 615 2999 et
624 2949 680 2998 Phi·
729 2965 770 3001 eos
780 2949 862 3007 habet,
872 2948 965 3000 Phinea
977 2955 1003 2997 et
1012 2945 1165 2997 Phoenicem.

181 3031 229 3067 nee
242 3018 310 3068 haud
325 3019 397 3071 dubie
411 3022 540 3071 assimilare
550 3023 629 3073 Turno
639 3039 681 3073 ro·
761 3026 786 3074 2.
802 3024 900 3090 Agrion,
916 3029 1003 3072 enatus.
1037 3021 1162 3075 Fremitus,
1176 3032 1230 3082 pro-

181 3090 235 3150 luit,
254 3094 370 3158 pugnanti
389 3103 413 3145 et
430 3095 476 3162 ipsi
491 3098 521 3146 ob
538 3107 679 3164 praereptam
729 3098 833 3149 misenus
845 3097 934 3147 elamor
943 3095 1071 3146 multorum
1082 3091 1229 3143 unavocife-

181 3164 228 3216 sibi
238 3169 271 3216 ab
280 3168 374 3218 adverte
386 3185 506 3236 sponsam.
539 3172 681 3222 Notabimus
729 3171 842 3222 rentium.
876 3170 1232 3235 Nonerathymenaeus,quem

181 3249 263 3291 sutem
277 3242 303 3291 in
317 3243 362 3293 hac
377 3244 486 3294 carminis
499 3255 566 3311 perte
579 3246 680 3296 varieta-
730 3245 796 3296 festis
807 3244 917 3295 cantibus
930 3249 1083 3310 personarent
1094 3239 1164 3289 amici
1175 3246 1230 3287 ante

181 3323 231 3365 tem
241 3317 414 3382 pugnantium
431 3318 472 3383 qui
482 3326 562 3376 aetate,
571 3320 627 3369 vite
637 3336 679 3384 ge·
730 3320 792 3369 iores
801 3319 857 3383 (rii.
865 3320 914 3368 214
925 3334 979 3383 sqq.
987 3325 1011 3365 et
1020 3314 1111 3365 Statius
1121 3313 1187 3378 Sylv.
1194 3312 1230 3361 11.

180 3404 244 3448 nere,
261 3391 347 3455 petria,
363 3402 457 3450 ornatu,
472 3392 584 3451 moribus,
600 3394 680 3443 mortis
730 3393 816 3457 x.87.)
827 3393 869 3443 sed
879 3387 1230 3448 clamorbellicusdtalmtf,

177 3463 425 3528 generedifferebsnt.
458 3465 542 3516 Mirari
555 3475 635 3517 autem
649 3467 678 3516 li·
729 3484 778 3533 quo
797 3467 902 3519 irruebat
921 3466 1001 3515 turba.
1036 3465 1105 3520 Fero,
1119 3469 1146 3513 ut
1164 3477 1230 3516 seva,

180 3546 229 3596 eet,
239 3554 269 3588 ex
283 3546 319 3588 tot
327 3539 426 3590 diversis
435 3549 460 3590 et
470 3541 613 3592 distantibus
620 3558 679 3607 gen·
728 3543 806 3593 solent
818 3560 893 3599 ormo,
902 3538 993 3607 prelis,
1001 3539 1067 3589 bella
1076 3534 1133 3587 diei.
1165 3535 1228 3583 Dra·

180 3612 245 3660 tibus
263 3613 391 3663 bellatores
408 3614 434 3664 in
452 3615 577 3681 AEtlriopia
596 3615 676 3666 luisse.
728 3618 799 3668 kenb.
810 3616 841 3666 ad
852 3615 941 3666 Sil.iv.
953 3615 1010 3664 357.

179 3685 237 3735 Non
257 3694 323 3752 puto,
344 3687 458 3737 Ovidium
482 3705 563 3739 eorum
582 3688 678 3763 nopnins
760 3692 784 3741 6.
798 3687 1026 3752 terminasses]
1046 3683 1168 3750 Expressit
1176 3683 1226 3731 Ho-

177 3758 289 3820 linxisse3
306 3761 355 3818 sed,
370 3770 398 3811 ut
414 3762 449 3813 iii.
463 3765 512 3812 206
527 3779 581 3829 sqq.
591 3779 677 3813 canum
727 3762 971 3822 menstruus:
990 3757 1088 3819 Κινήθη
1104 3755 1123 3807 d
1136 3755 1227 3823 ἀγορὴ,

178 3832 311 3891 Actaeonis,
329 3842 352 3884 et
369 3834 403 3884 ib.
419 3838 467 3887 605
482 3854 535 3904 sqq.
551 3845 677 3887 nautarum
726 3838 955 3906 deriput-aursei
965 3833 1101 3895 θαλάσσης,
1113 3840 1161 3882 ete.
1180 3831 1228 3882 Sed

175 3907 351 3974 Tyrrhenorum
371 3911 474 3970 nomina,
493 3914 524 3962 ab
546 3911 677 3978 antiquiore
727 3912 864 3965 Schirechio
884 3909 1134 3968 locutionumque
1153 3909 1229 3968 possis

176 3991 255 4047 poete
269 3984 369 4050 accepit.
411 3986 614 4051 Esoriptoribus,
635 3986 677 4051 qui
728 3988 821 4038 videtur
838 3986 886 4037 vim
910 3981 1090 4050 comparationis
1105 3982 1228 4046 -irangere,

176 4064 275 4114 restant,
285 4067 333 4107 tres
347 4068 440 4109 tantum
450 4060 550 4111 breviter
565 4061 634 4126 hujus
642 4059 677 4109 rei
726 4070 751 4112 et
758 4062 889 4128 prosaicum
900 4059 1019 4125 quoddam
1031 4056 1145 4108 redolere.
1162 4054 1227 4104 Ferri

175 4130 349 4193 memlflefflssli
367 4132 533 4197 AP⁰ll⁰d⁰1¹¹⁸,
550 4135 585 4182 ll.
603 4134 635 4185 iv.
654 4136 677 4182 3.
728 4146 808 4186 tamen
819 4143 897 4200 potest
906 4134 931 4183 in
942 4132 985 4182 tali
994 4131 1136 4181 narratione.
1157 4129 1227 4178 Mare
