2812 5010
167 333 234 397 aot
449 328 488 392 P.
513 323 673 393 OVIDII
697 321 908 389 NASONIS

173 506 358 603 Serpunt3
387 511 426 575 et
444 499 604 598 gravidis
622 498 855 594 distinguunt
871 496 954 569 vela
971 491 1173 591 corymbis,

172 623 275 721 Ipse,
294 618 519 694 racemiferis
537 617 696 691 frontem
714 612 966 694 circumdatus
984 609 1077 694 uvis,
1139 609 1215 680 666

172 735 388 834 Pampineis
407 734 523 831 agitat
539 733 698 807 velatam
715 727 907 802 frondibus
922 726 1081 798 hastam.

173 852 297 936 Quem
314 849 415 924 circa
431 847 558 946 tigres,
578 847 853 941 simulacraque
870 841 995 914 inania
1010 840 1180 938 lyncum,

173 967 444 1062 Pictorumque
457 965 586 1061 jacent
602 960 680 1034 fera
696 982 851 1057 corpora
867 956 1145 1055 pantherarum.

173 1081 350 1154 Exiluere
367 1078 455 1168 viri3
484 1079 561 1152 sive
579 1078 650 1151 boc
669 1075 813 1149 insania
829 1073 930 1159 fecit,
1139 1072 1216 1141 670

169 1196 256 1271 Sive
273 1196 405 1284 timor;
433 1192 652 1293 primusque
670 1190 812 1264 Medon
829 1189 1039 1285 nigrescere
1056 1183 1184 1282 pinnis

172 1439 258 1485 circam
276 1447 382 1500 tenpore,
395 1435 479 1501 Virgil.
493 1437 548 1485 Ecl.
560 1433 611 1484 viii.
628 1435 668 1484 la.
718 1450 760 1498 qne
767 1439 915 1494 nteropectns
926 1431 979 1485 coit,
991 1427 1095 1474 Parvula
1105 1425 1218 1488 dependet

172 1509 301 1559 Nostervi.
314 1513 369 1559 lta.
402 1510 493 1558 Neaiies
510 1511 604 1557 indae.
637 1508 669 1556 R
718 1509 786 1556 lateri
803 1522 883 1553 manns
901 1505 934 1552 Et
951 1505 1014 1550 dorso
1025 1501 1130 1565 flrectnm
1146 1515 1218 1547 coreo

169 1582 211 1647 jus
222 1583 308 1632 racemi
319 1583 343 1632 iu
354 1585 433 1632 orbem
443 1582 589 1639 circumacti,
600 1590 635 1638 ut,
645 1581 670 1630 in
716 1583 785 1638 subit,
792 1580 887 1628 [nnete
894 1579 976 1626 scindit
984 1577 1058 1625 onom
1065 1591 1135 1621 mare.
1168 1571 1217 1620 Sed

157 1656 231 1718 site,
248 1659 355 1720 corymbi.
399 1657 506 1714 Grcuim,
523 1665 551 1705 ut
569 1657 670 1721 pavide
719 1655 805 1703 Noster
819 1654 898 1717 plures
914 1657 999 1699 nautas
1013 1646 1139 1712 separatim
1153 1654 1179 1694 et
1191 1645 1216 1695 in

174 1729 349 1787 cristoe,i.110.
378 1731 539 1795 Distinguunt,
547 1745 589 1794 per
599 1729 671 1777 inter·
718 1722 1130 1792 actuquodaminnovam‘iormam
1141 1728 1218 1768 bans

174 1803 239 1851 valla
259 1811 353 1852 ornant.
384 1804 447 1853 Plin.
464 1804 495 1851 V.
512 1805 556 1868 Ep.
573 1803 604 1851 vi.
623 1803 668 1850 16:
720 1812 801 1852 euntes
815 1800 927 1856 ostendit,
946 1806 1017 1862 atque
1033 1797 1067 1845 ita
1080 1809 1123 1861 per
1137 1802 1218 1860 partes

175 1875 265 1937 Xystus
285 1878 405 1924 distinctus
427 1879 492 1924 bure.
527 1876 671 1940 Distringere
720 1875 780 1925 etin
790 1874 896 1940 pluribus
906 1869 1150 1921 transformationibus
1164 1867 1217 1917 del·

174 1948 229 1999 huie
240 1949 293 1998 loco
304 1947 383 2014 aptius
392 1965 464 2013 quarn
475 1952 622 2013 distinguere,
630 1961 673 2012 pro
720 1950 844 2016 phinorum
854 1948 952 1995 formam
963 1953 1118 2006 naturamque
1129 1940 1218 1990 descri-

173 2039 264 2079 muare,
275 2023 391 2072 existimo.
423 2023 504 2089 Caput
514 2023 604 2072 Bacchi
620 2025 671 2088 ple·
719 2024 764 2081 bit,
774 2023 804 2072 de
819 2037 868 2087 qua
877 2021 931 2071 vide
941 2021 967 2068 ii.
977 2021 1033 2068 265.
1065 2018 1102 2065 Ex
1119 2016 1166 2064 hac
1183 2014 1218 2063 ia·

175 2112 273 2161 mmque
284 2096 370 2146 hedera
380 2096 493 2153 cinctum,
503 2097 620 2146 interdum
635 2105 672 2145 ta·

174 2186 230 2219 men
239 2179 264 2219 et
273 2170 398 2235 pampinis,
410 2178 437 2220 ut
446 2178 599 2220 monumenta
611 2170 672 2219 anti·

175 2259 224 2308 qua
235 2243 328 2292 docent.
361 2243 445 2309 Itaque
456 2261 504 2292 noe
514 2244 539 2292 in
550 2243 594 2292 hoc
602 2243 672 2292 mira·

175 2318 230 2365 culo
245 2316 362 2366 offendere
380 2333 427 2366 non
443 2317 539 2367 debent.
575 2317 671 2374 Umbria,

175 2391 239 2455 quod
260 2392 397 2441 Burmanno
413 2391 501 2458 placet,
519 2407 581 2440 nunc
603 2391 672 2441 nimis

174 2464 671 2531 ioretpoeticum,necquicquamsacilera·

175 2541 293 2604 coniferae
319 2539 405 2589 dixerit
431 2542 536 2590 umbras.
578 2541 670 2604 Agitot,

175 2628 240 2661 more
251 2613 424 2663 Bacchantium
431 2613 516 2679 jactat.
542 2614 673 2676 Pampineis

175 2688 251 2750 agitat
260 2688 421 2744 cetetonem.
452 2685 537 2750 Thyrsi
546 2686 672 2751 descriptio

176 2766 200 2806 et
217 2759 366 2825 periphrasis.
400 2760 518 2816 Catullus,
530 2761 559 2808 de
575 2760 672 2825 Nuptiis

176 2831 244 2880 Pelei
255 2841 279 2881 et
287 2833 382 2882 Thetid.
389 2835 448 2883 257:
468 2835 557 2882 Horam
562 2851 617 2896 pars
627 2845 672 2884 tec-

178 2914 202 2951 to
210 2908 341 2969 quatiebant
350 2909 441 2969 ctnpidc
451 2909 544 2970 thyrsos.

209 2980 266 3027 668.
285 2980 357 3034 Quem
373 2983 435 3030 circo
454 2985 532 3046 tigres,
546 2981 605 3044 etc.]
632 2980 672 3029 'li-

99 3103 102 3110 ,
176 3068 237 3114 gres,
255 3052 337 3118 lynces
356 3062 380 3103 et
400 3054 522 3119 panthera
540 3053 674 3118 significant

178 3125 292 3175 terrificas
300 3127 399 3192 species,
407 3126 520 3192 imagines
528 3137 552 3175 et
562 3127 673 3192 phantas-

176 3207 241 3246 mata
258 3215 310 3263 quae
327 3200 443 3248 ebriorum
462 3200 537 3249 oculis
553 3208 577 3248 et
591 3200 675 3249 animis

175 3272 335 3322 observantur.
376 3274 454 3338 Tigres
474 3283 498 3323 et
516 3276 640 3335 pontisera,
659 3290 674 3323 a

176 3345 273 3394 Baccho
282 3345 307 3394 in
320 3347 392 3395 India
401 3348 501 3397 devicta
514 3348 674 3413 jungebantur

176 3419 228 3484 ejus
245 3419 332 3478 currui,
342 3421 418 3487 iisque
436 3421 585 3471 addebantur
601 3423 674 3472 etiam

177 3497 262 3557 lynces.
295 3496 361 3544 Bene
378 3498 458 3543 insania
468 3495 499 3545 de
509 3495 554 3544 hac
564 3495 674 3546 illusione

176 3567 331 3617 miraculosa:
355 3569 388 3618 iv.
405 3571 463 3618 404.
478 3571 546 3634 falsa
564 3587 673 3619 senorum

175 3643 298 3690 amnicera
307 3642 426 3708 ferarum.
471 3644 550 3701 Picta,
569 3643 674 3692 maculo-

176 3729 217 3762 sae.
244 3714 283 3764 Sic
292 3719 415 3779 picturata
425 3734 483 3774 noes,
495 3717 621 3767 claudian.
633 3719 675 3767 40.

178 3789 208 3846 3;
235 3790 311 3851 lynces
332 3790 419 3839 Bacchi
439 3794 515 3848 vome,
538 3791 634 3840 AEneid.
655 3792 673 3840 i.

179 3861 235 3908 323.

209 3935 265 3983 670.
291 3936 398 3985 Eritnere
419 3941 472 3994 oiri,
492 3938 552 4001 eto]
576 3938 674 3996 Seneca,

178 4005 219 4069 qui
234 4007 296 4057 hunc
310 4008 388 4057 locum
403 4010 513 4075 respexit,
524 4026 605 4059 omnes
615 4027 674 4060 nau·

178 4083 584 4149 tasunamutatiouecomplectitur.
612 4087 671 4134 Bro-

178 4155 229 4203 cbia
237 4159 312 4217 prima
322 4160 563 4221 codnntpraedonibos,
572 4160 673 4208 illisum-

720 2099 778 2147 bula
788 2095 913 2162 delphinus
922 2105 1019 2143 vocatur
1030 2092 1163 2155 Tyrrhenus
1172 2093 1219 2152 pis·

720 2176 760 2229 cis,
771 2173 869 2227 Seneca,
885 2169 971 2233 Agam.
987 2169 1043 2216 451.
1075 2166 1128 2213 Sine
1144 2166 1218 2214 hee—

722 2250 795 2295 timor.
832 2244 960 2309 Scriptores
986 2251 1087 2305 utroque
1114 2239 1218 2289 trahunt.

721 2321 751 2369 In
764 2321 844 2384 hymn.
860 2320 956 2367 Homer.
970 2331 1042 2381 quum
1054 2331 1116 2364 unus
1127 2314 1153 2362 in
1168 2314 1218 2363 leo·

721 2410 774 2443 nem
789 2401 893 2442 mutatus
907 2391 1020 2456 impeturn
1031 2389 1057 2438 in
1065 2389 1169 2453 reliquos
1183 2387 1219 2436 fa·

721 2474 793 2523 caret,
805 2466 830 2514 hi
846 2475 910 2514 metu
924 2462 1039 2529 perterriti
1054 2461 1181 2526 prosiliunt
1194 2459 1220 2510 in

721 2556 785 2590 mare
802 2548 826 2589 et
842 2538 948 2604 delphini
958 2538 1025 2586 fiunt.
1058 2536 1138 2584 Etiam
1154 2534 1219 2599 apud

721 2615 843 2680 Hyginum
854 2622 878 2662 et
888 2611 995 2661 Servium
1007 2609 1116 2658 leonibus
1127 2616 1151 2658 et
1161 2623 1220 2674 pan·

721 2688 794 2737 theris
810 2695 905 2752 repente
923 2683 1113 2751 procurrentibus
1129 2690 1220 2730 terren·

721 2769 769 2810 tur.
793 2761 840 2809 Sed
850 2760 949 2808 alteram
956 2773 1053 2806 causam
1060 2754 1221 2820 Apollodoms

721 2835 802 2891 habet,
827 2833 942 2899 ἐμμανεῖς
971 2830 1106 2896 γενόμενοι.
1144 2828 1221 2894 Apud

660 2942 662 2948 ι
721 2908 914 2973 Aglaosthenem,
928 2905 1039 2954 Bacchus
1054 2901 1152 2952 comites
1165 2918 1222 2951 suos

723 2981 887 3047 symphoniam
904 2994 988 3028 canere
1003 2978 1111 3042 jubebat,
1121 2991 1168 3040 qua
1178 2991 1221 3024 au-

722 3055 781 3112 dita,
789 3054 903 3120 Tyrrheni
912 3053 997 3102 saltare
1008 3049 1161 3114 incipiebant,
1173 3049 1221 3098 sal·

722 3137 847 3192 tantosque
857 3128 882 3176 in
893 3143 957 3175 mare
973 3142 998 3174 se
1012 3124 1168 3190 projiciebant
1185 3123 1222 3171 in·

722 3204 773 3251 scii.
793 3202 872 3251 Etiam
883 3202 913 3250 ab
921 3199 1064 3265 Apollodoro
1074 3197 1122 3260 βοὴ
1133 3198 1223 3247 αὐλῶν

724 3283 927 3325 commemoratur.
956 3274 1037 3322 Pinna
1048 3271 1175 3336 (Finnen)
1184 3271 1223 3319 iu-

723 3357 852 3399 stmmenta
868 3347 965 3396 natandi
981 3346 1085 3412 piscibus
1100 3347 1153 3393 loco
1169 3361 1222 3394 ma-

723 3439 797 3471 nuum
810 3430 835 3469 et
848 3421 936 3487 pedum
951 3420 1022 3469 data.
1053 3419 1124 3467 Tales
1136 3418 1223 3483 pinnas

723 3496 829 3562 delphini
843 3497 868 3544 iu
880 3502 961 3544 ventre
972 3494 1060 3543 habent
1071 3493 1138 3549 duas,
1151 3495 1223 3557 nigro

723 3578 777 3619 cute
793 3570 915 3624 obductas.
925 3569 967 3618 sed
981 3577 1005 3617 et
1019 3569 1121 3623 dorsum,
1132 3567 1158 3615 in
1173 3583 1222 3631 quo

723 3660 771 3693 una
780 3644 853 3709 pinna
863 3643 1043 3709 sesquipedalis,
1054 3641 1147 3705 nigrum
1158 3641 1223 3690 colo-

722 3735 771 3767 rem
786 3718 866 3775 refert,
879 3716 1077 3782 quemadmodum
1088 3724 1171 3763 venter
1186 3715 1223 3762 al-

721 3794 788 3842 bum.
820 3791 872 3839 Hoc
884 3790 978 3839 nomine
990 3791 1105 3853 deceptus
1115 3790 1222 3836 Lactan-

723 3866 779 3923 tius,
790 3866 815 3914 in
828 3864 969 3928 Argument.
979 3862 1047 3911 uobis
1063 3870 1150 3915 narrat,
1161 3876 1221 3908 non-

723 3940 801 3989 nullos
808 3939 833 3987 in
841 3955 890 3986 noes
899 3953 949 3986 esse
959 3944 1070 3984 mutatos.
1103 3935 1222 3996 Depresso,

724 4029 798 4077 quum
814 4021 884 4060 antea
900 4019 986 4067 erecto,
996 4020 1023 4059 ut
1039 4009 1119 4065 humo,
1130 4008 1223 4057 fuisset.

723 4086 797 4135 Flesti
813 4085 890 4150 quoad
903 4089 1045 4143 curvamina,
1056 4082 1113 4149 quia
1126 4081 1221 4147 delphi-

723 4161 759 4230 nis
770 4176 853 4225 corpus
864 4159 1002 4224 repandum.
