2812 5010
186 335 251 400 206
479 335 520 399 Ρ.
544 333 705 400 OVIDII
729 330 940 398 NASONIS

192 507 404 605 Exuritque
421 509 569 594 herbas,
590 517 628 582 et
645 531 792 581 summa
809 508 1007 581 cacumina
1023 505 1166 605 carpit3

192 624 409 721 Afflatuque
428 650 495 698 suo
513 625 685 723 populos
705 625 907 721 urbesque,
927 625 1139 720 domosque

194 739 354 813 Polluit:
384 751 422 814 et
440 741 592 813 tandem
610 739 804 814 Tritonida
821 739 1008 838 conspicit
1026 763 1165 825 arcem,

194 856 372 954 lugende,
393 857 617 955 opibusque,
637 870 675 931 et
692 857 788 931 festa
806 882 900 956 pace
917 857 1122 943 virentem;
1166 856 1235 926 795

193 973 344 1072 Vixque
363 983 467 1046 tenet
484 973 669 1059 lacrimae,
685 972 773 1069 quia
791 973 843 1045 nil
862 971 1092 1046 lacrimabile
1106 969 1235 1045 cernit.

197 1089 273 1162 Sed
292 1099 492 1188 postquam
510 1088 693 1161 thalamos
712 1087 861 1160 intravit
879 1086 1052 1186 Cecrope
1069 1096 1181 1174 natae,

193 1203 217 1277 J
220 1229 308 1278 ussa
325 1203 435 1293 facit;
465 1214 677 1303 pectusque
695 1227 807 1276 manu
825 1202 1012 1299 ferrugine
1030 1202 1151 1275 tincta

195 1320 353 1416 Tangit3
383 1331 422 1393 et
438 1320 596 1393 hamatis
616 1319 823 1417 praecordia
841 1320 1010 1392 sentibus
1028 1318 1184 1416 implet;

196 1435 436 1534 Inspiratque
451 1435 720 1523 nocensvirus;
737 1435 963 1532 piceumque
975 1458 1041 1531 per
1055 1457 1143 1506 ossa
1170 1437 1240 1505 800
1274 1429 1276 1434 ’

198 1552 380 1649 Dissipat,
399 1562 438 1626 et
456 1552 580 1626 medio
598 1550 743 1649 spargit
756 1551 932 1649 pulmone
949 1573 1148 1623 venenum.

197 1666 304 1740 Neve
322 1667 408 1739 mali
427 1667 588 1764 spatium
607 1690 729 1739 causae
748 1690 814 1763 per
832 1665 944 1738 latius
963 1674 1099 1753 errent,

199 1782 426 1854 Germanam
444 1793 530 1856 ante
549 1783 689 1869 oculos,
710 1781 1016 1880 fortunatumque
1031 1780 1168 1855 sororis

200 1897 442 1994 Conjugium,
457 1899 687 1997 pulchraque
703 1899 827 1972 Deum
846 1900 916 1972 sub
935 1897 1096 1993 imagine
1114 1897 1239 1994 ponit;

200 2013 427 2112 Cunctaque
445 2039 581 2111 magna
597 2014 698 2101 facit,
719 2015 856 2112 quibus
876 2014 1029 2101 irritata,
1047 2013 1177 2086 dolore

200 2128 381 2228 Cecropis
400 2130 547 2204 occulto
565 2131 775 2219 mordetur3
805 2141 843 2204 et
861 2130 973 2204 anxia
989 2138 1113 2215 nocte,
1172 2131 1241 2201 806

198 2243 327 2319 Anxia
342 2247 425 2321 luce
445 2248 582 2344 gemit3
610 2249 788 2344 lentaque
806 2246 1013 2320 miserrima
1029 2245 1119 2318 tabe

199 2358 382 2458 Liquitur,
401 2374 444 2437 ut
461 2365 599 2460 glacies
618 2365 760 2438 incerto
778 2364 906 2437 saucia
923 2363 1023 2436 sole:

201 2475 415 2575 Felicisque
433 2479 541 2552 bonis
560 2504 633 2553 non
652 2479 774 2552 secius
794 2479 911 2552 uritur
929 2477 1084 2563 Herses,

233 2775 289 2823 794.
315 2776 442 2835 Tritonida,
457 2779 582 2840 Athenas5
604 2779 698 2844 longius
749 2781 910 2828 laetaremur.
943 2779 1043 2826 Sensus:
1061 2776 1247 2826 neinvidiaeve·

201 2847 276 2897 adili.
288 2851 342 2898 127.
375 2852 485 2915 Ingentis,
497 2856 622 2916 opibusque.
650 2853 697 2902 Ce·
749 2870 809 2903 neno
826 2854 915 2903 inlecta
931 2853 956 2900 in
969 2852 1023 2901 aliis
1037 2853 1108 2901 rebus
1121 2852 1210 2900 hereat
1224 2860 1249 2899 at

201 2921 280 2986 cropia
298 2939 352 2970 cum
372 2925 495 2986 adjacente
512 2927 569 2975 urbe
585 2927 699 2992 jamtum
749 2928 896 2977 conficiatur.

202 2993 297 3057 quidem
328 2998 444 3045 Minerva
472 3007 608 3048 consecrata
634 3008 699 3061 erat5
783 3004 838 3050 804.
850 3001 1018 3064 Palmaque]
1038 3001 1106 3048 Unus
1117 2999 1248 3061 Basilple-

202 3067 306 3117 nondum
322 3079 402 3119 tamen
412 3074 518 3137 ingeniis,
529 3074 616 3137 ingenii
626 3074 698 3122 laude
747 3093 828 3139 nuque,
839 3075 902 3139 quod
920 3077 1034 3123 Burman.
1050 3074 1139 3138 placet.
1174 3074 1248 3120 Pleno

202 3141 337 3192 florentibus
363 3145 426 3203 viris,
454 3149 571 3210 opibusque
598 3149 698 3197 virebat.
748 3153 830 3214 imago,
849 3148 888 3197 cui
908 3148 976 3205 nihil,
996 3147 1088 3196 nullum
1108 3147 1249 3201 membrum,

203 3214 279 3272 Festa,
289 3217 361 3281 plena
375 3220 489 3268 bonorum
499 3229 524 3269 et
534 3221 631 3270 laetiriae.
661 3222 700 3270 Vi·
749 3224 822 3274 deest.
856 3222 885 3271 Id
903 3230 982 3271 autem
999 3221 1103 3269 alienum
1122 3218 1249 3268 acousilio

203 3305 253 3337 rere
271 3291 354 3355 poetis,
365 3293 390 3340 id
406 3303 450 3350 est,
464 3295 554 3344 florere.
578 3296 700 3344 Drakenb.
750 3305 835 3363 poetae.
870 3297 988 3358 Cecropis:
1005 3296 1125 3359 Aglauros
1139 3294 1191 3343 lilia
1205 3294 1250 3342 Ce-

203 3365 234 3413 ad
255 3364 298 3414 Sil.
316 3365 332 3414 i.
357 3368 411 3416 187.
448 3368 538 3431 Virque,
559 3376 605 3418 etc.
647 3371 700 3419 Hoc
750 3371 835 3436 erupis,
847 3374 972 3427 mordetur,
985 3368 1140 3419 cruciatur.v

202 3453 330 3503 oxymoron
340 3449 365 3490 et
374 3441 478 3490 animum
489 3442 550 3500 ferit,
561 3451 585 3490 et
600 3443 701 3507 graviter
783 3447 838 3494 800.
855 3446 974 3508 Liquitur,
983 3442 1103 3508 liquescit,
1112 3443 1251 3499 absumitur,

197 3513 302 3563 *Invidiae
312 3514 416 3565 indolem
422 3525 510 3565 notat.
522 3516 599 3572 Tenet,
608 3517 701 3567 retinet.
752 3520 815 3585 quod
826 3520 923 3568 verbum
938 3533 1039 3583 sequens
1055 3516 1188 3564 similitudo
1197 3533 1251 3580 sup-

236 3589 292 3637 798.
310 3589 414 3655 Ferrago
430 3591 506 3655 poetis
522 3591 538 3639 i.
547 3608 571 3656 q.
589 3591 701 3656 nigredo;
751 3592 882 3658 peditavit:
910 3594 972 3640 lenta
990 3593 1048 3647 tabe,
1065 3605 1167 3646 veneno,
1179 3590 1253 3655 cujus

202 3663 290 3712 asor.
317 3665 454 3714 Praecordicr.
472 3665 562 3725 Querit
569 3665 701 3730 Euripides,
752 3667 866 3716 vislenta.
887 3667 979 3722 Saucia,
989 3664 1127 3730 liquefacta.
1144 3665 1229 3712 Horat.
1237 3664 1254 3713 i.

203 3735 241 3783 In.
259 3740 282 3785 5.
300 3737 325 3785 in
344 3754 392 3802 qua
410 3738 512 3804 corporis
530 3748 596 3804 parte
613 3738 703 3788 invidia
752 3740 799 3790 Od.
821 3739 868 3788 xiv.
889 3743 917 3789 5:
952 3741 1026 3787 mulus
1053 3741 1144 3786 mucias
1172 3744 1252 3785 vento.

204 3809 294 3868 sedeat,
315 3812 340 3860 in
367 3814 485 3870 manibus,
506 3813 634 3861 visceribus
662 3820 702 3861 aut
751 3814 828 3862 Etiam
844 3815 964 3861 vulnerari
982 3812 1100 3867 dicuntur,
1116 3825 1170 3874 quae
1188 3810 1253 3858 labe-

204 3883 287 3931 oculis.
321 3887 408 3933 Noster
422 3885 558 3950 praecordia,
570 3887 700 3950 pulmones,
751 3888 878 3935 lactantur.
929 3885 1034 3934 lacertu
1060 3885 1100 3940 sol,
1127 3884 1252 3938 obscurus,

205 3969 258 4004 ossa
276 3959 389 4007 nominat.
430 3961 536 4009 Humatis
553 3964 703 4018 sensibilem
752 3976 825 4023 quum
840 3959 928 4007 coelum
944 3959 1047 4007 nubibus
1063 3965 1099 4004 est
1114 3955 1254 4004 obductum.

203 4031 302 4078 'hamatis
316 4034 379 4080 rabie
394 4033 475 4081 Tibul.
490 4034 535 4084 IV.
546 4034 580 4081 iii.
594 4035 631 4083 10.
660 4035 702 4081 Pi·
754 4033 847 4082 Incerta
863 4036 918 4080 luna
934 4033 1017 4081 eodem
1033 4046 1103 4079 sensu
1115 4029 1184 4093 Virg.
1195 4031 1254 4077 AEn.

205 4120 278 4158 ccum,
290 4113 366 4152 atrum
394 4106 471 4154 Medio
477 4109 592 4168 pulmone,
598 4123 642 4172 per
650 4107 703 4171 pul·
753 4107 784 4155 vi.
792 4109 857 4167 2703
874 4115 898 4154 et
907 4110 990 4156 incerti
1000 4123 1059 4154 ecca
1069 4106 1170 4169 caligine
1182 4104 1253 4155 soles:

206 4192 294 4226 mones.
329 4179 391 4228 Neue
401 4182 457 4228 moli
467 4184 563 4243 spatium
578 4198 654 4229 eausa
662 4197 703 4243 per
753 4183 810 4230 AEn.
822 4181 855 4230 iii.
866 4181 924 4230 203.

170 4600 337 4696 -Α
