2812 5010
286 318 753 390 METAMORPHOSEON
776 316 866 384 LIB.
891 319 920 383 1.
1069 319 1114 384 95

73 490 185 566 Unda
201 495 309 590 tegit,
328 480 545 593 pressaeque
563 494 692 569 labant
709 493 780 574 sub
798 493 946 590 gurgite
963 502 1097 568 turres.

70 605 233 707 Jamque
248 634 352 687 mare
363 611 524 686 citellus
539 610 681 684 nullum
695 609 897 684 discrimen
907 609 1110 684 habebant.

73 724 212 799 Omnia
225 737 363 825 pontus
378 736 506 815 erant;
523 726 679 800 deerant
692 749 846 824 quoque
859 725 968 799 litora
982 736 1110 824 ponto.

72 840 250 941 Occupat
267 842 327 916 hic
346 844 502 918 collem:
523 842 661 941 cymba
677 841 786 914 sedet
803 842 896 914 alter
914 841 1073 928 adunca,

72 955 119 1030 Et
137 958 245 1032 ducit
259 983 383 1033 remos
400 960 489 1048 illic,
508 959 574 1033 ubi
591 983 709 1057 nuper
727 959 863 1032 ararat.

72 1071 142 1147 Ille
161 1098 276 1172 supra
293 1086 456 1173 sageteS,
475 1085 541 1150 aut
557 1097 688 1148 mersae
706 1073 870 1148 culmina
886 1073 995 1160 villae,
1040 1077 1113 1147 295

74 1187 259 1285 Navigat3
280 1191 342 1265 hic
360 1214 506 1266 summa
523 1191 666 1289 piscem
683 1190 883 1288 deprendit
900 1189 939 1261 in
956 1188 1067 1262 ulmo.

75 1303 220 1401 Figitur
236 1305 274 1379 in
290 1307 410 1394 viridi,
427 1308 458 1381 si
476 1307 550 1382 sors
568 1308 666 1395 tulit,
685 1330 822 1381 ancora
839 1316 969 1405 prato;

75 1419 150 1493 Aut
168 1423 341 1519 subjecta
359 1434 487 1497 terunt
502 1448 623 1498 curvae
641 1425 767 1499 vineta
784 1423 933 1498 carinae.

104 1717 163 1764 290.
183 1716 287 1781 Turres]
306 1720 381 1768 Arcas
396 1735 477 1784 regum
490 1721 569 1770 beato·
621 1736 687 1780 ram3
704 1719 775 1784 idque
786 1717 898 1784 principis
908 1728 1028 1783 poetarum
1039 1733 1118 1766 exem·

76 1807 173 1856 rumque
188 1790 310 1840 bominum
327 1793 428 1852 altiores,
440 1803 480 1843 aut
495 1795 569 1843 aedifi·
620 1795 669 1859 plo.
704 1795 789 1859 Neque
815 1793 877 1841 enim
905 1793 952 1850 bic,
973 1792 1031 1841 alibi
1052 1793 1119 1849 lorte,
1159 1815 1163 1824 ·

76 1866 111 1914 cia
141 1867 168 1917 in
195 1867 316 1916 montibus
345 1878 477 1918 exstructa:
511 1870 572 1920 tales
622 1869 725 1926 lascivit,
737 1868 779 1918 sed
790 1867 849 1917 serio
860 1877 884 1916 et
894 1868 969 1916 sobrie
984 1874 1051 1916 curat
1062 1866 1119 1930 quid

77 1948 156 1999 turres,
165 1942 250 2006 quales
264 1957 307 1991 nos
322 1942 446 2000 habemns,
456 1943 572 2008 ignoravit
623 1952 679 2008 agat
688 1944 759 2009 lupus
774 1943 835 1991 inter
850 1958 922 2002 oves3
939 1949 965 1990 ut
980 1940 1021 2006 qui
1038 1940 1122 1990 salutis

77 2015 149 2078 prisea
159 2023 227 2064 aetas.
622 2033 671 2068 suae
690 2026 783 2082 satagat
800 2034 847 2066 non
863 2016 990 2082 respiciens
1007 2015 1120 2082 praedam,

105 2091 245 2139 asa-308.
279 2090 362 2138 Omnia
377 2099 460 2151 pontus
483 2092 571 2155 ercan]
621 2091 667 2140 sibi
683 2090 818 2157 prospiciat,
833 2090 920 2156 rapinae
938 2090 1020 2155 utique
1035 2089 1120 2137 imme·

77 2163 167 2213 laudat
178 2165 262 2213 Burin.
270 2163 368 2212 Antbol.
379 2163 421 2211 lib.
431 2163 466 2211 ΙΙ.
477 2180 530 2230 cap.
540 2166 574 2214 xl.
623 2181 680 2214 mor.
699 2164 785 2229 Virgil.
799 2167 887 2230 Georg.
899 2165 941 2212 lib.
956 2163 989 2212 iii.
1001 2181 1048 2213 ver.
1065 2164 1121 2212 537.

77 2239 130 2287 2³4.
149 2238 192 2288 ubi
212 2239 244 2287 de
265 2238 310 2288 hoc
330 2237 428 2295 diluvio,
449 2237 512 2304 ddum
533 2238 574 2289 ὅτε
623 2239 647 2288 in
658 2239 798 2303 hypotyposi
808 2238 864 2287 dirae
880 2247 905 2287 et
914 2238 994 2287 omnia
1004 2238 1119 2303 populan-

79 2311 146 2364 πάντ’
160 2313 276 2378 ἐγενήθη.
310 2313 421 2369 Desinat,
434 2320 481 2360 etc.
513 2313 574 2362 Hac
623 2313 653 2361 tis
672 2312 752 2379 pestis,
774 2322 827 2378 post
847 2321 935 2370 tauros,
956 2328 1038 2377 equos,
1059 2327 1121 2369 sues,

78 2389 146 2436 verba
166 2387 207 2436 uix
229 2385 283 2435 lerri
303 2393 418 2451 possunt3
441 2386 501 2434 adeo
522 2385 574 2435 lana
624 2388 738 2445 homines,
752 2388 841 2437 hostias
855 2389 894 2437 lne
909 2390 1027 2452 abreptas,
1039 2386 1121 2451 adjicit

77 2471 146 2526 guent
156 2469 211 2527 post
220 2459 399 2510 antecedentia!
418 2459 466 2508 Sed
476 2460 501 2508 in
511 2461 575 2510 omni
624 2471 648 2512 et
658 2463 719 2511 feras
731 2463 827 2528 rapina,
837 2479 886 2527 praa
896 2463 1002 2526 langore,
1014 2460 1122 2509 immem-

78 2551 123 2601 seq.
138 2535 192 2584 loco
209 2534 347 2584 accusanda
363 2542 400 2584 est
416 2534 521 2583 luxuries
536 2537 572 2583 in·
623 2537 822 2601 omsipmmiscue
836 2535 897 2585 inter
913 2545 1017 2585 assuetas
1030 2534 1124 2600 praedas

78 2611 137 2676 genii
155 2609 279 2667 Gnidiam,
294 2618 389 2675 propter
408 2610 505 2659 nimiam
522 2611 573 2659 lon·
624 2611 791 2660 obambulare:
810 2612 864 2660 Non
882 2614 948 2673 lopus
969 2613 1064 2658 insidias
1081 2626 1120 2658 aa·

78 2685 216 2749 grndinem,
243 2693 338 2750 propter
368 2684 488 2742 minutias,
514 2701 574 2750 quas
623 2687 699 2747 plorot
710 2687 779 2734 ouilia
790 2687 884 2742 circum,
895 2686 943 2733 Nec
952 2685 1059 2749 gregibus
1070 2701 1122 2733 noo·

79 2767 187 2816 sectatur,
198 2767 224 2808 et
232 2759 297 2824 quod
307 2758 420 2807 nonnulla
429 2774 501 2824 prope
509 2759 575 2824 joco·
626 2769 709 2808 turnus
718 2758 845 2807 obambulat
851 2777 859 2817 ς
872 2760 958 2822 quarel
974 2759 1126 2806 acriorillum

64 2848 103 2881 ,aa
122 2833 232 2882 admixta
252 2839 315 2888 sunt,
337 2847 391 2896 qum
416 2833 541 2881 abhorrent
561 2846 576 2879 s
628 2834 691 2880 Gora
711 2836 802 2881 damon
828 2834 902 2881 timidi
921 2836 1000 2889 dama,
1022 2834 1125 2896 ceramon

78 2915 147 2956 mute
154 2907 233 2957 cladis
239 2905 406 2972 descriptione.
424 2909 487 2955 Vere
494 2909 576 2956 Senec.
618 2907 727 2971 sagaces,
745 2907 815 2955 Nunc
831 2909 935 2969 interque
950 2922 1023 2963 conos,
1037 2916 1060 2954 et
1077 2909 1123 2954 cir-

79 2982 111 3031 Ν.
122 2983 154 3040 Q.
166 2981 202 3030 iii.
215 2982 256 3030 2⁷.
268 2980 309 3029 ubi
323 2980 347 3028 b.
364 2980 380 3029 l.
395 2990 515 3029 recenset:
530 2982 578 3030 Pro
625 2998 676 3031 cunr
686 2991 745 3030 tecto
753 2992 877 3046 vagantur.

79 3057 238 3122 magnitudine
246 3059 281 3104 rei
290 3057 367 3113 disin
385 3053 474 3104 Omnia
484 3064 577 3120 pontus,
658 3056 796 3104 295—298.
813 3055 859 3104 Ille
867 3072 936 3118 snpra
946 3056 1049 3120 segetes]
1068 3055 1084 3103 J
1085 3069 1124 3103 am

78 3138 124 3180 etc.
141 3133 188 3179 iaici
208 3139 299 3178 mnium
317 3131 425 3190 impetum
445 3132 534 3193 ingenii
554 3138 578 3178 ct
625 3127 709 3194 incipit
724 3145 805 3178 omnes
821 3129 869 3177 fere
885 3129 920 3178 rei
936 3129 1029 3177 rusticae
1046 3136 1125 3193 partes

78 3209 179 3256 mauric
196 3207 298 3268 panim
319 3209 416 3268 ineptias
440 3208 576 3254 redimissat:
626 3202 708 3267 putide
734 3218 863 3253 recensere.
897 3204 996 3260 Somnio,
1023 3211 1070 3252 ete.
1095 3218 1124 3252 ex

80 3281 273 3346 llatlnpusieto.
290 3280 343 3328 Noa
353 3290 427 3328 estrat
435 3282 578 3338 mtissobrtu,
627 3278 710 3326 Horat.
725 3279 750 3326 d.
765 3278 782 3326 l.
798 3279 900 3326 Piscium
915 3288 937 3327 et
951 3295 1037 3326 summo
1053 3295 1127 3342 gensis

80 3355 184 3404 lascivire
193 3357 297 3403 &emto
310 3356 361 3402 orbe
371 3363 496 3402 terronam.
529 3356 577 3403 En·
628 3351 765 3401 lesitulmo.
799 3351 870 3400 Ouid.
880 3352 984 3415 ineptius
997 3351 1068 3400 etiam
1080 3352 1125 3401 boc

78 3430 191 3493 spatiata,
211 3435 260 3478 etc.
280 3429 406 3494 Magnifica
423 3430 471 3485 boo,
492 3433 512 3477 si
533 3446 579 3478 non
628 3425 750 3489 expressit.
783 3426 1008 3490 Sijirsrolialorte
1023 3426 1124 3482 fortuna,

78 3506 170 3552 monuit
182 3505 237 3566 quid
248 3519 296 3552 coes
306 3512 328 3551 et
340 3505 389 3566 lupi
389 3503 495 3568 faciunt.
528 3504 577 3552 Na.
628 3500 715 3549 Graeca
728 3499 825 3555 locutio,
837 3499 857 3548 εἰ
866 3499 940 3563 τύχοι
950 3519 955 3547 :
975 3499 1028 3547 vide
1037 3500 1126 3547 Muret.

80 3578 125 3624 tori
133 3577 346 3625 catcmiadituoio
354 3578 501 3637 potestietc.
527 3576 576 3624 Pri·
629 3575 699 3623 Varr.
709 3576 774 3623 lectt.
787 3574 836 3622 xvi.
847 3576 871 3622 9.
882 3582 906 3622 et
914 3575 976 3621 Mor.
988 3573 1018 3621 ad
1028 3573 1126 3636 Iongin.

80 3666 132 3699 mas
145 3658 227 3700 autem
240 3651 264 3698 b.
276 3651 293 3698 l.
304 3650 380 3698 lineas
390 3650 448 3698 Hor.
459 3650 482 3698 Ι.
494 3650 541 3700 Od.
553 3650 578 3698 ii.
629 3647 677 3696 xiv.
693 3649 732 3697 Sic
743 3665 839 3698 sensus:
857 3649 917 3696 Tam
928 3648 977 3696 alta
990 3657 1040 3695 erat
1049 3647 1124 3705 unda,

80 3725 170 3774 6-12.
180 3723 257 3781 duxit,
267 3724 308 3789 qui
318 3735 343 3773 et
353 3725 404 3789 ipse
411 3725 462 3788 jam
477 3724 579 3788 antiquis
630 3731 656 3771 ut
667 3739 752 3772 ancora
762 3723 838 3788 ejecta
849 3723 888 3771 vix
899 3723 939 3787 figi
949 3731 1037 3786 posset,
1049 3732 1098 3780 aut,
1109 3725 1128 3771 si

80 3798 176 3847 Criticis
195 3797 325 3863 displicuit.
352 3797 439 3863 Porpb.
461 3797 493 3845 ad
512 3797 579 3846 illum
623 3798 677 3860 fors
688 3799 752 3854 tulit,
764 3797 785 3845 si
796 3796 855 3846 forte
866 3797 906 3861 figi
916 3795 1000 3862 potnit,
1012 3797 1128 3861 figebatur

79 3871 173 3922 locum:
186 3872 580 3937 Lavitcr‚inqnit,iaretomntroci
630 3873 654 3919 in
679 3882 752 3932 pram
785 3871 841 3920 Sine
866 3887 939 3920 causa
964 3871 1128 3922 Scbiraclrium

81 3956 102 3994 et
123 3950 221 4008 piscium
242 3957 264 3995 et
287 3948 446 4009 palumbariam
471 3950 580 3995 meminit.
630 3945 800 3994 offendebatrd
809 3948 890 3994 viride.
908 3946 1053 4010 Quanquam
1064 3946 1127 3994 enirn

81 4019 170 4070 lisdem
184 4020 248 4069 vitiis
262 4021 324 4070 rnsra
336 4020 363 4068 ii.
375 4020 424 4068 lab.
439 4022 461 4068 l.
478 4020 579 4069 incendii
630 4028 722 4084 pratum
735 4035 798 4084 aqua
808 4028 896 4069 tectum
907 4037 954 4068 non
964 4021 1128 4086 poteratcerni

82 4092 207 4158 descriptio
220 4095 319 4142 laborat.
352 4095 425 4158 Spero
441 4111 478 4142 me
495 4094 581 4143 babere
632 4097 713 4150 viride,
731 4095 805 4143 lector
822 4103 901 4144 tamen
919 4094 945 4143 id
964 4094 1067 4158 cogitare
1085 4111 1128 4159 po·

83 4182 128 4229 quo
137 4169 252 4217 Nostrum
263 4169 294 4216 ab
304 4160 348 4215 hac
360 4168 509 4231 sugillatione
520 4184 582 4217 asse·
633 4177 693 4227 test;
710 4176 734 4216 et
749 4168 768 4216 si
785 4184 864 4233 neges,
876 4170 921 4218 vim
938 4170 960 4217 h.
975 4171 991 4216 l.
1006 4170 1027 4218 ai
1042 4170 1128 4225 inesse,
