2812 5010
314 315 358 383 lvi
753 312 921 378 SERIES

313 500 378 564 tus,
390 486 528 550 Procrin
541 504 676 549 uxorem
690 484 724 546 in
738 481 932 548 adulterium
945 484 1127 570 pellexerit,
1143 488 1185 551 ab
1201 510 1305 573 eaque
1319 512 1360 556 ex

313 606 393 691 fuga
408 625 538 669 reversa
552 624 659 666 eonem
673 610 707 667 et
711 602 856 688 jaculum
876 605 1047 687 acceperit,
1064 628 1200 688 quorum
1219 606 1272 673 ille
1288 631 1360 675 cum

313 723 407 809 euhoe
425 720 587 785 Thebana
609 719 643 782 in
662 741 775 782 anuum
796 740 969 785 conversus
993 722 1044 798 sit,
1064 722 1127 789 hoe
1151 735 1259 791 autem
1283 749 1303 790 a
1328 749 1360 793 se

314 839 518 926 imprudente
533 839 663 902 missum
677 859 810 901 uxorem
825 838 1031 904 interfecerit.

359 940 434 1023 ara.
451 955 548 1022 v111.
583 954 689 1019 mur
709 954 836 1018 interim
859 953 1029 1041 Megaram
1052 957 1213 1023 obsidens
1236 959 1360 1044 acum,
1388 1014 1392 1021 .

316 1097 424 1140 amore
436 1077 506 1161 ejus
526 1083 632 1157 capta,
647 1071 784 1156 patriam
799 1092 871 1135 cum
887 1071 974 1136 crine
988 1073 1066 1138 Nisi
1079 1075 1181 1170 patris
1194 1099 1361 1163 purpureo

315 1195 442 1280 prodit;
459 1195 517 1259 sed
529 1203 637 1278 spreta
651 1192 692 1256 ab
705 1189 759 1255 illo
771 1213 870 1275 quum
881 1193 1029 1257 abeuntis
1043 1195 1119 1257 navi
1128 1194 1314 1274 inhaereret,
1329 1198 1362 1262 in

315 1314 397 1378 cirin
410 1335 512 1389 avem,
527 1322 620 1396 pater
634 1319 742 1373 autem
755 1309 789 1371 in
803 1309 971 1374 halicectou
985 1321 1161 1376 mutantur.
1196 1313 1361 1389 Reversus

317 1431 426 1496 Minos
451 1432 484 1495 in
509 1431 639 1496 Cretam
664 1429 893 1505 Minotaurum,
917 1431 1128 1514 opprobrium
1149 1432 1277 1515 generis
1301 1432 1363 1510 sui,

317 1550 502 1635 labyrintho
521 1548 650 1614 Daedali
666 1558 736 1612 arte
758 1549 875 1633 posito,
897 1548 1095 1626 includit,.et
1114 1549 1231 1615 Atticis
1253 1550 1363 1634 pueris

318 1669 433 1754 pascit,
448 1690 466 1733 e
481 1667 599 1753 quibus
620 1667 758 1731 Theseus
769 1679 946 1731 monstrum
959 1668 1121 1745 interficit,
1134 1678 1231 1752 atque
1245 1667 1365 1733 Ariad-

319 1809 389 1862 nen,
405 1787 497 1872 cujus
517 1808 578 1870 ope
598 1808 641 1850 ex
659 1785 843 1869 labyrintho
858 1808 892 1851 se
907 1787 1128 1871 expediverat,
1141 1808 1250 1851 secum
1269 1808 1288 1850 e
1308 1809 1364 1871 pa-

319 1905 381 1969 tria
392 1905 522 1969 ductam
536 1905 569 1968 in
584 1904 650 1967 Dia
663 1903 767 1968 insula
778 1903 939 1988 relinquit,
951 1904 1009 1968 ubi
1023 1927 1094 1968 eam
1109 1903 1260 1968 Bacchus
1275 1925 1365 1968 assu·

319 2023 387 2099 mit,
403 2023 537 2107 ejusque
552 2044 699 2086 eoronum
712 2022 795 2085 inter
809 2022 917 2086 sideru
930 2021 1075 2088 collocat.
1114 2023 1273 2086 Dcedolur
1288 2043 1365 2086 vero

319 2162 419 2226 quum
434 2162 475 2204 ex
492 2137 596 2203 insula
614 2138 667 2203 illa
682 2138 836 2225 aufugere
851 2161 917 2204 non
931 2150 1053 2226 posset,
1069 2138 1126 2205 alis
1140 2141 1276 2218 inventis
1291 2163 1368 2206 evo·

230 2258 232 2263 ’
319 2257 407 2334 lavit,
420 2258 478 2321 sed
492 2256 608 2321 [eurus
621 2269 696 2342 post
710 2267 834 2342 patrem
848 2256 957 2324 volans
974 2260 1158 2324 submersus
1174 2271 1233 2323 est.
1279 2260 1366 2345 Ejus

320 2376 490 2460 exsequias
513 2374 729 2441 celebrantem
747 2376 827 2440 vidit
849 2387 984 2461 patrem,
1009 2378 1227 2463 gaudiumque
1249 2389 1368 2442 testata

319 2505 370 2560 est
381 2494 510 2580 perdia,
525 2517 544 2559 e
559 2494 695 2559 Perdice
708 2506 765 2560 aut
778 2493 874 2572 Talo,
890 2496 1056 2581 ingenioso
1072 2495 1243 2562 multarum
1258 2518 1367 2561 rerum

320 2614 497 2689 inventore,
511 2635 607 2698 quem
627 2613 784 2677 Daedalus
804 2614 922 2679 invidia
938 2626 1043 2680 motus
1055 2638 1098 2679 ex
1117 2637 1191 2680 aree
1202 2614 1368 2682 ‘Minervae

319 2732 518 2817 praecipitem
533 2732 673 2808 miserat,
688 2730 922 2797 transformata.
967 2733 1105 2797 Theseus
1118 2733 1255 2809 interea,
1267 2754 1368 2817 quum

321 2849 547 2916 celeberrimus
563 2852 630 2936 jam
651 2862 747 2928 esset,
767 2852 808 2916 ad
827 2874 940 2938 aprum
959 2851 1169 2935 Calydonium
1189 2849 1368 2916 tollendum

321 2978 454 3033 vocatus
473 2978 533 3045 est,
551 2991 648 3052 quem
664 2968 821 3035 Atolrmtu
839 2972 943 3055 prima
962 2970 1151 3035 vulneravit.
1197 2969 1370 3057 Meleager

322 3096 430 3150 autem
449 3085 620 3162 interfecit,
640 3087 733 3171 cujus
749 3098 884 3151 mortem
899 3086 1089 3152 acceleravit
1103 3086 1232 3152 Arruaea
1253 3096 1368 3164 mater,

324 3205 491 3268 combusto
506 3204 613 3288 stipite
625 3204 722 3269 fatali.
761 3205 911 3272 Theseus
927 3229 968 3270 ex
983 3207 1044 3271 ista
1058 3207 1228 3271 venatione
1239 3204 1368 3270 rediens

323 3323 367 3386 ad
381 3320 553 3387 Aebebum
564 3323 751 3392 ,devertitur
769 3335 802 3389 et
816 3325 1000 3390 Echinades
1017 3324 1137 3390 insulas
1152 3323 1321 3407 conspicit,
1336 3323 1370 3389 in

323 3464 404 3525 quas
424 3441 573 3508 Noiodea
594 3454 686 3508 erant
711 3466 883 3509 conversae.
930 3444 1031 3518 Quod
1054 3445 1099 3510 ita
1119 3443 1192 3507 fieri
1212 3441 1369 3526 potuisse,

323 3569 461 3646 negante
482 3558 640 3638 Pirithoo,
662 3560 767 3627 Lelex
788 3564 925 3647 primum
946 3563 1104 3628 Buuoidia
1126 3572 1160 3627 et
1174 3559 1370 3624 Philemonis

323 3679 441 3762 probat
464 3678 624 3764 exemplo,
645 3681 701 3763 qui
719 3681 753 3744 in
774 3682 905 3746 arborea
928 3681 1049 3746 fuerint
1072 3679 1270 3755 commutati,
1287 3677 1371 3742 sicut

323 3798 431 3860 domus
441 3819 552 3863 eorum
563 3799 596 3863 in
610 3802 766 3885 templum,
778 3823 815 3866 ac
823 3824 936 3888 pagus
950 3803 1019 3886 ipse
1030 3802 1064 3864 in
1073 3811 1230 3887 stagnum.
1261 3795 1371 3861 Ache-

323 3911 395 3976 lous
415 3914 531 3979 deinde
546 3915 659 3980 Protei
676 3927 710 3982 et
727 3916 873 3994 Mestrae,
890 3917 1131 3994 Erisichthona,
1146 3927 1272 4002 patrem
1287 3913 1372 3979 fame

325 4029 496 4109 furentem,
511 4032 623 4098 alentis
637 4045 783 4100 naturum
798 4035 1017 4121 transformem
1032 4035 1133 4098 addit.

369 4146 443 4231 Lib,
459 4148 521 4214 IX.
546 4150 633 4216 Tum
647 4176 723 4217 auus
738 4154 855 4218 formas
872 4152 983 4228 refert,
999 4176 1080 4237 quas
1092 4153 1255 4237 quondam
1269 4160 1373 4215 muta-
