2812 5010
414 715 788 800 PRAEFATIO

112 958 195 1040 DE
227 959 430 1036 OPERE
467 961 1087 1051 ΜΕΤΑΜΟΒΡΗΟΞΕΟΝ,

239 1146 443 1257 AUCTORE
464 1195 614 1258 GOTTL.
636 1196 772 1256 ERDM.
795 1194 957 1257 nmmo.

503 1431 700 1484 *0-

82 1645 187 1736 RES
204 1672 494 1758 antiquissimorum
510 1674 701 1739 Graecorum
715 1672 815 1738 ferme
831 1696 951 1751 omnes,
962 1675 1131 1740 civitatum-

79 1791 230 1876 origines‚
245 1791 313 1856 fata
327 1802 361 1856 et
375 1791 460 1858 facta
474 1791 621 1871 her-oum,
635 1793 846 1878 Deorumque
860 1793 1043 1878 religiones,
1053 1794 1129 1879 phi-¹

78 1907 300 1993 losophemata
319 1910 426 1985 etiam,
441 1932 553 1994 quum,
569 1921 607 1975 ut
624 1911 658 1974 in
674 1911 748 1975 rudi
765 1921 862 1996 gente
880 1911 961 1976 etin
979 1933 1125 1978 sermone

80 2029 221 2095 nondum
235 2025 375 2116 exculto,
381 2027 511 2113 fabulis
524 2021 632 2093 essent
646 2027 809 2105 involutae,
820 2029 914 2112 primi
927 2040 1045 2114 poetae,
1057 2031 1131 2114 jam‘

79 2157 151 2211 ante
169 2146 349 2213 Homerum
369 2157 402 2212 et
421 2146 614 2225 Hesiodum,
632 2148 670 2213 iis
687 2148 777 2213 varie
797 2149 973 2213 tractandis
996 2148 1130 2234 ingenia·

78 2277 311 2344 exercuerunt3
341 2267 522 2352 horumque
545 2268 680 2353 vestigia
703 2278 891 2352 presserunt
915 2278 979 2331 tam
1006 2268 1125 2352 quibus

78 2397 191 2470 postca
211 2385 401 2470 theogonias
421 2399 520 2470 atque
540 2387 761 2471 cosmogonias
780 2407 974 2470 componere
990 2384 1131 2470 placuit.

76 2528 171 2590 quarn
185 2505 243 2589 qui
258 2503 378 2588 Cyclici
388 2503 466 2569 dicti
480 2514 566 2568 sunt.
605 2503 716 2587 Lyrici
726 2504 822 2568 etiarn
832 2502 968 2587 hymnos
981 2504 1015 2566 in
1031 2502 1122 2568 Dens
1197 2493 1199 2496 Α

77 2622 252 2706 laudesque
275 2620 409 2687 heroum
425 2621 543 2687 fabulis
566 2632 775 2698 exornarunt,
793 2632 826 2686 et
843 2620 977 2706 Tragici
998 2621 1130 2686 drama

76 2753 142 2805 tum
157 2762 288 2806 suorum
303 2751 492 2824 argumenta
503 2741 579 2804 inde
592 2739 794 2824 repetierunt
809 2739 964 2804 certatim.
1002 2739 1132 2824 Neque⁴

77 2869 243 2944 poetarum
259 2858 395 2944 ingeniis
415 2857 489 2922 solis
508 2857 614 2942 ampla
634 2858 688 2923 illa
701 2845 833 2923 materia
848 2869 897 2922 est
912 2856 1040 2935 relicta3
1064 2857 1122 2923 sed

77 2988 148 3042 ante
172 2988 205 3042 et
225 2977 311 3041 circa
330 2975 416 3041 bella
436 2998 509 3041 curn
529 2976 637 3041 Persis
658 2988 750 3063 gesta
772 2977 976 3052 exstiterunt,
997 2976 1063 3060 qui,
1085 2985 1122 3040 ut

77 3097 180 3179 gentis
200 3118 268 3163 suae
285 3096 424 3180 origines
443 3097 630 3173 conderent,
649 3097 775 3162 fabulas
796 3097 876 3174 illas,
896 3096 1007 3181 quales
1029 3106 1123 3160 erant
1149 3140 1152 3146 s

77 3237 95 3276 a
108 3215 282 3299 majoribus
297 3213 435 3291 traditor,
451 3212 665 3280 voluminibus
680 3214 989 3300 complecterentur3
1003 3216 1037 3278 in
1052 3216 1121 3300 qui·

78 3335 136 3404 bus
157 3332 366 3411 Pherccides‚
391 3333 564 3400 Acusilaus
584 3333 736 3418 Argivus,
761 3333 938 3399 Hecataeus
962 3332 1120 3410 Milesius,

78 3465 108 3516 et
129 3451 318 3519 Hellanicus
344 3452 572 3519 inclaruerunt.
624 3453 713 3518 Illam
733 3475 809 3518 vero
834 3450 1015 3516 fabularum
1040 3453 1121 3515 anti·

77 3574 180 3655 quitus
208 3571 399 3637 traditarum
426 3572 629 3656 farraginem,
656 3595 721 3656 quo
755 3583 822 3636 tum
856 3571 961 3635 omnis·
986 3568 1121 3633 historia

78 3690 193 3754 Graeca
215 3691 449 3768 continebatur,
469 3713 530 3756 nec
551 3691 662 3756 seriori
684 3701 828 3774 tempore
849 3689 1048 3772 abjecerunt,
1061 3688 1120 3770 qui

78 3831 180 3872 rerum
199 3832 219 3872 a
242 3809 348 3893 gentis
372 3831 439 3872 suae
465 3809 650 3873 auctoribus
671 3818 835 3893 gestarum
858 3806 1018 3871 memorias
1044 3826 1120 3870 con·-

78 3924 178 3990 sulere
193 3925 374 3993 voluerunt.
413 3925 481 3991 Tot
502 3927 600 4010 igitur
621 3926 814 4010 scriptorum
834 3925 947 3989 studiis
970 3923 1024 3988 illa
1046 3925 1117 4010 ipsa

77 4042 202 4127 farrago
216 4043 302 4108 facta
323 4055 466 4130 estpars
487 4068 552 4109 non
572 4046 691 4129 exigua
711 4045 900 4109 eruditionis
915 4041 1117 4120 Graecorum,

77 4182 138 4240 qua
161 4161 279 4244 passim
299 4185 407 4227 omnes
432 4185 535 4248 prope
555 4163 740 4248 scriptores
761 4160 959 4248 philosophi,
978 4161 1116 4246 physici,

1020 4490 1022 4494 ’
1117 4538 1324 4696 n
