2812 5010
289 319 353 383 318
581 318 620 381 P.
646 312 806 380 OVIDII
831 314 1043 380 NASONIS

271 501 274 512 '
293 491 482 565 Gentibus
501 492 704 563 innumeris
723 490 940 586 circumque
959 487 1129 585 infraque
1148 484 1303 569 relictiS,

292 607 512 705 AEthiopum
531 607 701 704 populos,
722 604 892 702 Cepheia
910 605 1095 703 conspicit
1112 627 1211 677 arva.

294 723 383 803 Illic,
395 723 618 814 immeritam
638 731 816 800 maternae
836 720 1002 819 pendere
1020 720 1158 816 linguae

292 838 559 911 Andromedan
574 862 711 935 poenas
721 837 875 918 immitis
888 829 1055 935 jusserat
1070 835 1246 908 Ammon.
1267 838 1338 907 670

295 955 417 1039 Quam
436 954 546 1038 simul
564 955 612 1027 ad
630 955 742 1026 duras
761 953 955 1050 religatam
970 952 1274 1026 brachia'cautes

293 1070 399 1144 Vidit
416 1071 670 1158 Abantiades3
701 1070 772 1142 nisi
792 1072 893 1166 quod
912 1070 1003 1143 levis
1023 1093 1113 1143 aura
1130 1067 1289 1166 capillos

296 1186 479 1274 Moverat,
500 1197 538 1260 et
552 1186 699 1284 trepido
715 1189 918 1261 manabant
935 1188 1078 1259 lumina
1095 1185 1199 1286 fletu,

296 1301 550 1407 Marmoreum
564 1314 666 1376 ratus
685 1317 786 1378 esset
799 1329 914 1402 opus:
936 1304 1050 1377 trahit
1063 1302 1205 1378 inscius
1220 1301 1337 1396 ignes

296 1417 346 1490 Et
363 1429 512 1516 stupet3
542 1429 580 1492 et
597 1419 685 1491 visae
704 1432 897 1517 correptus
915 1405 1238 1520 imagineformae,
1269 1419 1338 1489 675

295 1533 411 1608 Paene
430 1560 515 1608 suas
535 1547 691 1632 quatere
709 1548 767 1608 est
784 1537 922 1609 oblitus
940 1537 978 1609 in
997 1560 1082 1609 aere
1100 1558 1268 1632 pennas..

296 1649 351 1722 Ut
364 1639 493 1738 'stetit3
522 1661 545 1689 ‘⁴
564 1651 636 1736 O,”
655 1652 762 1738 dixit,
786 1660 808 1691 ‘⁶
825 1679 898 1726 non
915 1652 999 1743 ,istis
1017 1653 1133 1747 digna
1150 1648 1307 1736 catenis,

298 1765 375 1839 Sed
395 1767 531 1862 quibus
550 1767 646 1842 inter
664 1793 704 1841 se
723 1769 849 1866 cupidi
863 1768 1068 1866 jungantur
1087 1776 1280 1853 amantes3

296 1880 430 1953 Pande
448 1882 650 1977 requirenti
669 1897 806 1957 nomen
824 1885 1009 1983 terraeque
1028 1893 1234 1980 tuumque;
1270 1883 1340 1954 679

299 1996 351 2069 Et
368 2021 435 2070 cur
450 1998 574 2072 vincla
591 2001 737 2101 geras’'
784 2002 911 2075 Primo
930 2002 1016 2074 silet
1033 2001 1117 2087 illa;
1139 2023 1210 2072 nec
1229 1996 1342 2071 audet

297 2111 503 2214 Appellare
521 2116 636 2190 virum
654 2117 779 2213 virgo;
806 2119 1056 2215 manibusque
1074 2115 1270 2188 modestos

332 2381 389 2430 668.
403 2381 496 2443 Poputis
513 2398 555 2447 per
569 2383 739 2448 appositionem
751 2386 794 2433 ad·
844 2398 967 2449 pronepos,
981 2382 1088 2430 Perseus.
1121 2381 1180 2431 Mox
1196 2381 1259 2430 bene
1277 2381 1343 2441 trepi-

299 2453 334 2502 dit
344 2472 409 2511 aava,
417 2471 480 2503 more
490 2455 565 2519 poetis
576 2457 696 2515 familiari,
707 2458 736 2506 de
747 2474 794 2522 quo
845 2460 887 2504 das
887 2459 968 2519 fletus,
976 2472 990 2504 e
997 2464 1082 2504 natura
1087 2456 1256 2520 lacrymarum.
1289 2453 1342 2501 Non

298 2528 353 2576 vide
371 2529 496 2578 Heinsium
513 2538 538 2577 et
554 2530 724 2579 Burmannum.
753 2533 794 2580 Ce·
844 2530 916 2594 igitur
932 2546 987 2578 curn
1003 2529 1056 2578 aliis
1068 2531 1143 2590 tepida
1156 2526 1343 2593 praelerendum5

297 2605 388 2664 pluam,
407 2603 530 2652 Phoenicis
550 2604 632 2661 filiurn,
655 2605 795 2671 AEthiopum
846 2612 913 2669 tepor
924 2603 987 2652 enim
998 2602 1062 2651 cerni
1073 2618 1119 2650 non
1133 2609 1220 2666 potest.
1255 2594 1342 2649 Pecca-

299 2692 378 2740 regem
398 2676 489 2725 faciunt
511 2676 583 2725 etiam
604 2677 719 2742 Euripid,
733 2680 797 2743 apud
847 2677 881 2726 vit
891 2684 960 2742 poeta
967 2677 1019 2741 jam
1032 2692 1068 2733 en,
1080 2675 1143 2740 quod
1153 2677 1243 2724 Persea
1259 2690 1289 2722 ex
1300 2673 1344 2722 alto

301 2749 420 2798 Eratosth.
436 2765 489 2814 cap.
508 2751 547 2798 15.
566 2758 590 2799 et
603 2750 714 2816 Apollod.
729 2752 753 2800 d.
764 2753 796 2814 l.;
849 2750 935 2798 aethere
941 2752 1027 2814 fletum
1037 2749 1123 2797 vidisse
1134 2747 1214 2796 finxit.
1248 2747 1344 2794 Maaare

301 2823 343 2871 sed
360 2824 440 2888 plures
453 2825 608 2889 Joppensem,
619 2827 762 2882 utPausan.
774 2844 798 2892 p.
849 2824 905 2873 alibi
923 2840 977 2874 curn
995 2831 1101 2872 accusat.
1112 2821 1145 2871 vi.
1162 2823 1222 2870 312.
1233 2820 1277 2869 ubi
1294 2820 1344 2869 vide

302 2899 360 2946 ³70.
371 2899 463 2955 Strabo,
473 2898 521 2947 xvi.
531 2908 556 2947 et
562 2915 622 2964 quos
631 2900 757 2950 laudamus
768 2901 798 2950 ad
848 2898 993 2946 Heinsium·
1015 2898 1169 2944 Marmoreum
1197 2911 1263 2957 opus,
1285 2910 1350 2948 mar,

303 2974 462 3021 versumddss.
849 2987 952 3019 moream
960 2979 1071 3031 statuam.
1100 2969 1183 3018 Trahit
1193 2972 1266 3034 ignes.
1294 2967 1344 3018 Vir·

333 3047 390 3096 669.
407 3047 660 3112 Materne-liagrm.]
677 3049 799 3115 Cassiope,
849 3044 929 3108 gilius,
942 3044 1042 3093 AEueid.
1055 3044 1088 3092 ir.
1101 3045 1161 3091 101:
1180 3045 1255 3092 Ardet
1272 3058 1346 3091 amam

302 3121 394 3186 Cephei
404 3137 472 3176 uxor,
484 3137 557 3185 quum
572 3137 597 3170 se
608 3121 799 3170 formosissimam
849 3120 912 3167 Dida
919 3122 1033 3182 trusitque
1042 3136 1082 3182 per
1092 3118 1272 3183 confutarem·
1289 3117 1346 3166 Cum

298 3195 410 3260 jactaret,
422 3193 553 3242 Nereidum
562 3194 676 3243 invidiam
687 3194 731 3255 sibi
743 3211 799 3246 eon·
848 3192 893 3241 hoe
909 3203 998 3256 stupore
1016 3192 1049 3241 cf.
1061 3193 1087 3242 ii.
1098 3193 1236 3242 715-721.
1271 3192 1345 3256 Imago

302 3267 402 3317 ciliavit.
430 3267 488 3333 Illaev
501 3283 556 3317 vero
571 3266 722 3332 impulerunt?
732 3272 799 3335 Nep·
841 3267 934 3331 thama,
945 3268 1027 3315 forma.

301 3351 396 3399 tunum,
411 3348 439 3390 ut
455 3340 546 3406 Cephei
566 3349 639 3390 terras
652 3342 742 3403 diluvio
758 3359 799 3392 va·
882 3340 937 3388 681.
961 3340 1105 3403 Appellare]
1132 3338 1247 3388 Heinsius
1266 3337 1345 3388 suadet

302 3423 384 3472 staret,
406 3431 421 3463 a
440 3431 495 3479 quo,
512 3416 572 3464 Jove
590 3416 698 3464 Ammona
718 3415 800 3481 (cujus
849 3416 988 3475 adspectura
1020 3414 1123 3462 Dubitat
1134 3428 1164 3461 an
1175 3413 1295 3474 appellare
1303 3410 1346 3462 dici

300 3489 415 3555 templum
437 3486 591 3554 AEthiopibus
611 3488 728 3552 vicinum)
748 3505 798 3538 mo·
851 3498 914 3536 recte
929 3488 1012 3554 possit,
1030 3503 1083 3552 quae
1101 3486 1245 3552 respondeat
1268 3485 1345 3552 appel·

300 3572 383 3620 nente,
395 3561 490 3611 liberari
501 3562 565 3611 haud
579 3569 680 3628 poterat,
687 3562 736 3622 ,nisi
746 3563 798 3612 Au·
849 3560 919 3610 lanai.
942 3561 988 3610 Sed
998 3563 1114 3624 appellare
1125 3568 1273 3626 potestesse,
1283 3558 1348 3610 auxi.

301 3636 423 3694 dromeda,
442 3636 539 3701 scopulo
559 3635 665 3701 alligata,
682 3646 736 3688 ceto
756 3639 798 3687 ob·
849 3633 909 3683 lium
927 3642 1015 3700 petere,
1032 3643 1058 3684 ut
1079 3634 1144 3700 apud
1165 3633 1246 3684 Cicer.
1268 3632 1347 3693 Quint.

297 3710 411 3775 jiceretur
420 3728 427 3771 ;
443 3709 482 3758 cui
498 3709 595 3774 quidem
610 3712 705 3760 oraculo
721 3713 800 3777 paruit
851 3711 881 3770 73
900 3711 966 3759 Verr.
976 3711 1009 3759 iv.
1021 3712 1083 3759 651:
1102 3709 1156 3758 vide
1173 3707 1268 3758 Ernesti
1283 3708 1347 3758 clav.

302 3784 423 3850 Cepheus,
450 3784 592 3849 AEthiopum
612 3784 636 3833 ri
656 3787 799 3850 compulsus.
850 3783 904 3835 Cic.
916 3785 940 3833 h.
951 3801 974 3834 v.
1007 3783 1094 3834 Malim
1108 3795 1189 3833 tamen
1200 3799 1243 3848 per
1254 3781 1347 3848 alloqui,

302 3857 415 3923 Apollod.
434 3858 458 3906 d.
473 3858 490 3908 1.
530 3858 603 3924 Apud
622 3859 714 3924 Hygin.
735 3876 799 3917 vero,
851 3867 892 3908 aut
903 3859 1007 3923 colloqui
1015 3857 1171 3924 interpretari.
1192 3858 1263 3916 Bene¹
1273 3865 1347 3924 autem

302 3932 416 3996 Neptuno
450 3933 621 3997 expostulante,
649 3933 803 3983 Andromeda
852 3929 1347 3996 notavitverecundiamvirginis.inprimis

302 4015 352 4052 tam
364 4006 453 4053 tristem
464 4015 550 4054 sortem
561 4015 659 4072 experta
671 4019 715 4057 est.
744 4009 803 4056 Lm·
851 4022 881 4054 ex
891 4006 1139 4070 moribusGraecorum
1146 4014 1174 4069 et
1183 4003 1347 4066 Orientalium,

303 4096 445 4142 guaepoeuas.
472 4079 536 4128 Vide
547 4081 577 4128 ad
588 4080 620 4129 vi.
631 4083 687 4131 213.
852 4080 916 4145 apud
928 4097 985 4145 quos
1002 4083 1130 4146 uirginibus
1144 4095 1199 4128 cum
1215 4081 1272 4126 viris
1286 4075 1349 4126 nulla

315 4173 318 4178 ·
337 4153 392 4200 672.
410 4154 548 4202 Abantiades
565 4170 628 4202 nunc
648 4165 683 4203 est
700 4155 803 4203 Abantis
852 4155 1007 4203 consuetudo.
