2812 5010
251 334 719 405 METAMORPHOSEON
742 335 834 404 ΗΒ.
857 335 941 404 VII.
1042 341 1107 406 451

65 511 206 589 Omnia
222 511 429 602 confundit,
448 509 682 608 summisque
698 509 905 586 immiscuit
918 513 1006 588 ima.

64 628 168 705 Ecce
184 635 293 729 'vetus
311 630 434 705 calido
449 638 619 704 versatus
638 627 756 727 stipes
773 628 909 716 aheno,

64 745 127 820 Fit
142 746 269 821 viridis
287 746 429 845 primo;
459 769 530 819 nec
547 745 659 842 longo
675 754 846 844 tempore
863 744 1034 819 frondem

65 862 217 954 Induit3
247 874 288 939 et
304 863 429 938 subito
447 861 608 961 gravidis
626 871 801 936 oneratur
818 860 937 936 olivis.
1032 866 1113 936 281*

63 977 117 1053 At
135 1003 362 1077 quacunque
379 1003 470 1054 cero
488 1002 640 1078 spumas
657 978 771 1075 ejecit
786 978 908 1052 aheno

65 1094 183 1192 Ignis,
200 1096 290 1170 etin
303 1102 572 1193 terram'gnttae
587 1093 758 1171 cecidere
771 1095 957 1183 colentes3
985 1073 1108 1190 [gunt.

63 1211 208 1287 Vernat
232 1212 391 1288 humus:
419 1212 619 1309 floresque,
643 1220 683 1285 et
708 1211 837 1285 mollia
862 1209 1003 1315 pabulo
1027 1233 1108 1283 sur-

66 1326 179 1412 Quod
196 1327 307 1402 simul
326 1353 370 1403 ao
388 1329 493 1416 vidit,
512 1327 644 1401 stricto
663 1325 803 1401 Medea
819 1326 979 1426 recludit
1033 1329 1108 1400 285

65 1442 169 1520 Ense
186 1445 287 1519 senis
298 1445 496 1544 jugulum3
523 1453 765 1540 veteremque
784 1442 887 1518 exire
904 1451 1076 1516 cruorem

64 1560 199 1650 Passa,
229 1563 352 1661 replet
380 1561 525 1637 succisi
570 1584 666 1658 quos
699 1570 902 1659 postquam
928 1557 1111 1635 combibit

215 1678 345 1766 AEson,
413 1707 418 1718 ·

64 1793 143 1870 Aut
159 1818 223 1871 ore
240 1804 429 1894 acceptos,
448 1802 514 1869 aut
528 1793 703 1884 vulnere3
730 1794 861 1880 barba,
877 1814 1075 1890 comaeque

66 1909 214 1987 Canitie
232 1912 356 2011 posita
373 1910 521 2008 nigrum
538 1934 694 2010 rapuere
711 1912 898 1986 colorem:

64 2026 185 2102 Pulsa
200 2027 298 2126 fugit
314 2029 475 2104 macies:
504 2030 646 2105 abeunt
662 2029 870 2128 pallorque,
891 2026 1084 2122 situsque;

62 2283 119 2319 vero
134 2268 458 2337 sescenisnummis
474 2270 562 2320 insera-
612 2272 732 2320 honorum
751 2267 948 2332 solidumcujus
964 2263 1112 2316 monadica

63 2343 258 2412 musonium
292 2344 358 2394 Num
375 2345 477 2395 Ovidius
487 2347 565 2407 putris
613 2342 971 2409 vegetiorssredderetbomines
979 2347 1004 2389 st
1013 2339 1111 2390 sanitati

62 2416 174 2484 scripsiti
193 2418 497 2469 Romomisitinvsrsione.
515 2419 563 2468 Im·
612 2417 760 2466 restitueret:
789 2415 952 2482 compositioni
978 2414 1014 2464 illi
1035 2412 1112 2479 παρέ-

62 2495 170 2551 ms'scait,·
188 2493 343 2550 (inserentis,
357 2496 480 2550 remiscuit,
499 2493 564 2558 quod
613 2491 690 2557 ψησις
700 2508 793 2549 nomen,
804 2507 847 2540 seu
858 2489 960 2547 decocti,
972 2487 1059 2537 sabnlrs
1070 2503 1111 2536 oo·

62 2566 144 2631 placet
159 2567 305 2622 Burms'nnm
316 2574 345 2615 ut
355 2567 419 2632 apud
430 2567 563 2626 Horatium,
613 2565 731 2614 cesionem
741 2565 816 2614 dedit.
845 2564 974 2628 Diogenes,
982 2561 1045 2627 apud
1056 2559 1111 2610 Sto·

62 2640 120 2689 Art.
131 2642 201 2690 Post.
212 2643 266 2691 151.
276 2643 406 2707 sntsfutsa
415 2646 525 2692 munst.
612 2641 699 2698 boam,
709 2639 780 2689 refert
788 2636 1032 2700 Modesminvenisse
1041 2635 1113 2686 ratio-

96 2716 154 2764 281.
183 2715 286 2779 Indum]
327 2716 478 2776 Basileonsis,
499 2721 563 2766 inve-
613 2732 668 2766 nem
685 2731 734 2781 qua
750 2716 833 2765 molles
851 2724 876 2765 et
894 2715 982 2764 inertes
997 2715 1071 2762 sortes
1088 2720 1114 2761 et

63 2792 111 2847 nit,
132 2789 196 2855 quod
219 2805 266 2839 non
284 2790 386 2840 damnat
404 2793 565 2850 Burmannus,
613 2787 741 2857 prudentes
759 2790 876 2840 redderet.
916 2790 1031 2852 Ropuore,
1048 2786 1113 2835 illico

64 2863 123 2930 qais
132 2865 350 2930 samnirssrepede
365 2865 395 2915 iis
408 2880 462 2931 quse
477 2866 564 2926 subito,
614 2873 712 2915 traxere.
744 2865 774 2913 in
792 2865 896 2912 carmine
914 2863 1007 2912 Nissos
1023 2861 1113 2910 Medos

63 2946 89 2987 et
115 2945 201 3004 preter
222 2938 422 3004 expectationem,
441 2939 563 2988 eveniunt.
614 2938 795 2990 iasonem'saoit
806 2938 882 3004 κόρον
892 2935 1017 3001 ἡβώοντα,
1029 2939 1116 3002 Pipae.

63 3013 150 3062 Induit
168 3021 251 3063 tamen
276 3013 412 3079 eleganter:
440 3014 565 3078 virgilius,
613 3012 771 3069 ἀποξύσασα.

63 3088 153 3150 Georg.
162 3087 179 3136 i.
190 3087 238 3135 oo:
255 3104 304 3135 msa
312 3103 335 3136 as
344 3089 423 3136 induit
432 3089 546 3153 inflorsm
553 3103 564 3149 ,·
646 3089 703 3136 290.
721 3088 795 3135 Pisiso
805 3085 909 3152 flagito
926 3084 994 3152 copie
1008 3085 1112 3150 poetice,

63 3160 303 3223 minuspotest
322 3179 345 3211 ss
364 3166 429 3214 orbos
447 3165 565 3212 iradusrst.
614 3163 721 3228 ntpaulo
730 3170 785 3211 ants
794 3164 898 3211 combibit
909 3171 1017 3224 acceptos.
1042 3161 1114 3220 Situs,

65 3236 194 3294 sirasirim
203 3234 281 3300 plenis
291 3250 414 3285 succorum
424 3244 449 3285 st
459 3235 564 3285 tumidis.
614 3236 689 3303 turpis
700 3236 802 3302 corporis
811 3237 877 3285 senio
887 3235 989 3285 coniecti
998 3235 1097 3284 babitus
1109 3254 1117 3298 3

62 3307 144 3358 Etinn
152 3325 284 3375 gravatam
290 3310 356 3373 fretu
366 3318 391 3360 et
398 3312 519 3374 parturire
529 3309 565 3358 di·
614 3309 686 3359 etiam
695 3313 753 3359 AEn.
760 3310 802 3359 vii.
812 3312 870 3359 448.
878 3309 920 3359 nbi
931 3319 1011 3359 tamen
1018 3309 1114 3358 omnino

62 3393 150 3434 cuntur
158 3385 248 3448 fruges.
614 3386 678 3434 mala
694 3385 831 3434 senectutis.
863 3385 1021 3446 supplentem
1041 3390 1068 3431 nt
1081 3381 1114 3431 iv.

95 3461 154 3509 sot.
174 3459 260 3508 Versat
267 3458 397 3524 exquisite,
408 3457 565 3516 virescitis-
617 3460 677 3507 140:
695 3454 737 3508 sed
750 3459 801 3524 jsm
816 3465 873 3506 ante
885 3457 978 3506 dixerat
988 3472 1061 3505 reuss
1076 3472 1114 3506 re·

63 3533 130 3583 ribus
140 3541 170 3583 et
185 3533 331 3598 graminibus
340 3534 449 3590 vestitur,
461 3541 489 3582 ut
506 3533 566 3583 solat
614 3533 692 3599 pietas
703 3549 763 3582 novo
773 3531 901 3598 sanguise,
932 3531 1020 3581 Nescio
1029 3530 1112 3596 igitur,

21 3616 26 3626 “
63 3609 115 3658 fieri
130 3617 235 3674 tempore
252 3624 331 3658 verno.
347 3609 420 3658 Trist.
429 3609 478 3658 111.
488 3608 530 3657 xii.
541 3610 565 3657 8.
615 3621 647 3655 an
664 3623 713 3656 non
732 3613 829 3673 prestet
846 3605 946 3670 antiqua
965 3604 1043 3661 lectio,
1059 3621 1113 3669 qum

63 3700 116 3733 coss
132 3693 264 3741 montes,
285 3683 437 3733 lascivientes
459 3691 563 3748 tempora
612 3681 766 3745 plurimorum
786 3679 926 3729 auctoritate
943 3677 1034 3735 nititur,
1054 3695 1115 3727 cauca

64 3771 146 3807 verno.
170 3757 313 3823 Propertius,
323 3759 371 3808 IV.
381 3775 405 3808 v.
415 3759 456 3808 57.
466 3773 565 3807 omaus
613 3757 750 3818 mppternur
760 3770 849 3816 empore
859 3770 940 3818 rugoe3
952 3765 1054 3816 nsmqua
1062 3769 1113 3800 cor-

59 3830 157 3898 jnvenis
165 3834 267 3896 tangatis.
612 3843 656 3888 pm
664 3844 729 3894 sepe
738 3829 769 3878 de
780 3843 850 3878 carne
860 3836 886 3876 et
898 3825 1043 3892 pinguedine
1054 3824 1114 3873 dioi-

96 3906 154 3954 28⁸.
171 3905 218 3954 Ore
233 3906 341 3971 accipere
351 3920 436 3954 succos
447 3905 486 3954 vix
497 3913 564 3970 pote-
614 3911 666 3952 tur:
685 3905 766 3954 confer
782 3919 854 3970 snpra
864 3903 883 3952 i.
895 3904 960 3963 4083
981 3900 1112 3950 Claudias.

62 3987 108 4036 rat,
121 3980 206 4044 jugulo
218 3981 318 4030 recluso
352 3981 564 4043 Borbmoomcqoe,
613 3976 640 4027 ii.
663 3979 762 4044 Eutrop.
783 3980 838 4027 ³⁸0.
863 3979 982 4026 mundans
1007 3978 1114 4038 corporis.

62 4062 110 4102 etc.
145 4053 562 4120 MedosinquitPalaephamsher-
612 4051 683 4108 Quod
696 4060 775 4100 autem
793 4054 946 4101 Burmannus
961 4048 1113 4116 putat,cavi-

64 4129 122 4176 bam
136 4127 227 4178 invenit
237 4144 291 4194 qum
302 4145 373 4179 canos
383 4129 482 4194 capillos
491 4129 516 4177 in
526 4127 563 4176 ni·
613 4134 688 4174 tatem
704 4127 790 4176 meiius
806 4127 932 4177 convenire
949 4125 1024 4182 venis,
1041 4139 1113 4191 qaam

64 4217 118 4265 gros
137 4210 255 4265 verteret,
271 4203 347 4268 prime
362 4219 457 4270 quoque
473 4202 565 4254 invenit
614 4201 686 4265 rugis,
694 4200 719 4248 id
730 4199 859 4264 nihiiivast3
877 4199 1114 4267 quisanimduiiitet,

1070 4499 1075 4506 ’
1137 4582 1336 4712 Λ
