2812 5010
593 334 633 399 P.
657 332 820 401 OVIDII
845 331 1059 399 NASONIS

295 332 361 399 332

236 577 237 581 ,
296 507 460 582 Pectora
475 509 661 607 rupisset-3
691 508 763 583 nisi
778 517 871 607 post
889 507 1023 582 altaria
1040 504 1208 579 Phineus

296 623 417 698 Isset:
446 635 497 711 et,
517 624 732 720 indignum!
749 606 945 698 ¹scelerato
962 621 1103 722 profuit
1119 645 1196 695 ara.

296 738 433 815 Fronte
444 751 571 815 tamen
583 740 711 814 Rhoeti
726 765 801 813 non
815 739 919 813 irrita
929 738 1057 837 cuspis
1068 736 1245 824 adhaesit3
1261 735 1349 831 [esti

296 855 371 940 Qui
389 868 592 955 postquam
606 856 755 945 cecidit,
767 854 984 953 ferrumque
998 879 1047 928 ex
1065 877 1150 929 osse
1161 852 1353 927 revulsum

293 970 473 1070 Palpitat
493 983 533 1047 et
549 973 692 1071 positas
710 970 878 1070 aspergit
896 970 1078 1068 sanguine
1097 991 1261 1043 mensas.
1299 970 1350 1040 40
1376 1044 1382 1057 ,

294 1087 392 1160 Tum
410 1112 497 1162 vero
515 1088 715 1163 indomitas
734 1086 898 1162 ardescit
913 1087 1048 1183 vulgus
1067 1085 1105 1158 in
1124 1085 1219 1171 iras3

293 1203 464 1302 Telaque
481 1204 707 1302 conjiciunt3
737 1214 776 1277 et
794 1214 894 1289 sunt,
910 1203 976 1298 qui
996 1200 1153 1300 Cephea
1168 1198 1300 1273 dicant

209 1376 213 1384 .
294 1317 394 1391 Cum
411 1343 550 1416 genero
567 1320 706 1394 debere
725 1319 842 1392 mori:
871 1319 940 1393 sed
955 1317 1085 1391 limine
1102 1314 1194 1390 tecti

293 1432 451 1510 Exierat
469 1435 669 1534 Cepheus3
699 1447 859 1511 testatus
877 1435 1039 1533 lneque,
1059 1433 1284 1531 Eidemque,

293 1549 537 1649 Hospitiique
557 1553 672 1640 Deos,
689 1577 735 1627 ea
751 1576 793 1627 se
811 1551 1035 1650 prohibente
1052 1549 1205 1623 moveri.
1296 1551 1345 1622 45

293 1666 440 1741 Bellica
457 1668 586 1743 Pallas
605 1670 733 1757 adest3
763 1676 803 1742 et
818 1666 982 1765 protegit
1000 1664 1120 1762 aegide
1136 1664 1303 1750 fratrem,

293 1780 449 1880 Datque
467 1783 623 1858 animos.
662 1783 754 1858 Erat
771 1782 890 1857 Indus
908 1781 1034 1869 Athis,
1055 1793 1170 1879 quem
1188 1777 1342 1853 flumine

292 1897 407 1973 Edita
424 1900 734 1976 Limnatevitreis
754 1900 948 1998 peperisse
963 1899 1033 1971 sub
1047 1896 1163 1970 antris
1190 1895 1342 1992 [Gange

291 2100 366 2148 altera
380 2099 423 2149 illa
440 2100 465 2150 in
480 2102 568 2168 nuptiis
578 2101 685 2168 Pyrithoi
700 2118 789 2169 pugna,
841 2111 925 2176 quales
935 2109 1014 2158 solent
1022 2105 1129 2156 Orientis
1139 2103 1231 2172 populi,
1243 2119 1341 2169 quornm

289 2174 331 2222 lib.
352 2174 395 2223 xii.
410 2177 476 2225 258:
502 2179 623 2226 Proaimas
641 2187 668 2226 ut
687 2185 789 2234 steterat,

288 2258 390 2310 spectans
397 2253 484 2300 altaria
494 2255 563 2301 vultu
570 2253 670 2302 Fumida
682 2254 789 2311 terribili,

288 2340 331 2372 cur
341 2341 395 2382 non,
406 2327 448 2382 ait,
460 2329 549 2374 utimur
561 2328 627 2375 istis?

321 2398 361 2447 33.
393 2399 488 2457 Fronte,
512 2400 579 2449 deest
604 2407 638 2449 in.
673 2401 787 2463 Palpitat.

205 2522 207 2527 ¹
288 2471 371 2529 Multi,
390 2475 507 2522 calcitrat.
540 2474 672 2524 Famabius
686 2473 727 2540 qui
745 2474 788 2524 ad·

288 2544 361 2595 mittit
377 2549 485 2595 calcitrat
500 2547 546 2596 hoc
558 2547 655 2596 verbum
671 2549 706 2597 ita
716 2548 788 2598 inter·

288 2628 409 2684 pretatur:
431 2623 526 2670 “More
543 2621 679 2670 cadentium
694 2622 719 2671 in
737 2623 789 2673 acie

287 2701 311 2741 et
330 2711 419 2759 pugna,
441 2695 491 2760 qui.
512 2697 561 2752 λὰξ
582 2704 624 2746 aut
645 2695 704 2753 ὀδὰξ
725 2696 789 2764 apud

287 2776 378 2832 poetas,
394 2781 481 2819 terram
496 2766 604 2836 ingratiis
623 2780 647 2820 et
662 2771 788 2837 indignan-

286 2849 322 2890 ter
334 2843 466 2893 salutant.”
500 2846 624 2904 Indomita,
637 2845 787 2912 ἀδάμαστος,

286 2915 453 2981 implacabilis.
490 2921 586 2986 Vulgus,
597 2921 684 2970 milites
701 2936 786 2985 grega-

286 2991 315 3039 rii
324 3010 332 3051 3
348 2994 429 3042 confer
441 3011 533 3044 versum
551 2997 608 3044 207.
643 2997 785 3059 Conjicinnt

286 3080 336 3113 nna
348 3067 448 3130 jaciunt.
483 3068 570 3116 Confer
581 3085 636 3117 cum
647 3069 692 3117 hoc
704 3069 785 3118 ardore

286 3138 327 3188 xii.
338 3140 387 3187 ato
398 3156 450 3205 sqq.
477 3141 505 3189 Se
513 3143 652 3203 prohibente,
663 3143 785 3209 prohibere

285 3213 390 3267 volente,
399 3213 557 3278 improbante.
585 3216 619 3264 Ea
630 3220 721 3273 moeni,
728 3232 784 3266 eum

286 3288 414 3336 tumultum
424 3288 532 3338 excitari.

319 3363 359 3411 46.
379 3363 469 3411 Bellica
494 3364 582 3420 Pallas,
609 3363 672 3428 etc]
696 3365 785 3422 Heroa,

285 3453 357 3502 quem
384 3437 445 3486 inter
473 3437 656 3503 praesentissima
679 3438 786 3504 pericula

285 3510 372 3560 servm
386 3511 502 3568 volunta
520 3510 615 3561 nurnine
633 3512 737 3576 quodam
746 3511 785 3561 vel

284 3593 384 3643 tectum,
407 3586 445 3635 vel
473 3586 619 3635 admonitum
643 3596 719 3651 poetar
740 3587 784 3634 fin-

283 3669 351 3724 gunt.
384 3660 423 3708 Sic
435 3659 476 3709 xii.
488 3661 546 3710 359.
557 3660 664 3709 Theseus
676 3660 784 3717 Pallados

284 3737 403 3782 admonita
421 3743 493 3783 tutus.
528 3735 609 3783 Pallas
627 3744 706 3783 autem
726 3736 783 3784 Per-

284 3823 325 3856 seo
334 3808 360 3856 in
371 3808 480 3857 omnibus
490 3808 614 3858 itineribus
626 3809 716 3859 aderat.
745 3811 784 3860 De

284 3882 368 3945 AEgide
390 3883 441 3947 ejus
464 3885 530 3933 locus
551 3886 665 3933 classicus
687 3886 784 3935 Homeri

284 3957 316 4004 11.
341 3963 370 4006 B.
392 3959 439 4006 447
461 3975 515 4023 sqq.
560 3961 675 4007 Fratrem.
703 3961 781 4010 Etiam

284 4031 362 4096 Orph.
383 4031 413 4079 de
431 4033 491 4096 Lap.
508 4049 548 4082 xv.
566 4035 606 4082 42.
624 4034 782 4101 κασίγνητος,

244 4129 249 4138 ·
283 4121 418 4169 germanus,
429 4107 555 4156 Minerva.

317 4180 357 4228 47.
386 4181 462 4237 Athis,
483 4196 543 4246 puer
566 4191 675 4232 teneret
696 4184 781 4241 mollis,

840 2183 954 2234 etiamad
971 2183 1058 2230 fastum
1071 2188 1176 2235 ornatus,
1188 2178 1248 2227 torte
1260 2178 1341 2226 adum-

839 2259 922 2308 bratus
934 2254 1075 2318 esteVirg.
1086 2253 1121 2302 ix.
1132 2254 1190 2302 531.
1219 2297 1225 2311 ,

872 2333 911 2380 48.
929 2329 1057 2393 Limnete]
1076 2329 1107 2376 In
1124 2327 1168 2375 hoe
1185 2325 1282 2375 nomine
1297 2341 1338 2374 ra·

838 2405 901 2454 riant
912 2405 983 2453 MSS.
995 2402 1107 2451 Heinsius
1118 2398 1274 2450 scribendum
1285 2414 1338 2448 cen-

838 2487 875 2528 set
894 2480 1018 2533 Limnatis,
1034 2475 1087 2525 derb
1101 2479 1147 2536 τῆς
1161 2472 1267 2540 λίμνης.
1300 2472 1337 2521 Sic

838 2552 902 2618 apud
922 2549 1112 2600 mcedaemonios
1131 2547 1199 2596 culta
1215 2545 1262 2595 suit
1277 2546 1338 2594 Lim·

838 2630 899 2674 natis
913 2625 1002 2681 Diana,
1020 2623 1085 2672 dicta
1104 2637 1116 2670 a
1137 2620 1229 2670 Limnis
1247 2618 1339 2685 oppido.

838 2699 915 2748 Addit
932 2698 996 2747 idem
1011 2706 1036 2746 et
1051 2697 1182 2745 Limnacias
1197 2693 1247 2759 legi
1264 2708 1338 2758 posse,

838 2789 894 2822 nam
904 2770 1053 2838 λιμνακίδας
1064 2786 1115 2819 esse
1125 2768 1245 2834 nymphas
1259 2766 1337 2832 palus-

838 2855 894 2897 tres.
922 2848 1004 2895 Antris
1014 2845 1044 2894 de
1057 2845 1146 2894 Oceano
1155 2853 1181 2892 et
1191 2843 1295 2890 Eridano
1304 2855 1338 2890 re·

838 2922 928 2988 peritur
939 2921 1002 2987 apud
1011 2918 1181 2974 Claudianum,
1189 2916 1250 2966 XII.
1259 2914 1337 2965 xxxiv.

837 2998 877 3045 28.
897 2997 957 3043 147:
979 2995 1057 3043 Vitrea
1074 2994 1154 3041 sedilia
1172 2991 1301 3055 Clymenes
1314 2989 1337 3039 in

837 3070 934 3119 Oceano
943 3069 1029 3133 Virgil.
1044 3069 1133 3131 Georg.
1149 3065 1182 3114 iv.
1199 3067 1258 3114 350.
1290 3065 1336 3112 Pu·

836 3153 889 3194 tant
899 3143 1000 3208 intelligi
1015 3142 1168 3208 crystalline5
1185 3156 1215 3190 ex
1228 3140 1336 3205 crystallo

836 3218 899 3266 enim
917 3226 986 3266 antra
998 3218 1043 3266 sub
1060 3216 1118 3265 mari
1132 3214 1266 3281 composita
1281 3213 1335 3279 fingi

836 3292 951 3358 aptatis.
984 3291 1031 3341 Sed
1047 3301 1072 3340 et
1086 3290 1335 3356 aquamarineaitrss

834 3366 935 3416 dieitur:
953 3365 1051 3416 AEneid.
1062 3365 1102 3414 rii.
1114 3366 1171 3414 759.
1182 3368 1259 3413 nitrea
1272 3365 1334 3432 arida

834 3441 918 3492 Fucini
929 3460 936 3502 3
964 3441 1054 3491 Claud.
1074 3439 1158 3488 xxxiii.
1177 3440 1237 3489 267.
1259 3441 1335 3488 vitreis

836 3510 939 3564 Oceanus
954 3517 1032 3563 anda.
1049 3512 1114 3572 Quin
1125 3513 1186 3563 adeo
1197 3512 1241 3561 Dii
1252 3511 1334 3561 marini

832 3588 879 3653 ipsi
897 3591 982 3637 vitrei:
1007 3589 1091 3636 Horat.
1109 3588 1132 3635 I.
1151 3587 1200 3636 Od.
1221 3584 1281 3635 xvii.
1295 3587 1333 3634 20.

834 3665 907 3710 vitrea
916 3663 993 3710 Circe.
1020 3660 1084 3709 Hinc
1095 3660 1175 3709 omnia
1188 3663 1271 3717 vitrea,
1282 3675 1332 3723 qua

834 3737 865 3785 ad
884 3737 950 3784 Deos
968 3735 1070 3785 marinos
1091 3733 1218 3801 pertinent.
1250 3732 1333 3796 virgil.

834 3812 923 3875 Georg.
934 3809 968 3858 iv.
978 3810 1035 3858 335.
1049 3807 1169 3873 Nympha
1181 3806 1275 3858 Oceani
1286 3807 1333 3854 vel·

834 3885 883 3933 lera
899 3891 1000 3948 carpunt
1020 3883 1084 3946 hyali
1100 3883 1174 3930 colore
1183 3881 1282 3946 focata
1292 3877 1331 3930 ti-

830 3958 897 4014 λινα,
909 3956 993 4005 vitrea.
1019 3955 1112 4020 Nempe
1124 3963 1253 4018 utrumque
1263 3969 1330 4002 voca·

831 4039 878 4089 tur,
891 4039 915 4080 et
933 4030 963 4078 de
977 4027 1055 4078 colore
1067 4026 1136 4079 viridi
1149 4035 1174 4076 et
1184 4026 1288 4076 ceruleo
1296 4025 1331 4095 di·

831 4105 900 4162 eina,
912 4120 985 4169 quem
994 4101 1109 4167 qnoniam
1124 4117 1190 4150 mare
1205 4100 1288 4158 refert,
1299 4114 1329 4146 a·

831 4195 877 4242 qne
888 4195 916 4228 ac
930 4180 1012 4228 viridis
1026 4185 1050 4226 et
1061 4177 1171 4233 ceruleas
1182 4175 1212 4224 de
1222 4173 1330 4224 omnibus
