2812 5010
173 330 216 395 82
407 325 412 331 ’
469 326 695 396 P.'0V1D11
720 330 931 397 NASONIS

173 505 372 580 Perfusam
391 505 509 579 multo
528 514 699 579 natorum
717 506 899 602 sanguine
917 503 1072 578 Terram

140 615 143 623 ’
173 621 382 695 Incaluisse
400 620 536 708 ferunt,
555 621 797 719 calidumque
818 621 1004 694 animasse
1027 644 1220 709 cruorem3

174 736 237 824 Et,
250 761 299 810 ne
312 737 414 810 nulla
432 761 509 809 suae
528 736 655 834 stirpis
669 747 913 811 monumenta
926 747 1134 823 manerent,
1153 741 1223 811 159

175 852 222 925 In
239 852 375 926 faciem
391 853 549 925 vertisse
566 851 782 927 hominum:
805 854 872 928 sed
891 863 930 928 et
942 854 1007 926 illa
1025 876 1193 952 propago

176 967 413 1042 Contemtrix
433 967 632 1065 Superum,
653 968 842 1066 saevaeque
860 969 1076 1044 avidissima
1095 967 1223 1054 caedis,

176 1083 227 1159 Et
243 1083 406 1157 violenta
423 1081 514 1155 fuit:
545 1083 661 1157 scires
681 1108 701 1157 e
720 1086 901 1182 sanguine
919 1094 1041 1159 natos

225 1200 293 1275 IV.
324 1200 418 1284 Quae
436 1209 543 1299 pater
561 1211 603 1273 ut
620 1225 767 1275 summa
784 1202 878 1275 vidit
897 1200 1095 1275 Saturnius
1125 1223 1223 1285 arce,

209 1437 264 1486 157.
282 1435 523 1500 Multo-magaine.]
543 1434 627 1484 lleins.
645 1451 675 1485 ex
726 1451 772 1499 quo
785 1443 884 1499 utroque
897 1434 950 1483 loco
967 1432 1009 1481 filii
1025 1431 1150 1497 Lycaonis,
1162 1431 1227 1497 quod

173 1527 222 1560 uno
248 1508 316 1558 Ieid.
342 1507 429 1557 arridet
451 1511 531 1556 metito
557 1510 675 1573 sanguine·
725 1509 765 1558 bic
779 1508 878 1558 traditur
889 1509 1029 1574 periculum,
1040 1508 1065 1556 in
1075 1508 1136 1557 Jove
1147 1508 1227 1556 facere

175 1586 253 1632 Immo
268 1584 292 1631 in
302 1584 374 1630 multo
384 1596 457 1630 causa
469 1584 619 1631 incalescentia*
626 1600 635 1641 ,·
652 1591 677 1631 et
726 1591 848 1640 conantur,
860 1599 931 1648 quam
943 1583 973 1630 ob
983 1597 1080 1631 cansam
1091 1579 1138 1646 ipsi
1146 1579 1226 1629 fulmi-

175 1662 262 1708 multus
283 1673 334 1706 esse
355 1656 458 1705 debebat
473 1656 610 1705 immanium
630 1657 674 1707 Gi·
726 1672 757 1706 ne
776 1665 905 1719 necantur;
922 1665 989 1721 pater
1003 1667 1082 1706 autern
1096 1655 1228 1704 secundum

174 1742 274 1797 gentum
303 1746 379 1778 emor.
422 1730 468 1777 Pro
495 1729 588 1777 Terram
615 1746 677 1779 unus
726 1730 816 1795 Hygin.
832 1731 857 1779 in
874 1730 958 1796 lupum
973 1729 1127 1786 convertitur,
1143 1744 1227 1778 secun-

175 1807 259 1856 Heins.
272 1803 446 1868 matrem,quod
457 1803 639 1868 praefertBurm.
650 1811 676 1851 ut
727 1803 784 1854 dum
802 1805 913 1870 Apollod.
932 1813 1011 1854 autem
1029 1819 1077 1854 una
1098 1819 1154 1853 cum
1173 1801 1229 1852 filiis

173 1883 209 1932 sic
228 1880 353 1935 indicetur,
371 1878 447 1926 Terrae
467 1878 527 1926 filios
542 1879 613 1928 fuisse
632 1878 676 1928 Gi·
726 1882 895 1929 concremetur.
928 1880 990 1929 Cum
1006 1877 1228 1944 Apollodconsen·

175 1964 267 2020 gantas.
289 1954 366 2001 Immo
376 1952 470 2002 Terram
480 1962 586 2001 actorum
595 1968 676 2001 eorum
727 1953 756 2002 tit
766 1955 845 2003 Schol.
854 1953 972 2019 Lycophr.
984 1953 1074 2001 adver.
1086 1952 1143 2000 461.
1163 1953 1228 2001 Pau·

173 2030 289 2094 originem
315 2027 422 2076 declarat
448 2036 554 2087 certam3
583 2036 676 2076 matrem
726 2043 777 2077 san.
787 2028 876 2077 Arcad.
887 2045 911 2093 p.
923 2029 980 2076 600.
990 2025 1070 2084 tradit,
1080 2027 1226 2090 Lycaonem,

176 2113 259 2154 contra
278 2119 330 2153 eam
348 2100 444 2150 dubiam
461 2099 582 2171 relinquit.
616 2102 676 2150 Haec
729 2102 823 2167 Pelasgi
833 2102 917 2152 filium.
925 2101 1024 2166 Cecropi
1035 2099 1162 2164 equalem,
1172 2099 1229 2149 Jovi

174 2177 262 2226 iabulae
278 2193 333 2242 pars
348 2175 435 2223 adficta
449 2182 543 2239 propter
556 2173 677 2223 hominum
726 2192 793 2225 sacra
805 2179 893 2242 Lycen
909 2176 1047 2232 instituisse,
1058 2173 1082 2223 in
1098 2173 1174 2238 iisque
1192 2173 1229 2222 in·

175 2249 348 2300 crudelitatem.
382 2248 497 2297 Crudeles
505 2251 617 2313 sanguine
627 2252 677 2297 noti
729 2250 817 2299 fantem
836 2250 987 2307 sacrificasse,
1003 2263 1104 2313 eamque
1122 2248 1153 2296 ob
1171 2263 1229 2297 cau·

176 2324 328 2374 dicebantur:
345 2322 453 2371 Tibull.
464 2321 488 2370 ii.
499 2322 540 2370 39.
557 2323 675 2380 Animam,
728 2340 778 2373 sam
798 2324 823 2373 in
842 2326 925 2391 lupum
946 2339 1084 2373 conversum
1105 2338 1164 2371 esse.
1198 2322 1229 2371 Id

175 2399 201 2447 in
222 2399 329 2447 animans
349 2406 453 2447 vertere:
484 2395 516 2444 iv.
536 2396 600 2454 61e;
629 2396 677 2445 xiv.
728 2400 791 2464 quod
811 2400 882 2465 paulo
908 2398 1014 2465 proprius
1036 2397 1067 2446 ad
1093 2395 1230 2447 historicam

176 2474 232 2522 566.
265 2473 311 2521 Pro
321 2472 383 2538 fere
398 2471 505 2519 revocavi
520 2487 573 2527 mc,
589 2469 614 2518 in
630 2487 677 2535 quo
726 2475 849 2524 veritatem
860 2473 960 2523 accedit.
981 2472 1076 2521 Etenim
1086 2470 1230 2520 etiammar·

177 2547 327 2611 indulgentia
347 2555 454 2595 materna
474 2544 535 2594 inest
555 2555 580 2594 et
605 2560 677 2594 eausa
727 2564 777 2597 mor
793 2548 911 2597 Arundel.
920 2547 936 2596 i.
948 2549 988 2596 31.
998 2555 1120 2602 memorat,
1136 2546 1229 2611 Lycao·

176 2620 320 2669 mutationis.
344 2620 439 2683 Neque,
450 2619 533 2683 sisara
544 2617 676 2684 praeestis·
728 2638 790 2680 nem,
801 2621 927 2680 Pandioni,
943 2619 1055 2685 Cecropis
1073 2619 1130 2676 filio,
1148 2635 1229 2684 aequa·

176 2702 220 2751 set,
238 2694 322 2759 subjici
340 2693 514 2758 potuissetted
529 2693 616 2749 atillo,
633 2701 679 2741 etc.

178 2769 301 2834 lafociem
313 2770 434 2823 hominum,
445 2767 470 2814 in
479 2766 593 2823 homines,
603 2775 644 2814 aut
655 2767 679 2815 in

176 2845 276 2891 formam
306 2841 437 2897 hominum,
464 2856 536 2905 quarn
564 2840 680 2904 Gigantes

178 2934 225 2966 non
251 2917 390 2966 habuerant.
423 2915 462 2964 Sic
493 2914 579 2963 dicitur
606 2915 680 2964 iacies

178 2992 256 3048 maris,
268 2990 341 3040 facies
356 2991 420 3047 eoeli,
432 2998 494 3050 ete.;
510 2990 617 3054 adeoque
630 3006 679 3038 om·
704 3038 706 3040 ,

177 3065 214 3115 nis
232 3074 329 3114 externa
350 3064 441 3130 species
459 3066 490 3112 et.
503 3065 585 3121 forma,
605 3064 680 3112 oculis

175 3140 293 3206 exposita,
305 3139 377 3188 facies
388 3138 527 3205 appellatur.
560 3137 624 3188 Hinc
640 3155 679 3187 su·

179 3213 295 3280 perficies.

214 3291 268 3338 162.
292 3289 365 3336 Scires
382 3305 394 3336 c
412 3291 523 3353 sanguine
541 3287 627 3350 autea]
648 3286 680 3337 vi.

178 3366 227 3412 22:
246 3363 342 3411 Sciretn
355 3363 449 3410 Pallade
461 3365 557 3410 doctum.
583 3362 646 3410 Fast.
655 3360 681 3409 ii.

178 3439 242 3485 419:
262 3438 340 3486 Morte
357 3447 414 3484 satos
429 3441 503 3484 sciret.
537 3435 601 3486 Vide
618 3436 680 3483 Dra·

179 3512 251 3559 kenb.
262 3511 293 3560 ad
304 3511 346 3559 Sil.
357 3528 381 3559 v.
391 3511 448 3559 279.

185 3615 188 3621 ,
213 3588 351 3634 lte-243.
369 3585 483 3648 Lycone]
509 3586 588 3643 Quam
609 3583 681 3649 impia

179 3660 222 3708 illa
238 3661 391 3725 eGigantum
407 3660 522 3724 sanguine
537 3665 588 3707 orta
602 3657 681 3723 proles

728 2699 783 2754 lem,
804 2695 933 2745 instituisse
959 2694 1015 2746 Jovi
1036 2710 1111 2751 sacra,
1133 2697 1231 2743 Λυκαῖα
1263 2753 1268 2762 ,

728 2771 802 2829 dicta,
810 2771 834 2818 in
845 2770 932 2835 quibus
943 2768 1049 2818 homines
1058 2769 1111 2817 Deo
1119 2768 1231 2816 offerren-

729 2854 774 2894 tur.
807 2845 888 2909 Atque
907 2844 958 2892 haec
977 2858 1043 2891 sacra
1060 2842 1101 2890 diu
1117 2841 1232 2890 memisse

729 2919 790 2968 inter
810 2918 927 2974 Arcadas,
947 2933 976 2966 ex
1006 2915 1105 2981 antiquo
1126 2915 1232 2980 quodam

730 3001 825 3042 auctore
842 2993 919 3041 refert.
937 2992 1000 3040 Plin.
1018 2991 1051 3040 H.
1070 2991 1102 3039 N.
1122 2989 1171 3039 viii.
1190 2992 1232 3038 32.

730 3069 823 3132 Regem
839 3068 930 3133 justum
951 3065 1023 3114 luisse
1046 3081 1101 3113 eum
1121 3064 1188 3112 Suid.
1206 3063 1233 3113 in

731 3140 835 3192 Λυκάων
844 3149 938 3201 narrat3
955 3149 1027 3205 atque
1041 3139 1115 3188 etiam
1127 3155 1157 3187 ex
1167 3139 1232 3188 Pau·

730 3231 781 3264 san.
788 3224 894 3280 apparet,
903 3215 978 3263 multa
989 3230 1043 3262 eum
1054 3213 1115 3261 inter
1124 3212 1234 3262 Arcadas

731 3289 761 3338 ad
777 3290 832 3339 vitae
847 3287 938 3338 cultum
954 3286 1082 3336 invenisse.
1116 3285 1234 3333 Fabulam

730 3363 760 3412 de
772 3362 901 3411 mutatione
913 3361 937 3409 in
948 3361 1031 3425 lupum
1042 3359 1113 3408 facile
1130 3357 1234 3407 nominis

731 3446 826 3502 etymon
837 3452 919 3501 parere
929 3435 1014 3500 potuit.
1042 3434 1080 3481 De
1089 3433 1234 3497 λυκανθρω-

731 3512 779 3579 trip
790 3511 897 3561 universe
913 3509 1026 3558 Herodot.
1044 3507 1080 3557 iv.
1098 3509 1154 3556 105.
1170 3505 1235 3555 Plin.

731 3587 755 3634 d.
766 3587 783 3634 l.
794 3586 923 3650 disputant.
957 3581 1072 3631 Fabulam
1088 3581 1113 3629 in
1129 3595 1154 3629 se
1164 3589 1234 3629 tenu·

730 3677 768 3710 em
777 3659 878 3711 Ovidius
886 3656 1024 3706 tractatione
1033 3654 1136 3704 reddidit
1145 3669 1235 3703 merno-

179 3734 257 3790 luerit,
284 3734 406 3783 commode
434 3734 545 3799 probatur
571 3731 681 3796 exemplo
729 3734 837 3791 rabilem,
851 3735 875 3782 in
892 3747 968 3796 eaque
984 3730 1119 3779 exornanda
1132 3728 1236 3777 multum

179 3808 304 3872 Lycaonis,
316 3808 378 3872 regis
388 3807 507 3863 Arcadia,
519 3806 560 3871 qui
575 3804 620 3870 ipsi
637 3806 679 3854 Jo—

182 3881 213 3936 vi,
231 3889 305 3929 terras
327 3881 420 3939 visenti,
441 3897 487 3929 non
508 3879 579 3928 modo
600 3894 682 3927 carnes

180 3954 296 4002 humanas
314 3964 462 4020 apposuerat,
475 3954 517 4002 sed
535 3953 608 4002 etiam
625 3952 681 4000 insi-

181 4028 232 4075 dias
246 4036 363 4077 struxerat
376 4047 383 4088 3
401 4046 473 4093 quam
488 4030 518 4077 ob
535 4027 681 4093 impietatem

181 4098 206 4149 in
223 4100 306 4166 lupum
323 4119 449 4151 conversus
466 4112 510 4152 est.
537 4103 577 4152 cf.
593 4101 683 4166 Hygin.

180 4176 229 4225 sab.
246 4177 299 4226 176.
317 4186 340 4226 et
357 4176 468 4242 Apollod.
479 4176 594 4225 Biblioth.
606 4176 639 4224 iii.
652 4177 683 4234 85

731 3808 820 3872 ingenii
831 3804 942 3855 ostendit.
975 3804 1050 3852 Poeta
1060 3818 1107 3850 non
1118 3801 1169 3867 ipse
1181 3816 1235 3850 nar·

732 3890 777 3938 rat,
788 3880 846 3945 quid
862 3880 958 3943 Lycaon
975 3875 1126 3931 commiserit,
1141 3873 1236 3923 sedJo·

732 3971 786 4004 vem
798 3953 852 4001 Diis
868 3949 1007 3999 convocatis
1018 3955 1153 3998 narrantem
1165 3947 1237 3995 indu·

733 4028 779 4078 cit:
806 4042 859 4092 qum
879 4024 984 4073 inventio
1003 4024 1079 4071 multa
1096 4029 1237 4070 ornamenta

733 4101 832 4169 peperit.
860 4100 898 4148 Sic
910 4099 972 4149 enim
985 4113 1107 4147 consessus
1118 4097 1234 4152 Deorum,

733 4176 846 4241 Jovisque
857 4173 968 4240 majestas
979 4172 1088 4229 describi,
1100 4179 1172 4236 atque
1184 4186 1237 4219 ora-
