2812 5010
288 347 355 412 466
575 346 615 410 Ρ.
639 341 801 410 OVIDII
827 342 1041 409 NASONIS

288 520 340 595 Et
356 520 518 618 Gyaros,
538 516 743 614 nitidaeque
760 516 866 591 ferax
884 516 1119 616 Peparethos
1137 519 1258 608 olivae,

288 637 498 711 Gnosiacas
512 635 643 731 juvere
661 643 782 708 rates:
812 635 930 707 latere
947 633 1036 708 inde
1054 634 1206 709 sinistro
1261 639 1332 709 471

286 751 490 850 OEnopiam
508 749 634 823 Minos
653 751 760 847 petit,
779 749 974 823 AEaeide'ia
991 773 1119 846 regna.

286 867 489 965 OEnopiam
505 877 651 940 veteres
670 866 929 965 appellavere:
959 867 1026 940 sed
1044 867 1127 963 ipse

286 985 425 1059 AEacus
443 981 617 1078 AEginam
635 983 836 1085 genetricis
855 981 1006 1056 nomine
1024 982 1133 1056 dixit.

285 1099 414 1173 Turba
430 1097 515 1182 ruit,
535 1107 727 1194 tantaeque
742 1097 863 1170 virum
880 1121 1109 1193 cognoscere
1125 1097 1236 1170 famae
1262 1104 1336 1174 475

287 1213 465 1312 Expetit:
494 1221 694 1285 occurrunt
711 1212 778 1298 illi,
797 1211 1069 1308 Telamonque,
1088 1212 1288 1310 minorque

287 1330 412 1415 Quam
429 1327 623 1414 Telamon,
643 1327 795 1415 Peleus,
815 1338 855 1402 et
871 1328 995 1426 proles
1012 1329 1125 1402 tertia
1143 1329 1311 1404 Phocus

287 1446 378 1543 Ipse
396 1467 549 1539 quoque
566 1443 769 1538 egreditur,
788 1442 917 1516 tardus
935 1444 1116 1538 gravitate
1135 1447 1257 1533 senili,

287 1561 447 1646 AEaeus3
477 1569 516 1631 et
534 1582 619 1655 quae
638 1558 689 1630 sit
705 1557 879 1631 veniendi
896 1580 1012 1630 causa
1029 1559 1198 1654 requirit.

288 1673 514 1748 Admonitus
531 1672 642 1770 patrii
660 1673 785 1745 luctus
804 1672 982 1770 suspirat,
1002 1683 1041 1745 et
1059 1673 1112 1744 illi
1264 1679 1339 1750 480

287 1789 404 1862 Dicta
421 1786 533 1859 refert
548 1797 670 1859 rector·
687 1787 911 1885 populorum
928 1786 1019 1860 talia
1035 1799 1210 1862 centum:

288 1912 315 1943 “
333 1901 450 1975 Arma
461 1903 571 1998 juves
589 1925 654 1973 oro
672 1925 739 1999 pro
758 1911 872 1997 gnato
890 1912 1062 1999 sumpta3
1091 1903 1244 2002 piaeque

288 2016 384 2091 Pars
404 2017 455 2090 sis
473 2017 637 2091 militiae:
667 2019 812 2089 tumulo
831 2019 964 2092 solatia
981 2018 1138 2116 posc0.”

289 2131 390 2207 Huic
408 2131 633 2229 Asopiades
655 2140 679 2170 “
698 2131 805 2205 Petis
824 2133 963 2222 irrita,’'
981 2132 1090 2222 dixit,
1103 2115 1134 2172 '“
1150 2143 1189 2206 et
1206 2136 1292 2208 urbi

289 2247 404 2321 Haud
421 2247 594 2322 facienda
611 2271 725 2322 meae:
755 2273 880 2346 neque
897 2249 999 2323 enim
1013 2249 1250 2346 conjunctior
1267 2252 1342 2325 ulla

291 2363 512 2462 Cecropidis
528 2364 600 2438 hae
619 2374 678 2437 est
695 2364 829 2440 tellus:
858 2389 904 2439 ea
920 2364 1063 2439 foedera
1079 2364 1227 2440 nobis.''
1267 2352 1340 2441 486

320 2616 377 2664 472.
395 2616 499 2677 OEnopia,
511 2623 536 2662 et
552 2615 638 2664 OEaone
653 2623 709 2664 ante
725 2616 790 2664 dicta
837 2615 864 2673 ii,
876 2615 917 2681 qui
932 2617 1026 2666 honoris
1037 2633 1111 2667 eausa
1125 2618 1223 2668 obviam
1233 2628 1293 2669 eunt
1303 2636 1345 2670 ve·

287 2689 331 2738 illa
350 2689 437 2739 insula.
479 2688 604 2753 Euripides
628 2691 653 2738 in
680 2689 790 2755 Iphigen.
839 2689 923 2738 nienti.
958 2690 1060 2740 Phocum
1074 2690 1168 2755 ignorat
1183 2694 1303 2743 Isocrates
1317 2694 1343 2742 in

287 2765 348 2812 Aul.
357 2764 417 2813 699.
428 2762 490 2822 Ζεύς
504 2761 599 2812 Αἰακὸν
613 2761 633 2811 δ’
649 2763 737 2827 ἔφυσεν
748 2763 790 2813 Ol·
838 2763 987 2827 Euagoraiv.
1015 2765 1145 2829 Egreditur
1153 2765 1179 2814 in
1188 2766 1256 2815 litus.
1281 2766 1343 2815 Gra·

288 2839 373 2897 νώνης
391 2837 499 2902 πρόμον.
541 2837 581 2884 Ita
602 2844 627 2885 et
650 2837 790 2895 Pausanias,
838 2839 905 2893 ratos,
924 2835 1034 2886 debilitas
1054 2838 1167 2903 corporis,
1189 2855 1244 2904 quae
1265 2841 1344 2889 tardat

289 2909 345 2958 Cor.
366 2926 391 2974 p.
414 2912 468 2959 122.
510 2909 646 2973 Stephanus
672 2909 702 2959 de
724 2911 790 2959 Urbe
838 2908 966 2959 incessum.

288 2983 398 3044 Οἰνώνη,
416 2989 494 3044 νῆσος
516 2983 563 3049 μία
586 2989 636 3034 τῶν
655 2983 789 3035 Αἰακίόων.
872 2984 930 3032 480.
947 2986 1084 3033 Admonitus
1102 2987 1176 3046 patrii
1198 2987 1284 3042 lartum,
1301 3000 1343 3050 pa·

288 3055 353 3104 Hine
365 3065 390 3104 et
400 3057 462 3105 hunc
473 3057 553 3104 locum
567 3057 664 3120 quidam
675 3057 789 3106 emendd·
840 3066 912 3106 ternae
928 3057 1057 3116 moestitiae,
1068 3074 1141 3122 quam
1155 3058 1240 3107 Minos
1254 3058 1285 3106 de
1294 3058 1343 3106 filio

288 3138 345 3178 runt
363 3131 481 3178 OEnonen:
506 3129 557 3178 sine
575 3146 655 3180 causa.
694 3131 791 3180 Etenim
840 3131 870 3178 ab
888 3128 1074 3179 Atheniensibus
1088 3129 1215 3180 interfecto
1228 3146 1344 3196 concepe-

289 3210 315 3253 et
340 3202 466 3258 Pindarus,
491 3201 554 3250 Isth.
576 3202 626 3252 viii.
645 3205 687 3252 43.
708 3206 791 3255 νᾶσον
839 3212 884 3254 rat.
917 3204 956 3253 De
973 3208 1110 3261 admonitus,
1121 3204 1177 3254 vide
1194 3204 1225 3253 ad
1237 3204 1273 3253 ix.
1285 3206 1343 3254 324.

290 3274 415 3325 Οἰνοπίαν
425 3275 494 3332 dixit,
502 3283 526 3323 et
537 3276 625 3324 Noster
634 3292 689 3324 mox
700 3279 791 3339 (Enopii
842 3279 934 3326 Rector.
968 3278 1056 3337 Minos,
1068 3279 1136 3344 cujus
1151 3278 1251 3344 imperio
1266 3278 1345 3344 parpit

288 3354 359 3400 mari.
391 3349 496 3398 Nomina
517 3357 597 3397 autem
618 3351 725 3416 ejusdem
745 3351 792 3401 loci
842 3351 923 3400 Creta.
953 3352 1050 3400 Centum
1058 3355 1203 3414 populosam.
1233 3352 1301 3400 Nota
1310 3359 1345 3400 est

289 3424 384 3473 diversa
406 3423 440 3472 sic
456 3434 671 3472 commemorantur
689 3434 713 3474 et
734 3425 792 3474 alibi
842 3425 915 3474 Creta
928 3425 1092 3491 ἑοατόμπολις
1104 3443 1134 3475 ex
1148 3425 1262 3482 Homero,
1274 3426 1306 3474 Il.
1316 3431 1345 3474 B.

289 3497 405 3563 epomis,
423 3506 451 3546 ut
468 3497 528 3544 AEn.
546 3497 564 3546 i.
586 3500 640 3546 108.
673 3500 791 3564 AEginam,
841 3501 905 3560 6495
922 3498 971 3548 vid.
981 3501 1073 3558 Strabo,
1085 3501 1127 3548 lib.
1137 3518 1161 3548 x.
1172 3517 1197 3565 p.
1207 3502 1265 3550 735.
1299 3501 1346 3548 Po·

289 3578 336 3620 etc.
352 3570 411 3619 Vid.
424 3571 557 3620 Muulrerus
569 3570 600 3619 ad
616 3571 706 3636 Hygini
723 3573 791 3621 labn·
837 3576 892 3635 pali
908 3590 950 3638 pro
966 3576 1080 3636 urbibus,
1096 3575 1182 3623 incolae
1200 3573 1265 3623 enim
1282 3574 1346 3624 urbis

289 3645 338 3693 lam
349 3647 391 3694 52.
839 3650 949 3709 populum
965 3648 1064 3698 faciunt.
1099 3651 1147 3697 Pro
1159 3660 1242 3714 galato,
1254 3666 1298 3716 pro
1309 3649 1345 3698 ul-

323 3719 380 3765 474.
403 3717 510 3780 Encas]
545 3719 649 3765 AEacum
665 3717 733 3766 Jovis
754 3718 791 3767 lu·
841 3721 952 3771 cisceuda
972 3721 1016 3770 filii
1037 3732 1122 3772 morte.
1170 3724 1280 3781 Tantalo,
1300 3731 1345 3773 etc.

289 3791 335 3839 isse
353 3790 428 3839 filiurn
446 3798 555 3838 constat:
575 3789 614 3839 cui
632 3798 679 3838 tres
696 3790 792 3840 suerunt
841 3810 927 3860 nempe
938 3796 1029 3844 occisos
1039 3798 1119 3846 hostes
1128 3795 1227 3846 inferias
1234 3799 1288 3847 vult
1299 3798 1345 3846 filio

289 3864 340 3921 filii,
350 3863 475 3920 Telamon,
487 3863 576 3912 Peleus
587 3871 612 3912 et
621 3863 726 3912 Phocus.
752 3864 791 3912 De
843 3866 946 3926 mittere,
957 3868 1002 3917 xii.
1014 3872 1038 3919 2.

289 3938 327 3987 his
336 3936 391 3985 vide
404 3936 436 3985 ad
453 3935 487 3985 xi.
499 3938 556 3986 267.
590 3938 695 3986 Nomine.
726 3938 791 3988 Hinc
874 3942 933 3990 464.
958 3943 1087 4005 Asopiades,
1107 3942 1182 4008 Asopi
1203 3959 1234 3993 ex
1254 3944 1344 4008 AEgina

290 4018 341 4060 orta
350 4010 451 4059 lunonis
461 4008 560 4067 invidia,
570 4009 724 4075 immissaque
737 4025 791 4077 pes·
841 4029 923 4079 nepos.
956 4015 1001 4072 Eo,
1012 4023 1062 4065 tam
1078 4023 1180 4065 sancta:
1199 4017 1253 4066 Cic.
1264 4018 1308 4066 Or.
1319 4017 1344 4066 ii.

291 4083 393 4133 tilentia.
650 4121 652 4124 -
842 4089 883 4135 40.
895 4090 1014 4151 qoodeom
1023 4091 1191 4155 legemtrrltsti,
1204 4098 1256 4140 tam
1266 4089 1343 4156 perni-

324 4157 379 4206 476.
398 4157 500 4220 Repetit,
513 4157 587 4222 eupit.
621 4159 754 4208 Occurrunt
766 4167 791 4208 et
842 4160 939 4209 ciosam.
