2812 5010
174 328 242 394 324
460 324 500 389 Ρ.
525 322 688 389 OVIDII
712 322 924 390 NASONIS

174 503 353 577 indotata
370 499 492 599 rapit:
520 498 640 572 taedas
659 496 891 598 Hymenaeus
907 499 1101 598 Amorque

174 617 429 716 Praecipiunt:
459 615 573 712 largis
591 615 774 690 satiantur
792 617 969 691 odoribus
988 617 1118 714 ignes3

177 736 363 833 Sertaque
380 733 598 833 dependent
614 734 747 823 tectis3
778 733 936 832 lotique,
955 733 1138 832 lyraeque,

174 853 373 950 Tibiaque,
393 860 432 924 et
448 861 596 936 centua,
617 849 730 923 animi
748 847 874 924 felicia
890 848 966 922 laeti

175 969 421 1065 Argumenta,
441 975 600 1039 sonant:
629 966 804 1041 reseratis
823 988 938 1039 aurea
953 963 1070 1039 valvis

175 1082 283 1158 Atria
300 1093 382 1157 tota
398 1091 543 1179 patent,
563 1081 798 1179 pulchroque
816 1082 1000 1156 instructa
1017 1092 1152 1180 paratu

177 1200 402 1299 Cephenum
421 1222 596 1297 proceres
613 1199 744 1272 ineunt
761 1198 931 1273 convivia
948 1197 1061 1295 regie.
1244 1278 1247 1293 Ι

175 1315 386 1418 Postquam
404 1314 526 1412 epulis
545 1312 675 1401 functi,
695 1316 867 1411 generosi
882 1339 1036 1388 munere
1057 1313 1199 1388 Bacchi

1154 852 1223 921 760

209 1501 265 1550 756.
282 1498 677 1565 Copuleetturbatsensum,quod
727 1498 813 1548 mentis
833 1499 859 1548 in
879 1499 971 1548 adibus
992 1499 1102 1548 accensis
1123 1497 1223 1547 delecta·

176 1574 249 1623 etiam
259 1574 373 1625 Heinsius
389 1572 469 1630 sensit,
480 1573 522 1636 qui
534 1587 589 1620 earn
601 1579 679 1620 mutat
727 1575 814 1623 bantur
830 1573 943 1623 lautiores
959 1574 984 1622 in
1001 1573 1100 1623 Oriente
1115 1572 1224 1628 homines,

176 1649 201 1697 in
218 1658 254 1706 ut,
268 1647 311 1696 sed
328 1647 412 1695 melius
428 1648 530 1704 abesset,
543 1653 570 1694 ut
585 1650 679 1708 premia
728 1648 787 1696 forte
806 1647 949 1697 valetudinis
964 1646 1134 1697 conservande
1151 1658 1225 1694 causa.

176 1739 218 1788 per
229 1721 398 1787 appositionem
405 1720 514 1769 additum
521 1727 592 1769 esset.
608 1720 677 1769 Indo·
728 1723 788 1771 Eam
802 1723 828 1771 in
845 1737 895 1772 rem
909 1723 977 1772 focus
990 1722 1017 1771 in
1024 1721 1104 1770 medio
1114 1729 1177 1771 tecto
1186 1736 1225 1787 po·

177 1806 235 1852 toto,
244 1796 295 1844 sine
302 1811 382 1860 regno,
392 1794 457 1859 quod
465 1793 516 1842 doti
523 1793 679 1861 promiserant
730 1796 797 1846 situs.
815 1792 1013 1862 Virgil.'AEneid.
1023 1796 1064 1846 vii.
1077 1798 1118 1846 13.
1241 1801 1244 1810 ’

177 1878 296 1936 parentes,
317 1886 386 1919 versu
408 1870 463 1918 705.
505 1869 585 1931 Rapit.
611 1868 679 1916 Idem
763 1873 820 1921 759.
839 1873 910 1921 Sertis
920 1871 1019 1920 inomni
1029 1871 1124 1929 latitia,
1135 1870 1227 1937 publice

177 1945 290 1997 Heinsius
298 1961 328 1993 ex
336 1961 384 1993 uno
393 1943 507 1993 Gronovii
518 1953 543 1992 et
551 1943 680 1994 Barberino
730 1952 754 1993 et
760 1946 861 2010 privata,
871 1946 1017 1994 exornabant
1024 1947 1127 1995 Veteres
1134 1944 1226 2010 januas,

176 2016 272 2084 prefert
288 2021 358 2079 eupit.
391 2017 447 2066 Non
464 2019 570 2076 arbitror,
584 2026 680 2083 poetam
730 2020 832 2068 maxime
840 2027 920 2068 tamen
930 2019 957 2067 in
967 2019 1069 2084 nuptiis:
1087 2018 1227 2084 videSagit-

177 2091 284 2140 alludere
303 2092 470 2141 consuetudini
489 2093 615 2149 Romane,
632 2108 681 2156 qua

178 2181 240 2216 nora
250 2174 325 2232 nupta
335 2183 349 2216 e
359 2167 448 2231 gremio
456 2165 538 2215 matris
545 2170 598 2228 rupi
606 2166 679 2215 simu·

177 2241 281 2298 labatur,
290 2257 345 2304 quae
355 2249 406 2290 erat
417 2241 542 2290 Constant.
575 2241 679 2290 Fanens.

177 2315 257 2381 opinio
266 2333 274 2376 3
292 2315 342 2372 sed,
357 2315 376 2364 si
392 2315 464 2364 lectio
482 2331 549 2373 sana,
565 2315 610 2364 hoc
627 2331 678 2365 ver-

178 2391 236 2439 bum
250 2389 318 2456 cepio
333 2389 363 2438 de
380 2389 462 2438 ardore
477 2398 502 2438 et
518 2389 677 2445 festinatione,

178 2479 228 2528 qua
241 2465 312 2512 letus
327 2464 436 2520 Perseus,
447 2471 527 2529 spreta
538 2464 600 2520 dote,
611 2463 679 2528 puel·

178 2539 227 2586 lam
238 2538 315 2603 ipsam
325 2537 370 2587 sibi
381 2537 495 2595 vindicat,
507 2546 531 2586 et
545 2537 577 2586 ad
590 2537 679 2602 regiam

178 2613 269 2678 Cephei
290 2611 366 2662 ducit.
406 2612 470 2660 Hine
491 2612 565 2662 etiam
584 2611 680 2662 additur

177 2690 286 2750 protinus
296 2697 320 2736 et
331 2689 445 2735 iudototo.

211 2763 268 2811 758.
286 2761 449 2824 Praecipiunt]
484 2759 547 2809 Pace
566 2760 681 2809 recentio-

179 2852 231 2884 rum
249 2835 350 2893 dicatur,
360 2838 501 2898 precarium
518 2843 555 2883 est
565 2852 611 2884 vox
626 2836 680 2883 bar-

178 2911 237 2958 bara
247 2911 314 2975 eujus
322 2910 458 2974 exemplum
467 2909 560 2958 nullum
568 2909 593 2957 in
601 2918 682 2959 aueto-

179 2984 244 3032 ribus
253 2983 386 3048 reperitur;
405 2998 478 3047 quare
493 2986 602 3046 persentit
618 2983 682 3047 quod

179 3057 246 3105 vides
256 3057 281 3104 in
290 3057 342 3104 loeo
350 3056 412 3105 infra
422 3057 496 3105 citato
506 3057 622 3122 Propertii
631 3072 682 3106 cor-

179 3128 304 3193 rigendum
322 3129 560 3188 est-schiraehins,
578 3131 619 3195 qui
637 3130 681 3179 ad-

179 3202 682 3269 misitpreeutiunt,interpretaturvelqua·

179 3278 242 3328 tiunt
250 3277 396 3343 simpliciter,
406 3279 446 3327 vel
455 3288 510 3328 ante
519 3279 613 3343 nuptias
622 3294 681 3343 qna·

179 3353 251 3401 tiunt.
268 3352 359 3401 Melius
376 3354 476 3402 Gesner.
493 3353 519 3400 iu
534 3352 606 3402 Thes.
620 3352 683 3402 inter

179 3425 352 3492 praeferendum
369 3435 424 3475 ante
442 3443 554 3491 sponsum
571 3436 596 3475 et
612 3443 682 3492 spon·

179 3517 240 3563 sam,
249 3499 367 3566 quatiunt.
402 3501 513 3550 Dehebat
530 3501 610 3551 dicere
624 3517 683 3564 pre:

139 3619 152 3642 „
172 3576 270 3638 ferunt,
289 3576 332 3624 sed
350 3576 436 3623 maluit
455 3573 524 3634 iliud,
545 3576 602 3641 qnia
619 3581 683 3640 quoti

180 3651 245 3700 faces
261 3651 380 3699 solebant.
397 3653 506 3716 Propert.
516 3651 566 3699 III.
577 3651 625 3700 xiv.
638 3654 711 3710 lae,-

179 3723 230 3784 Ipse
240 3719 309 3772 Amor
319 3741 424 3773 accensos
432 3729 539 3786 praecutit
550 3726 686 3789 anteferes.

181 3797 343 3846 Praeferebaut
352 3814 394 3848 eas
403 3799 549 3871 plerumque
554 3800 616 3849 servi
621 3819 628 3861 3
642 3797 684 3849 sed

180 3871 205 3918 iu
214 3871 251 3919 his
265 3872 355 3936 nuptiis
368 3872 394 3920 id
409 3889 495 3922 munus
507 3872 645 3937 Hymenaee
660 3884 685 3922 et

180 3946 249 4010 Apros
267 3949 423 4009 prestabant,
441 3949 642 4012 quemadmodum
659 3950 683 3998 in

180 4017 289 4067 infaustis
299 4019 367 4067 Terei
383 4021 471 4087 nuptiis
488 4023 640 4073 Eumenides.
651 4025 684 4072 vi.

74 4089 77 4095 ’
180 4092 237 4140 429.
281 4092 349 4157 Ignes
370 4103 395 4142 et
417 4098 479 4157 pasci
505 4096 625 4153 dicuntur,
648 4106 682 4156 et,

181 4164 318 4228 quandoid
336 4168 424 4231 largius
442 4169 476 4226 fit,
491 4174 581 4220 satiari.
614 4173 683 4220 Suffi-

730 2101 775 2141 tar.
784 2093 813 2142 de
819 2095 836 2143 J
837 2095 905 2142 anuis
910 2095 977 2143 vert.
984 2109 1038 2160 cap.
1043 2095 1083 2142 30.
1091 2096 1171 2143 secti!
1178 2108 1228 2159 sqq.

731 2168 834 2232 Letique.
851 2168 923 2233 Regii
933 2169 1003 2217 nostri
1013 2168 1102 2217 hebent
1109 2179 1133 2217 et
1142 2171 1228 2232 ubique,

730 2259 774 2291 nec
786 2242 855 2292 video
872 2242 929 2308 qnid
941 2242 1021 2291 mendi
1036 2243 1111 2292 latere
1122 2240 1227 2308 possitis

730 2317 775 2365 hae
785 2317 898 2366 lectione.
930 2316 996 2376 Quid
1005 2317 1045 2365 hic
1057 2320 1098 2365 toti
1108 2332 1164 2366 eum
1176 2319 1229 2380 lym

729 2399 753 2440 et
764 2393 841 2440 tibiis?
865 2391 903 2440 Cl.
915 2390 1174 2456 Gtmginterpreramr
1183 2392 1228 2448 loti,

729 2465 794 2514 tibiae
811 2482 841 2514 ex
856 2466 899 2515 loti
916 2464 985 2531 (vide
1000 2464 1091 2527 inha3)
1108 2465 1144 2514 ita
1159 2465 1230 2514 habe·

731 2555 784 2587 mus
790 2539 816 2586 in
821 2540 865 2588 hoc
873 2555 942 2588 versu
950 2541 1016 2588 tibias
1025 2548 1050 2588 et
1057 2540 1145 2587 tibiam.
1162 2538 1228 2588 Hane

731 2614 893 2678 repetitionem
901 2615 1018 2678 ingratam
1028 2614 1055 2662 in
1062 2621 1167 2662 mentem
1176 2625 1228 2678 poe·

732 2697 762 2736 te
774 2688 855 2746 nostri,
866 2689 910 2736 etsi
925 2688 996 2753 paulo
1010 2687 1161 2752 loquacioris,
1172 2684 1230 2735 inei·

732 2761 794 2811 disse
812 2779 934 2827 nunqnam
947 2760 1105 2810 crediderim:
1124 2776 1169 2810 vox
1181 2762 1228 2808 uhi·

730 2855 772 2900 que
784 2838 831 2886 vim
839 2838 960 2902 quendam
967 2837 1041 2895 habet
1051 2835 1083 2885 ad
1092 2851 1228 2885 eonsensum

731 2913 867 2961 unanimem
878 2911 1061 2976 designandum.
1078 2912 1228 2976 Argumenta,

731 2985 807 3050 signa.
824 2987 904 3035 Etiam
915 2985 978 3051 apud
988 2986 1087 3034 Homer.
1095 2985 1128 3033 Il.
1137 2991 1166 3034 Ε.
1177 2985 1230 3034 493.

731 3060 756 3108 in
777 3061 866 3126 nuptiis
890 3059 1014 3126 ὑμέναιος,
1037 3061 1113 3110 αὐλοὶ
1132 3071 1157 3108 et
1175 3058 1229 3124 pop

731 3152 827 3199 WWC·

765 3208 821 3256 761.
837 3209 868 3256 In
877 3211 945 3256 atriis
955 3206 1065 3256 convivia
1073 3206 1229 3256 habebantur.

732 3281 795 3331 Vide
806 3283 913 3332 Servium
923 3282 955 3332 ad
965 3281 1052 3345 Virgil.
1064 3284 1125 3330 AEn.
1136 3283 1154 3330 i.
1168 3281 1229 3339 1383

733 3357 768 3405 Π.
778 3356 832 3406 init.
865 3358 952 3413 Aureo,
964 3357 1000 3405 vel
1013 3355 1110 3403 omnino
1127 3355 1231 3420 pulchre,

733 3431 772 3479 vel
783 3431 900 3480 instructa
911 3430 988 3480 aureis
999 3431 1154 3479 ornamentis.
1186 3430 1231 3478 Po·

734 3514 791 3561 tent,
802 3521 856 3570 quse
872 3505 977 3570 conspici
994 3512 1101 3570 possunt.
1135 3504 1232 3560 Porotta,

734 3586 860 3643 apparatu.
896 3579 1032 3640 Cephenum,
1044 3586 1095 3626 etc.
1126 3577 1232 3640 Cepheum

733 3661 787 3701 sunt
805 3652 939 3720 AEthiopes.
972 3654 1003 3700 Et
1020 3651 1149 3717 legendum
1171 3650 1232 3701 haud

733 3725 805 3774 dubie
817 3727 955 3788 Cephenum.
982 3727 1144 3777 ,Burmannus
1156 3734 1233 3775 tames

737 3800 845 3862 Cephcuis
863 3801 958 3858 retinet,
980 3808 1004 3849 et
1024 3816 1082 3849 curn·
1100 3805 1163 3866 regis
1180 3814 1232 3849 con·

731 3874 820 3938 jungit.

767 3950 823 3999 764.
842 3951 963 4013 Postquam
980 3951 1054 4012 epulis
1063 3950 1158 4015 functi,
1174 3946 1229 4011 ete]

733 4023 1232 4098 Finitisdemqmepnlisar'aumsumebatur.

735 4098 882 4156 Geuerosum,
894 4099 943 4148 vini
954 4099 1096 4149 nobilissimi
1106 4099 1232 4166 epitheton,

735 4171 765 4220 ad
775 4173 855 4238 ipsum
866 4174 990 4223 Bacchum
1003 4175 1156 4224 translatum.
