2812 5010
305 337 371 404 226
601 337 641 400 Ρ.
665 334 827 401 OVIDII
850 333 1062 400 NASONIS

311 522 335 552 “
351 511 445 586 Lina
454 510 621 596 madent,
633 509 804 599 comites,
813 509 1028 608 ferrumque
1036 533 1167 585 cruore
1176 508 1351 595 ferarum?

310 627 590 724 Fortunamque
608 626 690 700 dies
707 624 840 700 habuit
857 625 970 700 satis:
999 626 1116 700 altera
1132 625 1257 700 lucem
1344 697 1347 700 ⁴

311 743 437 828 Quum
454 742 597 817 croceis
616 754 746 816 evecta
763 744 854 816 rotis
872 741 1017 817 Aurora
1034 742 1201 830 reducet,
1283 747 1353 816 150

309 860 549 959 Propositum
566 872 780 959 repetamus
798 884 918 959 opus:
947 883 1046 933 nunc
1065 858 1235 932 Phoebus
1253 869 1353 932 utra-

311 975 440 1050 Distat
457 976 557 1050 idern
574 986 685 1065 terra,
704 975 889 1075 finditque
906 975 1108 1073 vaporibus
1125 999 1238 1049 arva.
1263 975 1354 1072 [que

312 1092 443 1166 Sistite
461 1116 556 1190 opus
573 1115 752 1189 praesens,
772 1094 990 1191 nodosaque
1008 1091 1128 1166 tollite
1145 1090 1262 1165 lina.‘'

309 1207 333 1280 J
336 1232 425 1282 ussa
438 1208 505 1280 viri
523 1206 676 1297 faciunt,
696 1209 1024 1307 intermittuntque
1041 1209 1221 1283 laborem.

359 1324 478 1397 Vallis
497 1334 589 1410 erat,
601 1324 731 1423 piceis,
744 1336 783 1399 et
796 1337 908 1400 acuta
920 1327 1039 1400 densa
1049 1349 1249 1424 cupressu3
1284 1326 1352 1398 155

310 1441 473 1515 Nomine
493 1440 720 1539 Gargaphie,
741 1442 941 1515 succinctae
960 1442 1055 1515 cura'
1068 1440 1227 1529 Dianae3

311 1557 432 1656 Cujus
449 1558 489 1630 in
506 1568 676 1633 extremo
694 1570 752 1632 est
770 1571 917 1633 antrum
934 1558 1124 1633 nemorale
1141 1581 1307 1643 recessu,
1338 1588 1340 1593 ·

309 1802 420 1861 tabatur3
437 1801 525 1850 etenim
541 1817 556 1849 a
570 1801 672 1851 Chirone
689 1802 806 1851 educatus

310 1875 418 1941 κυνηγὸς
444 1872 569 1939 ἐδιδάχθη.
600 1877 706 1940 Sequens
731 1875 806 1924 oratio

310 1964 394 2014 parum
404 1949 435 1997 ad
446 1965 496 1996 rem
508 1948 625 2013 pertinere
636 1949 710 1998 videri
724 1949 805 2014 possit.

309 2022 357 2071 Sed
374 2039 403 2072 ea
412 2022 488 2071 voluit
502 2032 572 2088 poeta
582 2023 694 2089 juvenem
707 2039 750 2072 sna
759 2023 806 2072 for-

310 2104 370 2145 tuna
386 2096 476 2154 latum,
488 2111 532 2146 nec
544 2095 673 2161 quidquam
688 2097 746 2144 mali
757 2113 806 2146 me-

310 2180 416 2221 tuentem
433 2171 581 2220 describere:
600 2170 663 2235 quod
678 2170 755 2237 ipsum
769 2170 805 2219 in-

310 2255 347 2294 est
356 2245 381 2293 in
391 2261 443 2294 voe.
451 2247 549 2307 placide.

345 2319 402 2368 149.
408 2318 642 2380 Fortunam—sctis]
651 2316 743 2382 Regius
750 2318 804 2367 sub·

309 2393 387 2442 intell.
405 2393 511 2458 putabat,
525 2396 579 2441 sotis
594 2388 730 2455 prosperam,
742 2392 805 2457 qnod

310 2485 359 2517 non
374 2479 410 2516 est
424 2483 519 2516 necesse
527 2486 534 2528 ς
551 2484 605 2516 nam
619 2482 754 2531 quanquam
768 2467 806 2531 τῷ

308 2547 364 2591 eatis
390 2558 420 2590 ex
440 2542 577 2606 vulgaribus
599 2541 686 2605 lingua
712 2540 805 2605 legibus

310 2615 418 2666 Genitiv.
429 2615 532 2673 additur,
543 2624 623 2664 tamen
637 2630 681 2662 nec
695 2615 805 2679 exempla

310 2707 365 2740 cum
376 2691 491 2739 Accusat.
502 2705 555 2738 rara
563 2697 632 2738 sunt:
650 2688 701 2753 ipse
712 2688 804 2744 Cicero,

308 2763 384 2813 Attic.
398 2763 440 2812 xii.
457 2765 499 2812 50.
519 2766 574 2811 sctis
591 2765 710 2811 consilium
726 2762 803 2824 dixit;

309 2841 396 2888 Senec.
415 2840 487 2887 Herc.
507 2839 562 2886 Oet.
579 2854 627 2886 ver.
646 2832 716 2885 1830.
735 2848 804 2886 munt

309 2915 364 2961 satis
371 2914 486 2975 presidia.
511 2911 569 2960 vid.
582 2912 647 2960 Con.
657 2911 688 2960 ad
698 2911 804 2960 Sallustii

310 2986 364 3036 Cat.
381 2985 441 3034 lviii.
458 2988 491 3044 95
508 2993 532 3033 et
548 2985 633 3033 Bosius
655 2985 686 3033 ad
704 2985 805 3050 Nepotis

308 3063 393 3126 Epam.
409 3064 432 3108 4.
459 3058 572 3107 Similiter
590 3062 689 3116 abunde,
703 3060 802 3125 affatim,

343 3208 482 3261 1511111111
492 3210 574 3255 crocea
584 3216 668 3264 evecta,
680 3209 739 3271 eto]
750 3208 805 3257 Uno

308 3283 387 3338 verbo,
409 3281 511 3331 crastino
532 3281 580 3330 die.
602 3282 698 3336 ,Solent
724 3290 803 3331 autern

307 3364 392 3421 poete,
411 3363 439 3403 nt
456 3354 597 3404 narrationis
613 3356 752 3404 tenuitatem
766 3357 803 3405 iu·

307 3430 382 3494 giant,
392 3428 528 3494 hujusmodi
542 3445 622 3477 versus
638 3438 738 3486 ornatos,
750 3437 803 3478 tan-

307 3519 379 3569 quam
400 3502 514 3550 formulas
544 3504 661 3561 solennes,
683 3501 802 3552 inserere:

308 3581 360 3628 vide
377 3577 456 3642 Heyn.
468 3576 499 3625 ad
510 3577 595 3641 Virgil.
606 3576 702 3626 AEneid.
715 3579 761 3628 IV.
771 3578 803 3628 vi.

306 3653 347 3702 ubi
369 3653 421 3701 haec
446 3660 570 3717 poetarum
594 3652 740 3701 consuetudo
761 3652 801 3702 de-

307 3727 409 3777 tenditur
421 3734 503 3776 cornua
517 3725 638 3774 Hominm.
665 3726 757 3775 Aurora
766 3727 803 3775 bi·

306 3803 343 3865 gis
352 3812 415 3850 vecta
426 3810 482 3850 ante
493 3800 582 3858 Solem,
590 3800 646 3849 coeli
653 3801 803 3866 complexum

307 3873 430 3923 decurrere
447 3874 595 3924 credebatur.
622 3874 744 3939 Expressit
760 3891 803 3923 an·

306 3953 354 3995 tem
365 3947 453 3996 Noster
463 3946 532 4011 Virg.
539 3950 597 3996 AEn.
604 3947 646 3997 xii.
657 3948 689 3995 76
700 3967 705 3995 :
726 3947 805 4002 Quem

304 4024 405 4084 primm
414 4025 517 4070 crastino
531 4022 584 4071 coeio
596 4022 703 4071 Puniceis
713 4026 804 4072 invecta

305 4099 362 4143 rotis
376 4096 470 4144 Aurora
489 4097 586 4146 rubebit.
612 4094 684 4151 Idem,
704 4097 801 4162 pariter,

306 4185 335 4217 ex
346 4184 432 4234 aequ05
448 4169 589 4219 subanditur
599 4173 712 4232 spotirrm:
729 4179 756 4218 nt
766 4169 803 4217 in-

856 1801 992 1866 telligamus
1018 1802 1049 1850 ab
1075 1807 1174 1864 unaque
1196 1805 1259 1847 terra
1279 1799 1352 1846 ecdem

856 1880 927 1939 spatio
936 1876 1032 1932 distare,
1043 1883 1115 1939 atque
1128 1875 1211 1922 abesse
1222 1873 1253 1921 ab
1264 1871 1352 1920 oriente

858 1960 882 2000 et
892 1951 1014 2000 occidente
1024 1968 1032 2010 ς
1047 1965 1090 2014 per
1100 1948 1163 2014 qnod
1174 1945 1293 2012 significat
1303 1961 1351 1994 me-

856 2025 939 2074 ridiem
948 2041 1007 2074 esse.
1035 2024 1137 2086 Vapores,
1146 2030 1218 2070 estus
1228 2018 1353 2069 11111811.

856 2107 881 2148 et
896 2114 969 2164 sepe,
986 2104 1107 2163 praeeunte
1122 2097 1246 2157 Lucretio;
1264 2095 1352 2144 Home·

856 2190 905 2231 rus,
925 2172 1017 2238 α’ὓτμή.
1056 2173 1187 2234 Finditqce,
1208 2179 1256 2219 etc.
1285 2168 1353 2232 virg.

856 2248 944 2311 Georg.
956 2247 981 2295 ii.
992 2248 1056 2296 ³53:
1077 2247 1117 2293 oti
1134 2246 1213 2293 hiulca
1226 2246 1265 2292 siti
1274 2244 1351 2306 findit

855 2324 919 2369 conis
933 2321 1018 2385 cstifer
1028 2337 1092 2368 croc.
1121 2319 1219 2374 Nodcsa,
1231 2333 1310 2367 nexa:
1327 2315 1351 2364 ii.

855 2397 913 2444 499.
924 2397 1007 2444 beriles
1015 2397 1088 2459 plaga
1098 2414 1105 2442 .·
1115 2392 1164 2441 vid.
1175 2392 1206 2441 ad
1217 2391 1243 2441 ii.
1254 2393 1312 2442 ⁵60.

889 2471 943 2519 156.
961 2470 1024 2518 Ocra
1041 2470 1089 2518 Dei
1105 2476 1203 2517 vocatur
1215 2474 1257 2516 ent
1273 2467 1349 2524 locus,

855 2559 902 2608 quo
912 2544 980 2592 Deus
990 2543 1130 2600 delectatur,
1139 2550 1181 2590 aut
1191 2541 1271 2598 homo,
1280 2556 1352 2606 quem

854 2625 941 2666 tuetur.
958 2617 1025 2681 virg.
1035 2616 1131 2665 AEneid.
1137 2615 1154 2663 i.
1165 2615 1221 2663 476.
1231 2613 1352 2662 Anchises

854 2709 911 2740 carc
930 2691 1013 2740 Derim.
1039 2689 1104 2739 Infra
1121 2707 1145 2738 x.
1160 2690 1223 2737 529:
1240 2705 1288 2735 non
1296 2691 1351 2750 jam

856 2764 978 2828 Cythereia
995 2773 1063 2812 curat
1081 2763 1171 2811 Litora.
1206 2763 1270 2826 Ergo
1292 2760 1352 2809 nihil

853 2838 892 2887 hic
909 2838 1058 2887 mutandum.
1088 2837 1168 2886 Causa
1185 2846 1267 2885 antem
1281 2835 1352 2901 hujus

853 2929 914 2962 carc
930 2913 1027 2979 duplex,
1039 2913 1095 2978 quia
1110 2913 1176 2960 locus
1190 2919 1214 2959 et
1226 2909 1352 2960 abscondi-

854 2997 893 3037 tus
900 2995 924 3036 et
931 2987 1059 3053 jucundus,
1066 2987 1130 3052 qnod
1138 2995 1265 3050 utrumque
1273 2986 1350 3034 Deam

854 3062 886 3110 ad
902 3061 1031 3110 lavandum
1048 3061 1172 3117 invitabat,
1189 3068 1214 3109 et
1230 3075 1245 3107 a
1263 3059 1351 3107 Nostro

854 3145 956 3184 notatur.
972 3137 1003 3184 Et
1009 3136 1130 3184 habebant
1136 3134 1195 3182 Deae
1203 3149 1258 3182 suos
1265 3132 1355 3182 fontes.

854 3210 988 3266 destincte,
1002 3209 1124 3259 venatrici.
1149 3208 1273 3257 Venantes
1289 3208 1352 3255 enim

854 3283 961 3347 succingi
983 3285 1104 3332 solebant:
1123 3281 1177 3331 vide
1199 3281 1275 3329 adii.
1294 3283 1351 3330 412.

855 3357 994 3421 Gargaphie,
1005 3358 1074 3405 vallis
1087 3372 1159 3421 prope
1175 3356 1281 3404 Plataeas
1296 3371 1351 3404 curn

853 3430 916 3480 sonte
932 3431 1073 3496 cognomini.
1099 3430 1243 3486 Herodotus,
1258 3429 1304 3477 lib.
1318 3428 1352 3477 ix.

853 3507 885 3554 25
904 3514 929 3554 et
949 3506 981 3554 48
992 3523 999 3565 ;
1024 3506 1127 3554 Pausnn.
1148 3505 1229 3552 Boeot.
1249 3521 1275 3567 p.
1295 3504 1350 3552 718.

853 3579 971 3644 Hyginus.
980 3578 1030 3628 fab.
1044 3580 1099 3627 181.
1115 3585 1183 3626 vocat
1200 3578 1283 3625 callem
1297 3594 1350 3639 opu-

852 3657 978 3712 cissimom'5
996 3653 1051 3702 hinc
1062 3654 1158 3710 Noster,
1167 3655 1237 3715 piceis
1249 3654 1319 3700 deinc
1328 3663 1352 3701 ct

852 3744 968 3790 cupressu,
980 3726 1060 3775 densis
1071 3725 1146 3791 piceis
1163 3735 1187 3775 et
1199 3727 1352 3790 cupressibus

852 3801 939 3851 obsita.
963 3803 1039 3850 Acuta
1060 3811 1176 3864 cupresso,
1191 3815 1205 3848 a
1223 3799 1307 3858 forma,
1324 3809 1352 3850 ut

853 3875 869 3924 i.
881 3877 937 3925 699.

888 3951 944 3998 157.
956 3948 1072 4011 Becaren]
1090 3947 1178 3998 Confer
1189 3945 1223 3995 xi.
1236 3949 1286 3996 235
1296 3965 1350 4014 sqq.

853 4024 968 4081 Ronanus,
980 4024 1035 4072 loca
1051 4031 1154 4082 remota3
1171 4024 1294 4079 nemorale,
1308 4038 1351 4071 ne·

853 4099 956 4146 moribus
974 4096 1088 4146 cinctum.
1115 4096 1278 4152 Simaicoerct,
1297 4095 1351 4144 imi·

852 4177 903 4219 tata
912 4171 999 4220 luerat.
1021 4172 1079 4220 Erat
1088 4186 1167 4220 merus
1176 4170 1243 4219 lusus
1250 4178 1352 4221 natura.
