2812 5010
376 305 851 375 METAMORPHOSEON
876 305 968 370 LIB.
994 304 1025 369 Ι.
1185 303 1228 368 91

176 485 298 559 Tura?
325 484 463 559 ferisne
481 493 590 582 paret
607 481 842 580 populandas
860 479 1008 554 tradere
1026 479 1170 554 terras?

175 601 279 674 Talia
298 611 509 698 quaerentes
528 597 618 694 (sibi
637 597 737 671 enirn
754 596 831 670 sore
850 604 977 671 cetera
994 593 1111 688 curae)
1154 597 1230 667 250

175 716 260 789 Rex
281 716 469 814 Superum
487 713 676 812 trepidare
693 721 808 799 vetat,
826 713 1073 809 sobolemque
1092 711 1205 809 priori

174 831 409 904 Dissimilem
427 830 566 930 populo
585 827 771 927 promittit
788 828 931 923 origine
949 827 1054 900 mira.

220 947 271 1021 V.
287 947 450 1045 Jamque
462 948 590 1021 eratin
602 954 700 1018 totas
712 968 910 1042 sparsurus
921 943 1079 1017 fulmina
1091 954 1226 1034 terras3

175 1063 253 1137 Sed
271 1062 410 1149 timuit,
429 1088 478 1138 ne
495 1063 589 1137 forte
608 1086 714 1135 sacer
731 1071 787 1134 tot
807 1063 855 1136 ab
874 1060 1024 1158 ignibus
1042 1061 1160 1134 aether

175 1178 1138 1278 Conciperetflammas,longusqueardesceretaxis.
1155 1184 1229 1254 255

177 1295 274 1370 Esse
292 1320 445 1393 quoque
463 1297 502 1369 in
520 1295 606 1370 fatis
625 1295 889 1383 reminiscitur,
909 1294 1036 1368 adfore
1053 1305 1216 1394 tempus,

174 1496 320 1562 temporibus
330 1507 385 1545 tura
395 1495 499 1544 nondum
508 1495 680 1545 adhibebantur
730 1497 756 1554 ti,
782 1497 845 1563 ripas
870 1496 958 1562 egressi
982 1504 1047 1553 sunt,
1074 1511 1232 1561 magnamque

175 1571 198 1619 in
215 1571 300 1628 sacris,
318 1570 408 1636 quippe
427 1569 517 1634 ignota,
538 1570 580 1619 sed
599 1586 680 1620 eorum
729 1573 857 1622 Thessalia
877 1583 900 1621 et
913 1569 1041 1621 vicinitatis
1051 1577 1142 1636 partem
1153 1578 1232 1620 vasta·

176 1644 227 1693 loeo
241 1646 306 1710 far.-
324 1645 373 1693 vid.
391 1643 456 1692 Plin.
473 1644 507 1693 H.
521 1645 555 1693 N.
571 1645 642 1692 XIII.
658 1645 678 1704 i;
729 1657 798 1697 runt:
817 1646 930 1712 Apollod.
942 1644 966 1693 d.
977 1645 994 1693 l.
1010 1653 1035 1693 et
1045 1643 1142 1693 Aristot.
1153 1645 1232 1695 Mete·

177 1718 269 1767 Amob·
281 1735 305 1767 c·
319 1719 419 1773 Gentes,
430 1717 472 1766 lib·
483 1716 524 1766 vii·
536 1735 560 1782 p·
572 1719 618 1767 231
627 1735 680 1783 sqq·
729 1739 763 1772 or.
773 1722 790 1770 i.
804 1725 841 1770 14.
875 1719 1008 1769 Deucalion
1016 1736 1080 1775 vero,
1091 1719 1130 1784 qui
1143 1719 1232 1786 effuge·

177 1792 263 1856 Itaque
274 1791 378 1841 Ovidius
389 1790 413 1839 h.
424 1791 443 1838 l.
455 1799 481 1839 ut
492 1807 563 1856 saepe,
574 1808 604 1839 ex
615 1807 679 1840 more
729 1804 766 1844 rat
772 1795 838 1843 illam
850 1795 950 1850 cladem,
958 1803 983 1842 et
991 1795 1088 1843 fortasse
1098 1794 1122 1842 in
1129 1795 1232 1845 Pamas·

177 1883 223 1915 suae
232 1865 465 1914 aetatislocutusest.
488 1864 680 1914 Phrasessolern-
730 1887 782 1918 sum
799 1885 824 1917 ss
843 1875 973 1934 receperat,
984 1884 1038 1917 mox
1050 1868 1157 1917 Athenas
1168 1870 1234 1918 venit

178 1957 217 1990 nes
236 1949 293 1989 sunt
307 1943 363 1988 aare
374 1947 398 1988 et
407 1940 477 2003 ferre
489 1949 538 1988 tus:
555 1939 604 1988 vid.
615 1939 680 1988 Bris-
731 1945 761 1992 ad
774 1945 901 1999 Creusam,
912 1942 1014 2008 Jovique
1025 1942 1118 2008 Phyxio
1129 1943 1159 1992 ob
1170 1945 1234 1994 salu·

178 2032 228 2064 son.
240 2015 271 2063 de
283 2016 363 2063 Form.
374 2011 392 2062 i.
402 2029 459 2080 pag.
470 2016 513 2062 25.
731 2027 780 2068 tem
807 2016 936 2082 prestitam
963 2017 1078 2082 templum
1105 2016 1232 2068 excitavit:

207 2091 267 2138 249.
279 2088 384 2152 Terras]
403 2087 524 2137 Revocavi
533 2097 620 2145 terram
636 2102 683 2135 non
731 2091 785 2141 vide
797 2092 910 2139 Marmor.
920 2090 1013 2138 Arund.
1024 2090 1041 2138 i.
1050 2091 1075 2140 7.
1107 2091 1233 2149 Diluvium

178 2164 240 2212 enim
252 2163 301 2220 bic,
312 2163 432 2211 utBurm·
444 2163 553 2227 putabat,
564 2161 594 2209 de
611 2176 684 2225 poena
732 2182 788 2230 ergo
807 2164 868 2213 illud
887 2163 1076 2213 Deucalioneum
1091 2164 1123 2212 ad
1142 2173 1234 2230 partem

179 2254 255 2287 sermo
266 2249 311 2294 est,
321 2252 371 2301 qua
384 2246 451 2299 paret
462 2235 480 2284 i.
492 2252 513 2284 e.
524 2235 582 2284 velit
599 2235 683 2283 huma·
733 2247 825 2288 tantum
841 2238 942 2288 Graeciae
960 2237 1073 2304 pertinuit
1078 2255 1085 2298 3
1102 2239 1143 2286 sed
1159 2256 1233 2304 quum

179 2329 235 2362 uum
254 2328 330 2376 genus
345 2312 460 2377 perdere3
477 2309 526 2366 sed,
538 2325 591 2374 qua
609 2309 683 2357 forma
733 2313 811 2363 Graeci
822 2329 864 2378 per
878 2312 973 2360 colonos
991 2309 1127 2360 Phoenicios
1142 2312 1233 2377 aliquid

180 2398 245 2435 ἴστω
264 2385 344 2435 futura
361 2384 399 2441 Sit,
410 2383 531 2448 quaerilurr
543 2382 627 2431 deletis
639 2382 681 2430 ho·
733 2387 879 2452 accepissent
894 2385 924 2435 de
943 2385 1032 2434 diluvio
1042 2384 1164 2434 Noachico
1180 2387 1233 2435 uni-

180 2461 294 2509 minibus.
330 2457 656 2520 Trepidarasollicitosesse.
731 2457 1234 2515 versali,aceommodarunteiDeucalione·

209 2535 351 2584 253-415.
361 2533 458 2597 Jamque
465 2542 515 2581 erat
522 2531 682 2596 intotas,ete.]
732 2552 781 2584 um.
813 2533 899 2597 Itaque
917 2539 941 2580 et
959 2531 1063 2580 Romani
1078 2539 1232 2596 putaverunt,

180 2608 278 2659 Placuit
293 2624 350 2672 ergo
364 2623 440 2673 genus
454 2608 585 2656 humanum
595 2609 684 2662 diluuio
732 2608 797 2657 illam
808 2606 987 2656 inundationem
996 2605 1026 2653 ad
1036 2604 1130 2653 Italiam
1139 2622 1234 2671 quoqne

179 2682 373 2747 (κατακλυσμῷ)
384 2681 492 2746 perdere.
524 2682 578 2729 Hoc
595 2679 682 2729 descri-
732 2681 885 2747 pertinuisse:
904 2680 966 2728 Plin.
975 2680 1009 2727 H.
1019 2679 1053 2727 Ν.
1063 2677 1097 2726 iii.
1107 2680 1144 2726 14.
1164 2680 1233 2729 Deu-

178 2758 250 2807 bitur.
276 2756 325 2805 Sed
335 2757 391 2812 duo,
401 2756 442 2820 qui
453 2755 545 2804 ceteris
555 2755 683 2804 antecelle-
732 2755 809 2804 calion
819 2770 874 2803 vero
884 2753 1015 2802 habebatur
1029 2751 1120 2816 generis
1136 2753 1234 2804 humani

181 2832 240 2880 bant
265 2831 363 2895 pietate,
390 2841 523 2885 servantur,
547 2830 683 2885 Deucalion,
732 2836 881 2886 restaurator,
892 2828 977 2892 partim
989 2827 1046 2891 quia
1062 2826 1178 2892 dispersos
1192 2829 1235 2878 ho·

180 2902 316 2954 Promethei
327 2912 351 2952 et
360 2903 475 2952 Pandora
491 2903 562 2959 lilius,
573 2911 598 2951 et
610 2904 684 2966 Pyrr·
732 2904 808 2953 mines
817 2902 913 2967 collegit
923 2901 1018 2967 <Justin
1028 2901 1063 2950 II.
1074 2901 1107 2950 vi.
1123 2902 1172 2965 ll.)
1180 2919 1235 2968 par·

181 2982 219 3036 ha,
233 2979 286 3044 ejus
302 2977 397 3042 conjux,
408 2977 543 3042 Epimethei
561 2977 618 3025 lilia.
652 2976 685 3024 Hi
734 2977 777 3026 tim
795 2976 853 3041 qnia
870 2975 1055 3040 copiosissimam
1073 2975 1162 3041 prolem
1180 2976 1235 3025 reli-

183 3052 305 3120 lapidibus
312 3053 381 3117 jussu
391 3051 514 3100 Themidis
528 3051 600 3117 jactis
610 3066 686 3114 genus
735 3051 801 3116 quit:
819 3049 875 3098 vide
892 3051 988 3098 omnino
1003 3050 1104 3113 Goguet.
1121 3051 1178 3097 iiber
1192 3053 1237 3100 elsa

181 3128 312 3177 humanum
329 3125 472 3175 restituunt:
491 3126 523 3175 cl.
533 3124 646 3190 Apollod.
662 3126 683 3173 I.
736 3127 858 3190 Ursprung
875 3127 915 3172 der
934 3124 1034 3180 Geretae,
1050 3131 1096 3172 etc.
1107 3131 1166 3173 tom.
1175 3125 1201 3174 ii.
1211 3141 1236 3191 p.

180 3201 262 3260 vii.2;
279 3200 370 3264 Hygin.
381 3201 430 3250 lab.
443 3202 498 3250 153.
519 3200 599 3248 Etiam
610 3199 683 3264 Apol-
733 3203 765 3250 2³
775 3217 829 3264 sqq.

182 3276 232 3324 lod.
247 3274 396 3324 111.viii.2.
419 3283 443 3323 et
459 3274 539 3322 Schol.
556 3273 637 3338 Eurip.
654 3273 685 3322 ad
767 3277 823 3324 254.
838 3271 981 3335 Sacer‚etc.]
1000 3272 1064 3331 Quia
1071 3273 1159 3321 coelum
1168 3275 1237 3324 sedes

181 3351 263 3400 Orest.
284 3349 356 3397 1646.
372 3348 417 3397 hoc
444 3346 560 3396 diluvium
584 3355 638 3412 post
662 3355 686 3396 et
735 3351 849 3400 Deorum.
882 3348 963 3396 Etiam
975 3346 1067 3396 Graecis
1080 3347 1166 3397 dieitur
1176 3348 1238 3416 ἱερὸς

181 3434 277 3490 propter
292 3421 410 3487 Lycaonis
419 3422 458 3471 vel
474 3421 576 3471 filiorum
593 3420 686 3469 lacinus
735 3425 817 3491 αέθήρ·
828 3423 881 3472 vide
892 3422 994 3470 Vallem
1003 3419 1107 3468 Diatrib.
1118 3422 1199 3487 Eurip.
1210 3439 1237 3488 p.

181 3499 315 3548 immissum
325 3503 430 3545 narrant.
465 3497 552 3545 Noster
562 3495 633 3560 igitur
643 3495 686 3546 bas
735 3501 775 3548 49.
809 3499 911 3561 Longus,
928 3503 963 3553 ut,
982 3497 1037 3543 123.
1052 3497 1114 3559 longi
1130 3498 1189 3544 sotei
1204 3505 1236 3553 et,

182 3573 277 3622 fabulas
289 3572 324 3619 ita
338 3569 468 3636 conjunxit,
475 3580 507 3622 >ut
520 3586 562 3635 pro
579 3585 627 3619 una
642 3570 685 3618 ha·
737 3574 791 3621 136.
804 3574 883 3637 longus
895 3572 964 3617 limes.

182 3647 233 3696 beri
244 3645 346 3711 possint.
378 3646 430 3694 Nos
440 3654 522 3694 tamen
533 3645 686 3710 sejunximus,
767 3648 824 3696 256.
844 3646 895 3694 Esse
912 3659 998 3706 quoque
1013 3644 1038 3689 in
1046 3642 1130 3705 satis]
1156 3644 1237 3692 Deda-

181 3729 207 3770 ut
215 3730 273 3770 sunt
283 3719 383 3769 diversa
393 3718 447 3768 loco
458 3728 483 3768 et
492 3728 605 3785 tempore.
635 3720 686 3768 Res
735 3719 864 3786 gratiorem
873 3713 1238 3779 mundifuturam,inquitLac·

181 3803 262 3844 antem
272 3795 308 3842 sic
318 3793 400 3842 habet.
433 3791 577 3849 Deucalion,
588 3808 612 3840 a.
623 3793 686 3840 1574
737 3794 831 3847 tantius.
849 3793 892 3840 lib.
910 3791 941 3838 de
962 3790 1002 3838 Ira
1020 3789 1077 3844 Dei,
1095 3805 1149 3853 cap.
1169 3789 1237 3841 xxiii.

182 3877 236 3919 ante
260 3883 333 3917 aeram
357 3865 446 3916 Christ.
465 3875 570 3931 ternpore
591 3865 687 3922 cranei,
737 3865 866 3917 vaticinata
876 3861 1024 3928 estSibylla;
1041 3862 1183 3928 subjicitque
1193 3864 1239 3913 ibi-

181 3961 210 3993 ex
221 3943 284 3995 Asia
294 3941 361 3991 venit
377 3942 403 3991 in
415 3938 542 3998 Graeciam,
553 3949 577 3989 et
587 3940 689 4005 subjecit
737 3942 792 3990 dem
803 3947 850 3988 tres
862 3938 932 3987 hosce
943 3935 1044 3985 Ovidius
1054 3952 1145 3984 versus.
1168 3938 1239 3996 Quod

181 4016 226 4066 sibi
248 4019 382 4082 Lycoream
404 4014 436 4064 ad
459 4015 616 4064 Parnassum:
634 4014 688 4062 vide
737 4025 762 4063 et
772 4015 856 4063 Senec.
866 4009 993 4077 prescivit,
1004 4010 1123 4060 Consolat.
1134 4012 1165 4059 ad
1173 4013 1241 4061 Mar·

182 4093 289 4141 Marmor
300 4090 418 4139 Arundel.
430 4088 509 4137 i.init.
530 4089 611 4153 Hujus
618 4096 690 4136 aetate
738 4090 810 4147 ciam,
825 4090 869 4138 sub
889 4087 941 4151 ipsa
957 4086 1023 4135 calce
1039 4085 1106 4136 libri:
1130 4088 1240 4145 “Quum

182 4164 247 4213 fluvii
254 4162 394 4221 Thessalia,
401 4162 503 4229 copiosis
510 4162 625 4211 imbribus
634 4177 689 4210 auc·
740 4172 832 4230 tempus
850 4160 979 4218 advenerit,
992 4176 1038 4224 quo
1054 4176 1079 4208 se
1093 4161 1194 4210 mundus
1204 4178 1241 4210 re·
