2812 5010
376 315 848 384 METAMORPHOSEON
870 317 963 385 LIB.
987 318 1032 385 V.
1160 321 1237 404 35ρῑ

230 487 1197 589 HaudproculHennaeislacusestamoenibusaltae,

180 604 344 681 Nomine
362 607 523 705 Pergus,
539 634 667 708 aquae:
696 634 771 682 non
788 608 853 682 illo
870 607 979 707 plura
997 608 1179 709 Caystros

180 720 359 797 Carmina
376 714 581 822 cycnorum
598 725 812 799 labentibus
831 725 936 800 audit
953 725 991 798 in
1009 726 1133 802 undis.

181 837 284 913 Silvo
300 851 455 915 coronet
472 865 603 939 eques,
623 841 779 937 cingens
797 840 895 914 latus
914 866 1046 933 omne3
1074 844 1229 943 suisque

179 952 406 1044 Frondibus,
425 967 468 1031 ut
484 959 579 1044 ve10,
599 955 788 1030 Phoebeos
806 957 1004 1031 submovet
1022 957 1134 1035 ictus.
1213 1035 1216 1040 .

179 1068 334 1168 Frigora
350 1072 443 1147 dant
460 1073 574 1162 rami*
581 1072 715 1173 Tyrios
730 1073 867 1148 humus
885 1074 1039 1150 humida
1053 1076 1177 1164 floreS,

179 1185 411 1286 Perpetuum
423 1214 488 1265 ver
502 1201 581 1265 est:
603 1215 679 1288 quo
697 1190 788 1264 dum
806 1190 1033 1290 Proserpina
1048 1192 1134 1268 luco
1152 1198 1223 1271 391

182 1300 307 1392 Ludit,
327 1315 367 1379 ct
381 1316 446 1380 aut
463 1306 592 1394 violaS,
612 1316 678 1381 aut
694 1306 856 1381 candida
871 1306 950 1381 lilio
966 1307 1109 1407 carpit3

212 1554 271 1602 385.
287 1554 373 1603 Henna
384 1563 425 1604 ent
437 1556 515 1613 Enna,
528 1558 585 1606 urbs
595 1556 620 1606 in
629 1572 679 1606 me·
729 1561 808 1615 titisse,
826 1560 982 1622 abreptamque
1001 1575 1028 1608 ea
1048 1575 1073 1607 eo
1091 1559 1137 1606 laco
1154 1560 1228 1624 uirgi-

180 1626 313 1676 diaSicilia
326 1628 463 1695 sito,atqne
478 1631 534 1680 binc
550 1631 679 1681 umbilicus
728 1649 779 1681 nem
794 1649 868 1680 secum
887 1634 1018 1696 arportisse,
1039 1641 1062 1680 et
1088 1633 1161 1680 subito
1182 1651 1228 1683 nou

180 1701 264 1751 insulse
282 1703 357 1752 dicta.
391 1705 430 1754 Ibi
450 1707 523 1756 Ceres
540 1713 609 1756 tante
623 1706 679 1755 reli·
729 1710 795 1774 limga
813 1727 828 1756 a
845 1708 964 1772 Syracusis
977 1707 1105 1770 penetrasse
1121 1709 1163 1755 trib
1180 1717 1227 1756 ter·

180 1778 249 1840 gione
260 1779 390 1837 colebatur,
400 1787 427 1828 ut
437 1779 480 1829 illa
490 1782 546 1829 urbs
556 1798 603 1830 non
613 1783 678 1840 urbs,
728 1799 775 1840 ras,
786 1784 904 1846 lacumque
918 1786 944 1830 in
959 1799 983 1830 eo
1003 1783 1050 1830 laco
1065 1791 1157 1843 repente
1171 1784 1228 1830 erti-

180 1851 220 1901 sed
242 1851 325 1901 fanum
346 1853 447 1910 Cereris,
465 1871 594 1921 omnesque
615 1856 680 1907 cives
729 1862 794 1906 risse.-
810 1859 850 1905 ubi
860 1859 969 1920 usquead
980 1857 1019 1904 lua
1031 1865 1116 1918 tempru
1126 1856 1228 1920 Syracu-

180 1926 315 1976 saoerdotes
335 1926 403 1977 istius
419 1929 479 1978 Dete
499 1945 551 1978 esse
571 1929 679 1980 videren·
728 1933 780 1979 sani
792 1931 866 1997 festos
886 1932 933 1978 dies
959 1933 1125 1978 anniversarios
1145 1939 1227 1995 agunt.

180 2007 225 2049 tur.
253 2001 309 2050 Cic.
327 2003 395 2052 Verr.
412 2002 446 2052 iv.
463 2004 503 2061 49,
522 2006 571 2065 503
588 2004 679 2062 Livius,
731 2006 830 2070 Pergus.
855 2003 895 2052 Sic
911 2014 1009 2053 vocatur
1029 2003 1102 2053 etiam
1123 2020 1139 2052 a
1153 2004 1228 2054 Clau·

180 2073 244 2122 xxiv.
256 2075 297 2123 39.
330 2076 366 2124 Ex
378 2076 429 2142 ejus
440 2077 504 2126 urbis
517 2093 611 2127 nemore
620 2080 678 2127 Pro·
729 2079 809 2136 diano,
820 2079 845 2127 ii.
859 2081 913 2128 112.
924 2094 939 2127 a
950 2078 1063 2143 quoinde
1075 2093 1090 2126 e
1100 2094 1168 2128 versu
1181 2080 1228 2127 100

180 2148 299 2215 serpinam
324 2167 375 2200 esse
401 2160 503 2217 raptam,
521 2153 679 2218 probatissimi
729 2154 803 2202 formo
814 2154 859 2204 loci
875 2153 1023 2203 describitur.
1058 2153 1172 2216 Caystros.
1187 2153 1228 2202 De

179 2232 287 2273 auctores
315 2225 427 2276 referunt.
460 2226 511 2275 Alii
538 2236 627 2285 tamen,
652 2237 679 2277 ut
729 2229 828 2294 Caystro
839 2228 950 2293 'ejusque
972 2227 1062 2292 cycnis,
1081 2226 1136 2276 vide
1155 2227 1186 2276 ed
1201 2227 1228 2278 ii.

178 2298 277 2349 Pindar.
296 2300 369 2350 Nem.
390 2301 422 2351 A.
440 2302 531 2367 Hygin.
552 2303 600 2352 tab.
621 2305 677 2353 146.
728 2307 785 2354 252.
824 2304 934 2352 Labentes
959 2305 1035 2359 ursle,
1056 2302 1107 2367 ipse
1133 2301 1228 2351 fluvius.

178 2373 309 2424 claudian.
332 2377 432 2425 AEtnam
459 2378 598 2427 nominant:
626 2379 677 2428 virl.
760 2381 818 2428 333.
834 2379 899 2426 Siloa
917 2387 1011 2426 coronat
1027 2375 1118 2440 aquas]
1144 2375 1226 2424 Etiam

180 2448 329 2499 Brouckhus.
340 2452 371 2500 od
382 2452 491 2517 Propert.
502 2453 523 2501 1.
530 2452 565 2501 iii.
577 2455 599 2502 1.
616 2455 678 2503 Sunt
728 2454 839 2519 Orpheus
855 2452 889 2502 ibi
907 2458 1022 2501 memorat
1037 2450 1108 2500 fuisse
1125 2449 1183 2516 εὐρύ
1199 2467 1226 2501 τε

179 2538 261 2572 rursus
281 2523 331 2583 alii,
346 2526 387 2592 qni
408 2526 432 2574 id
446 2524 471 2574 in
491 2526 572 2575 Attica
591 2536 632 2576 aut
652 2527 678 2577 in
727 2529 768 2577 sal
784 2527 848 2594 μέγα
863 2528 949 2585 ἄλσος.
984 2526 1064 2574 Veium
1077 2523 1226 2588 intelligitur,

178 2595 487 2649 Asiaticisterrisoccidisse
495 2600 587 2650 malint.
604 2602 677 2650 Cum·
727 2605 792 2670 quod
821 2604 846 2653 in
872 2601 1061 2668 Amphitheatris
1096 2616 1226 2667 expansum

177 2687 235 2736 pum
247 2672 363 2736 Nysteom
373 2673 445 2722 habet
456 2676 554 2723 Homer.
567 2675 678 2741 hymnus,
727 2687 871 2744 spectatores
889 2693 904 2726 a
918 2676 974 2726 solis
988 2675 1123 2725 verberibus
1143 2673 1226 2725 deien-

178 2744 328 2797 occidentale
345 2748 468 2814 Hispanis}
486 2748 543 2798 litus
558 2750 677 2816 Orpheus.
728 2753 808 2803 debat.
831 2751 1063 2803 torrentulum
1096 2749 1161 2798 Ictus
1176 2748 1226 2799 Soli

178 2821 242 2871 Vide
256 2821 336 2872 Schol.
346 2823 454 2882 Hesiodi,
465 2841 489 2890 p.
499 2825 555 2872 303.
567 2832 591 2874 et
601 2826 677 2891 Span·
727 2826 862 2892 frequenter
869 2825 1004 2875 tribuuntur
1013 2842 1020 2885 3
1031 2822 1093 2873 rodii
1103 2822 1167 2872 enim
1174 2824 1226 2890 ejus

178 2894 243 2944 hem.
254 2896 285 2944 ad
299 2897 442 2948 Callimach.
452 2895 478 2946 h.
489 2898 513 2946 in
526 2897 580 2947 Cer.
591 2915 642 2948 ver.
653 2901 677 2950 9.
727 2908 782 2950 sunt
802 2899 877 2949 veluti
895 2898 953 2956 tela,
973 2915 1026 2964 quae
1046 2899 1182 2963 percutiunt
1201 2907 1227 2948 et

180 2968 243 3017 cnm
258 2971 344 3020 Nostro
359 2972 439 3037 placet
449 2973 522 3021 verba
537 2971 591 3022 cte.
608 2973 678 3025 Verr.
726 2975 850 3024 verberant
867 2989 972 3040 corpora.
995 2973 1080 3021 Horat.
1097 2972 1134 3020 ΙΙ.
1151 2989 1191 3023 xv.
1201 2975 1227 3024 9.

177 3041 210 3093 iv.
229 3046 270 3094 to.
289 3046 408 3096 conferre:
427 3047 528 3109 Raptam
548 3064 593 3096 esse
610 3049 678 3098 Liba·
727 3052 796 3097 ramir
813 3050 893 3097 laurea
904 3048 1010 3114 fervidos
1027 3049 1138 3097 Eucludit
1158 3050 1227 3097 ictus.

178 3136 323 3184 remquam
343 3124 436 3171 eandem
457 3122 619 3186 Proserpinam
639 3140 677 3173 vo-
729 3123 902 3189 Tyrios‘jlores.
935 3122 1117 3180 Eodemsensu
1138 3121 1226 3172 dicitur

178 3204 242 3252 cant,
270 3213 297 3244 ea
318 3196 460 3245 Enneusium
486 3197 678 3247 nemore-Enna
729 3197 813 3260 Tyrius
829 3215 915 3256 macras,
932 3198 1005 3262 Tyria
1020 3199 1128 3261 chlamys,
1142 3197 1227 3261 Tyrius

179 3281 266 3328 autem,
277 3273 318 3320 uli
335 3289 368 3329 ea,
378 3289 426 3336 quc
436 3275 495 3328 dico,
505 3282 621 3337 gestaerse
632 3291 677 3322 me·
727 3281 799 3329 torus,
821 3273 905 3336 Tyrius
918 3272 1009 3337 fucum
1031 3279 1055 3321 et
1072 3272 1098 3320 in
1115 3271 1175 3320 libro
1191 3273 1225 3322 ix.

178 3357 308 3405 morantur,
317 3357 349 3396 est
361 3349 407 3396 loco
415 3349 519 3410 precelso
529 3357 596 3411 atque
603 3351 677 3398 edito:
729 3346 809 3410 Tyrios
828 3351 919 3396 imitata
936 3349 1028 3404 colores,
1044 3354 1105 3405 etc.;
1124 3351 1148 3393 et
1164 3345 1226 3395 libro

178 3438 222 3483 quo
232 3423 258 3468 in
269 3437 353 3470 summo
363 3432 396 3470 est
408 3431 496 3486 aquata
506 3425 559 3487 agri
570 3424 678 3485 planities
727 3437 752 3484 x..
766 3421 877 3485 Tyrioque
893 3423 1004 3469 nitentior
1018 3428 1076 3468 ostro
1084 3420 1132 3484 flos
1142 3423 1226 3468 oritur.

178 3486 279 3558 eraque
294 3512 411 3558 perennes.
446 3496 502 3544 Tota
513 3513 565 3544 uero
579 3499 608 3544 ab
618 3500 678 3546 omni
726 3493 845 3544 Arnobius
860 3496 903 3545 dat
916 3509 1058 3557 purpureos,¹
1076 3491 1101 3540 id
1116 3501 1161 3547 est,
1174 3507 1225 3540 om-

177 3571 246 3617 aditu
264 3573 397 3619 circumcisa
416 3580 485 3634 atque
504 3574 616 3632 dirempta
636 3582 676 3622 est.
727 3568 782 3616 nino
801 3568 933 3632 pulchros3
958 3567 1045 3616 etenim
1065 3566 1108 3613 Tot
1120 3565 1225 3629 fueraut

180 3643 257 3698 Quam
272 3649 334 3696 circa
355 3647 418 3694 meus
439 3648 529 3710 lucique
546 3656 601 3694 sunt
619 3648 675 3709 plu·
725 3642 785 3698 illic,
799 3650 852 3704 quot
868 3643 932 3690 babet
948 3650 1043 3696 notura,
1058 3640 1148 3695 colores,
1159 3639 1225 3689 Fast.

177 3720 241 3775 rimi,
259 3730 282 3768 et
299 3721 406 3769 tutissimi
414 3721 487 3784 flores
503 3723 563 3768 omni
581 3731 677 3782 tempore
726 3717 751 3765 d.
762 3716 780 3765 l.
791 3717 846 3765 429.
857 3715 898 3764 ubi
908 3715 977 3781 copia
986 3715 1082 3763 istorum
1093 3714 1176 3762 florum
1186 3728 1224 3762 re·

178 3796 252 3841 anni.-
270 3795 331 3843 lactu
342 3805 369 3843 ut
381 3799 427 3857 ipse
444 3805 536 3858 raptum
550 3796 617 3842 illum
627 3798 675 3842 uir-
726 3802 843 3841 censetur.

174 3869 248 3932 ginis,
264 3885 329 3932 quem
341 3871 396 3931 jam
411 3887 426 3918 a
443 3872 522 3932 pueris
541 3872 675 3930 accepimus,
759 3867 815 3915 392.
830 3866 912 3920 Ludit,
926 3874 950 3912 et
964 3871 1006 3911 aut
1023 3863 1175 3927 violencie]
1193 3863 1224 3915 In

174 3944 297 3992 declarare
323 3947 438 3993 uideatur.
475 3945 567 3992 Etenim
584 3953 676 4006 propter
726 3956 754 3989 eo
765 3939 915 3988 consentiunt
928 3953 1016 3994 omnes,
1025 3943 1117 4002 raptam
1128 3938 1224 3986 Proser-

175 4027 210 4065 est
220 4019 328 4079 spelunca
338 4022 446 4082 quadam,
455 4035 560 4066 conversa
571 4021 601 4066 aa
609 4021 675 4081 aqrri·
725 4016 816 4082 pinam,
831 4016 980 4081 qunmflores
991 4015 1083 4080 legeret,
1094 4027 1108 4061 s
1119 4029 1166 4077 quo
1177 4030 1224 4065 non

176 4094 259 4150 lenem,
276 4095 371 4156 infinita
387 4095 520 4149 altitudine,
536 4111 581 4156 qua
599 4093 675 4141 Ditem
725 4092 804 4140 differt
819 4092 921 4140 alterum
934 4092 1023 4146 ludere,
1034 4087 1098 4153 quod
1114 4087 1145 4136 de
1159 4088 1232 4147 omni,

172 4179 265 4231 patrem
274 4169 363 4232 ferunt
379 4179 470 4233 repente
485 4186 537 4218 cum
550 4185 624 4215 curru
637 4185 674 4217 er·
724 4182 855 4232 operunon
871 4165 932 4215 seria
945 4163 1048 4231 ponitur.
1081 4164 1137 4213 Jam
1149 4163 1233 4235 Pum-⁵
