2812 5010
384 318 855 389 METAMORPHOSEON
878 320 969 385 LIB.
993 320 1036 386 V.
1162 321 1229 389 343

177 505 205 541 -“
223 493 392 580 Vincis,’'
418 495 481 579 ait,
514 503 537 533 “
557 492 723 583 Perseu3
765 518 913 568 remove
944 495 1022 569 fera
1047 503 1225 584 monstra,

330 621 481 709 tuaeque
1153 617 1226 688 216

182 728 367 802 Saxificos
385 729 523 814 vultus,
543 752 781 825 quaecunque
800 752 857 816 ea,
877 730 966 803 tolle
985 728 1169 804 Medusae.

159 912 161 915 ,
180 845 288 918 Tolle
307 870 440 944 precor
456 873 464 932 ;
494 868 569 918 non
588 869 655 919 nos
672 844 813 931 odium,
834 847 985 942 regnive
1003 847 1142 945 cupido

182 960 377 1060 Compulit
395 961 443 1034 ad
460 961 624 1034 bellum:
645 985 712 1059 pro
731 952 891 1057 conjuge
909 962 1092 1036 movimus
1111 988 1227 1040 arma.

176 1077 392 1151 ¹Causafuit
406 1077 547 1150 meritis
561 1077 693 1152 melior
708 1088 784 1163 tua,
801 1060 971 1177 tempore
984 1088 1133 1154 nostra:
1154 1087 1229 1154 220

182 1194 271 1267 Non
289 1194 450 1268 cessisse
467 1195 592 1292 piget3
622 1194 726 1282 nihil,
747 1219 768 1267 o
786 1194 1001 1281 fortissime,
1021 1206 1157 1294 praeter

181 1309 292 1384 Hanc
310 1309 473 1383 animam
491 1312 657 1385 concede
675 1310 789 1385 mihi:
818 1321 884 1385 tua
897 1321 1025 1386 cetera
1041 1312 1191 1386 sunt0.''

180 1425 290 1527 Talia
305 1427 459 1514 dicenti,
478 1453 603 1525 neque
621 1453 721 1517 eum,
740 1452 855 1526 quem
872 1453 965 1503 voce
983 1428 1151 1524 rogabat,

146 1528 390 1642 'Respicere
420 1545 587 1633 audenti,
626 1554 649 1584 “
670 1544 820 1633 Quod,”
850 1546 915 1634 ait,
953 1544 1230 1620 “timidissime

334 1657 495 1749 Phineu,
1155 1664 1229 1735 224

183 1774 236 1849 Et
253 1800 407 1873 possum
424 1778 613 1865 tribuisse,
630 1788 670 1853 et
687 1801 867 1875 magnum
885 1802 1021 1852 munus
1035 1776 1145 1853 inerti
1158 1787 1228 1867 est,

181 1891 289 1966 Pone
307 1895 665 1982 metum,'tribuam:
694 1894 797 1986 nullo
814 1892 1002 1995 violabere
1018 1895 1128 1968 ferro.

181 2006 285 2092 Quin
304 2010 417 2083 etiam
434 2034 610 2084 mansura
626 2010 725 2084 dabo
743 2021 988 2084 monumenta
1004 2035 1072 2109 per
1089 2036 1227 2100 aevum3

183 2123 307 2222 Inque
325 2126 435 2199 domo
455 2126 574 2201 soceri
592 2151 740 2225 semper
757 2129 981 2226 spectabere
999 2127 1132 2213 nostri,

184 2240 239 2314 Ut
257 2264 342 2315 mea
359 2267 400 2316 se
419 2244 547 2341 sponsi
563 2244 702 2317 soletur
720 2243 883 2341 imagine
902 2242 1079 2340 conjux.''
1155 2247 1229 2315 229

169 2357 314 2433 Dixit:
343 2369 382 2434 et
398 2360 437 2432 in
454 2371 600 2459 partem
618 2359 861 2460 Phorcynida
878 2359 1069 2433 transtulit
1086 2359 1204 2447 illam,

181 2473 245 2547 Ad
264 2499 377 2572 quam
396 2501 437 2550 se
454 2477 601 2574 trepido
619 2476 788 2551 Phineus
807 2478 1019 2550 obverterat
1036 2500 1112 2549 ore.

181 2588 290 2663 Tunc
309 2615 462 2689 quoque
477 2575 632 2668 conanti
650 2617 719 2666 sua
735 2593 888 2667 flectere
906 2592 1060 2678 lumina,
1078 2592 1224 2665 cervix·

183 2706 362 2803 Diriguit,
376 2733 545 2806 saxoque
559 2711 751 2784 oculorum
762 2709 930 2783 induruit
941 2709 1086 2783 humor.
1108 2709 1227 2807 [plex,

183 2822 262 2897 Sed
280 2833 407 2898 tamen
421 2850 462 2898 os
478 2825 663 2912 timidum,
678 2826 883 2922 vultusque
893 2826 932 2897 in
946 2849 1128 2899 marmore
1142 2849 1230 2923 sup-

183 2938 469 3038 Submissaeque
488 2967 635 3030 manus,
652 2942 846 3042 faciesque
860 2942 1025 3016 obnoxia
1042 2940 1195 3017 mansit.

181 3231 257 3280 quum
272 3216 448 3282 obstupefactus
464 3220 549 3284 pedem
566 3221 682 3270 retrofer-
732 3234 780 3272 n'on
800 3231 880 3286 negat,
903 3224 1006 3271 tribuisse
1026 3237 1095 3287 posse
1115 3221 1169 3288 capi
1191 3238 1234 3287 pro

175 3297 225 3347 ret,
242 3291 391 3356 vultumque,
409 3309 438 3340 ne
458 3302 596 3352 mutaretur,
616 3311 682 3344 aver·
733 3299 841 3345 tabuere.
878 3297 932 3344 Hoc
953 3296 1013 3344 forte
1033 3296 1126 3344 melius.
1149 3295 1234 3345 Horat.

180 3369 251 3412 teret.
285 3365 346 3412 Fero
362 3376 470 3423 monstra,
486 3369 580 3432 κεφαλὴ
595 3366 682 3419 δεινοῖο
733 3371 804 3419 Α.Ρ.
820 3379 907 3432 poteras
925 3368 1118 3425 douadicere.
1152 3370 1183 3416 Et
1199 3368 1234 3417 ita

182 3437 307 3503 πελώρου,
328 3440 358 3488 ΙΙ.
378 3446 406 3489 Ε.
426 3442 482 3489 741.
516 3443 636 3505 Socpfcus,
658 3445 683 3494 in
733 3444 830 3508 passim.
869 3443 900 3490 Ut
914 3459 962 3490 mea
978 3459 1000 3490 se
1015 3445 1095 3504 pone,
1106 3449 1154 3489 etc.
1187 3442 1234 3489 Te·

181 3525 267 3558 saxum
281 3522 435 3574 convertens3
452 3530 496 3563 vox
510 3517 539 3563 ab
550 3516 645 3574 Ovidis,
657 3526 684 3567 ut
734 3532 798 3564 mere
819 3515 864 3564 hoc
886 3515 1009 3575 additum3
1032 3514 1119 3563 etenim
1137 3514 1232 3562 Andro-

180 3584 684 3655 videtur,factaadformamrotioulnificas.
727 3590 805 3638 meda
826 3606 879 3638 mox
902 3588 1052 3653 relinquebat
1071 3604 1125 3636 cum
1148 3589 1234 3639 Perseo

214 3662 272 3709 221.
291 3661 344 3710 Non
360 3666 445 3711 cesurae
460 3664 547 3729 piget]
583 3667 634 3723 Me,
648 3667 684 3715 in'-
734 3672 857 3728 paternam
868 3663 974 3711 domurn.

181 3734 235 3798 quit
250 3735 364 3795 Phineus,
375 3737 477 3803 poenitet
494 3736 537 3787 tibi
553 3739 684 3790 Androme»
766 3739 823 3787 230.
840 3738 1002 3800 Pheretiade]
1030 3735 1168 3800 Phorcynis‚
1179 3736 1235 3785 Me-

180 3807 238 3856 dam
257 3825 305 3857 non
323 3810 463 3874 permisisse.
506 3813 574 3860 Nihil
593 3823 683 3874 preter,
734 3812 793 3861 duse
804 3811 890 3860 Phorci
901 3810 958 3858 filia

179 3891 228 3932 etc.
255 3885 314 3932 AEn.
332 3884 375 3932 xii.
395 3889 443 3934 sine
464 3887 523 3934 banc
542 3890 642 3936 unimam
662 3899 683 3936 et
765 3889 822 3936 235.
839 3887 962 3941 Submissc,
979 3885 1107 3950 supplices.
1141 3883 1234 3941 Cicero,

179 3961 286 4006 miserere
293 3962 417 4020 preeuntis.
733 3978 775 4027 pro
785 3962 870 4010 Plane.
884 3963 928 4008 10:
947 3961 1051 4008 tribubus
1062 3976 1097 4006 me
1106 3960 1197 4006 submisi
1214 3969 1235 4007 ct

184 4018 201 4060 '¹
213 4035 272 4082 225.
290 4035 415 4097 Etpastum
424 4038 537 4094 tribuisse,
546 4038 605 4100 eta]
619 4040 682 4086 Len·
733 4039 868 4099 supplicavi.
914 4035 1027 4082 Obtwaius
1048 4049 1111 4081 nuuc
1134 4033 1236 4098 proprie,

181 4109 231 4156 zius
242 4109 388 4175 interpungit
398 4119 450 4175 post
460 4128 547 4172 possam
555 4130 564 4170 ,-
579 4115 683 4160 tritomo
732 4110 774 4176 qui
783 4111 892 4159 conscius
901 4109 946 4157 sibi
957 4108 1025 4158 male
1034 4107 1068 4156 rei
1077 4106 1141 4156 cedit
1151 4107 1237 4168 alteri,

181 4190 261 4231 eutem
278 4183 402 4248 conjungit
417 4179 472 4234 cnm
482 4201 533 4250 seq.
544 4197 681 4250 quanquam
734 4185 784 4234 vid.
795 4183 864 4233 Parei
876 4183 957 4232 Lexic.
970 4182 1023 4232 crit.
1034 4182 1087 4232 hoc.
1098 4198 1121 4230 v.
1226 4215 1228 4218 ψ
