2812 5010
251 325 721 394 METAMORPHOSEON
744 327 837 393 LIB.
861 327 911 392 ΙΙ.
1041 331 1105 397 171

54 501 106 576 Et
122 502 264 575 laniata
281 501 398 588 sinna,
414 509 538 574 totum
555 501 774 598 percensuit
791 502 941 591 orbem3
1031 509 1105 577 335

54 618 341 716 Exanimesque
359 627 463 691 artus
482 618 615 716 primo,
635 642 724 690 mox
743 641 830 691 ossa
847 617 1054 716 requirens,

55 734 244 833 Repperit
262 757 349 807 ossa
366 745 494 806 tamen
511 733 710 830 peregrina
728 733 882 807 condita
899 733 993 831 ripa,

55 848 313 947 Incubuitque
330 851 437 938 loco;
468 872 682 944 nomenque
697 847 735 920 in
753 873 936 921 marmore
954 849 1095 923 lectum

57 964 234 1041 Perfudit
251 966 429 1046 lacrimis,
449 976 488 1038 et
505 975 635 1063 aperto
654 976 806 1062 pectore
819 965 932 1039 fovit:

58 1080 142 1156 Nec
161 1081 286 1154 minus
306 1080 487 1155 Heliades
505 1081 630 1167 fletus,
651 1091 701 1167 et,
721 1081 846 1155 inania
862 1081 973 1154 morti
1035 1087 1109 1156 340

58 1196 233 1285 Munera,
253 1198 346 1270 dant
362 1195 558 1284 lacrimas3
589 1206 627 1269 et
643 1220 752 1268 caesae
771 1208 926 1294 pectora
944 1198 1103 1295 palmis,-

58 1313 147 1387 Non
165 1313 379 1387 auditurum
397 1312 553 1385 miseras
572 1311 813 1385 Phaethonta
830 1315 1015 1409 querelas,

59 1429 185 1503 Nocte
202 1429 341 1526 dieque
358 1441 514 1516 vocant3
545 1439 860 1527 asternunturque
878 1431 1063 1529 sepulcro.

10 1576 11 1581 ¹
60 1544 167 1618 Luna
185 1557 319 1643 quater
331 1545 476 1642 junctis
493 1545 667 1642 implerat
684 1546 861 1619 cornibus
880 1549 1031 1621 orbem:

59 1663 139 1735 Illae
158 1687 260 1736 more
280 1687 360 1748 suo,
380 1687 468 1735 nam
486 1686 628 1736 morem
646 1661 788 1736 fecerat
806 1687 909 1749 usne,
1034 1661 1108 1736 345

58 1778 288 1874 Plangerem
306 1779 510 1853 dederant:
540 1804 560 1853 e
580 1779 688 1876 queis
709 1778 902 1852 Phaetusa
920 1804 1089 1854 sororum

59 1893 243 1982 Maxima,
260 1918 385 1991 ,quum
409 1896 523 1969 vellet
549 1907 657 1969 terrae
684 1897 945 1994 procumbere,
973 1908 1109 1994 questa

61 2009 273 2107 Diriguisse
290 2012 430 2109 pedes:
460 2014 507 2086 ad
526 2037 640 2110 quam
659 2025 794 2087 conata
811 2013 936 2086 venire
1035 2015 1110 2109 [est

61 2126 238 2200 Candida
256 2125 465 2226 Lampetie,
486 2130 611 2203 subita
628 2129 754 2203 radice
771 2139 918 2203 retenta
936 2140 1005 2202 est.
1108 2159 1109 2162 ¹

61 2326 195 2377 loedabant.
219 2327 288 2391 Virg.
310 2329 368 2380 AEn.
384 2330 401 2378 i.
423 2331 480 2379 673.
522 2331 561 2380 Sic
611 2331 651 2396 qui
663 2331 781 2379 habentur
790 2328 895 2384 mortuis,
903 2329 1005 2392 utVirg.
1014 2329 1111 2378 AEneid.

59 2404 159 2463 repperit
170 2401 268 2466 quidem
282 2419 337 2458 ossa,
348 2403 373 2451 in
386 2406 509 2468 peregrina
525 2415 560 2452 ta·
609 2405 642 2454 vi.
653 2407 702 2453 384
714 2421 782 2469 sqq:
798 2403 854 2450 vide
869 2401 990 2450 Brouelrh.
1004 2403 1035 2450 ad
1053 2403 1111 2450 Pro-

57 2493 109 2524 mea
126 2479 188 2537 ripa.
233 2476 263 2524 In
281 2485 343 2525 terra
360 2478 485 2541 peregrine
503 2478 562 2526 mori
610 2488 671 2545 pert.
684 2480 705 2527 Ι.
719 2479 775 2527 xvii.
786 2479 827 2526 23.
860 2477 955 2533 luania,
973 2476 1030 2541 quia
1049 2493 1109 2524 mor·

58 2547 219 2597 tristissimum
236 2549 321 2599 visum.
338 2551 421 2599 Tibul.
436 2552 460 2599 Ι.
479 2551 515 2600 ἱίἰ.
535 2555 560 2602 3,
610 2563 677 2604 tuum
693 2569 738 2601 non
753 2553 778 2600 in
791 2561 865 2600 vitam
881 2559 1002 2599 revocant.
1035 2551 1111 2599 Plane

58 2622 140 2688 ibique
152 2624 261 2688 Heynius
271 2625 418 2685 inObserv.;
430 2625 562 2691 itemVirg.
610 2628 644 2675 sic
661 2630 730 2674 inarrc
747 2642 829 2673 manus
845 2624 907 2690 apud
919 2625 987 2688 Virg.
1008 2624 1035 2672 d.
1051 2624 1068 2672 l.
1086 2632 1111 2672 et

58 2697 118 2744 AEn.
132 2696 165 2745 ix.
182 2699 239 2746 435.
274 2699 365 2760 Aperta,
384 2699 462 2747 nudo:
479 2701 562 2762 favere
613 2717 685 2748 vanas
702 2701 780 2756 honor,
799 2699 896 2747 AEneid.
914 2699 947 2747 xi.
966 2700 1012 2748 52:
1033 2702 1111 2755 inane,

57 2787 140 2818 aaran
152 2770 239 2836 frigida
255 2771 382 2820 admodum
398 2773 487 2822 locutio
497 2773 563 2822 vide·
613 2772 727 2830 omne'id,
739 2772 803 2837 quod
814 2772 892 2820 fructu
903 2780 978 2820 caret.

58 2851 97 2892 tur
119 2845 252 2893 Burmann.
296 2846 456 2911 Amplectitur
482 2848 564 2912 itaque
646 2850 703 2897 342.
730 2848 872 2895 Phaethonta
893 2856 973 2894 vacant
994 2862 1023 2895 ex
1046 2860 1112 2894 more

59 2918 168 2967 Gronov.
185 2918 247 2968 Cod.
259 2919 396 2976 lectionem,
407 2923 478 2978 savit,
490 2921 514 2969 id
526 2931 563 2970 est
614 2921 745 2986 lugentium
766 2929 790 2969 et
811 2921 1010 2970 conclamantium
1030 2919 1113 2986 priscis
1205 2968 1206 2971 ,

58 2993 290 3059 laceraritapertum
297 3011 340 3043 seu
348 2995 464 3044 nudatum
472 3007 563 3061 peetus.
612 2996 766 3060 temporibus.
782 2996 879 3044 Homer.
896 2996 945 3044 Od.
956 2997 973 3044 ἱ.
986 2998 1026 3044 65.
1042 2995 1112 3059 Virg.

61 3067 109 3116 Sed
120 3067 206 3132 quidni
217 3068 333 3132 Clymene
344 3087 433 3126 amnon,
444 3071 509 3135 quod
522 3070 563 3119 diu
613 3069 713 3118 AEneid.
725 3069 759 3118 iii.
771 3071 813 3118 63.
830 3070 902 3118 Hinc.
912 3069 1013 3119 AEneid.
1024 3069 1042 3118 i.
1054 3071 1112 3118 219.

57 3151 155 3205 pectore
174 3151 256 3206 aperto
274 3144 379 3208 tegebat,
390 3146 477 3210 jhoisse
497 3155 561 3194 recte
613 3160 654 3192 osc
656 3147 710 3206 jam
721 3147 829 3192 exaudire
837 3154 931 3201 vocatos,
941 3152 1044 3192 mortuos
1052 3159 1112 3192 esse.

57 3214 161 3272 dicatur,
174 3232 247 3280 quum
265 3219 338 3266 locam
348 3217 430 3281 fovere
447 3220 510 3268 bona
525 3219 560 3267 lo·
646 3218 702 3266 344.
719 3218 952 3280 Laaaqaater,ete.]
971 3219 1061 3266 Luctus
1071 3233 1113 3282 per

57 3290 125 3337 cutio
140 3290 181 3346 sit,
193 3289 224 3338 de
238 3306 276 3347 eo,
287 3291 329 3355 qui
342 3291 436 3341 assidue
447 3301 472 3341 et
484 3293 526 3341 diu
536 3290 562 3341 in
613 3300 705 3340 certum
721 3301 822 3357 tempus,
833 3291 906 3356 idque
920 3291 1039 3339 interdum
1055 3291 1114 3338 satis

57 3379 89 3412 eo
98 3367 220 3413 versaturl
246 3364 285 3414 Sic
297 3366 467 3431 asscensorem,
476 3367 561 3431 Virgil.
613 3367 718 3432 longum,
730 3366 839 3423 durabat,
850 3382 913 3416 nunc
926 3373 1035 3430 quatuor,
1047 3380 1113 3412 men-

58 3437 119 3484 AEn.
139 3437 173 3486 ix.
189 3439 235 3487 57:
261 3440 354 3486 hamum
364 3440 455 3504 sinere,
475 3441 563 3504 Georg.
612 3457 657 3498 ses,
669 3442 732 3506 quod
743 3441 834 3506 poetice
845 3456 999 3506 expressum3
1014 3438 1063 3487 vid.
1073 3438 1113 3487 ad.

59 3509 167 3561 111420·
613 3532 661 3565 ver.
674 3517 729 3565 453.
762 3517 817 3565 Jem
837 3512 1053 3563 transformationes
1071 3527 1113 3576 per

92 3586 150 3634 340.
163 3585 272 3635 Heliades
274 3588 369 3652 fletae]
392 3587 563 3644 Heliadesso·
612 3598 691 3655 partes
708 3606 787 3638 rursus
803 3587 923 3637 describit.
953 3587 992 3636 cf.
1003 3586 1021 3635 i.
1033 3588 1114 3635 548-

58 3674 125 3708 rores
130 3658 289 3709 Phaethontis
298 3663 489 3725 (Phaethontides
499 3663 563 3728 apud
614 3667 677 3724 5523
688 3664 870 3723 irael—35&
881 3681 904 3712 x.
911 3663 1050 3712 rao-500.
1066 3659 1114 3708 Sed

59 3732 199 3782 Germanic.
209 3734 280 3784 Arat.
296 3753 344 3785 ver.
355 3737 425 3801 371.)
442 3736 529 3786 Ἠλίου
545 3753 565 3785 s.
614 3738 701 3787 Claud.
721 3738 803 3787 xxviii.
828 3739 882 3786 164.
911 3737 984 3785 alium
1006 3735 1114 3800 mythum

58 3807 123 3855 Solis
139 3807 206 3857 filia.
239 3809 263 3856 A
282 3811 369 3859 Nostro
388 3828 434 3860 non
453 3810 499 3859 nisi
517 3820 565 3859 tres
614 3812 729 3876 sequitur,
747 3829 777 3860 ex
796 3829 843 3877 quo
860 3811 976 3861 Heliades
991 3827 1045 3860 cum
1061 3808 1113 3857 Eri-

59 3891 286 3939 commemorantur,
311 3885 342 3931 ab
368 3884 475 3949 Hygino,
498 3884 565 3949 prael.
614 3886 676 3934 deno
688 3895 712 3934 et
723 3885 805 3950 Cycno
816 3887 876 3934 inter
887 3885 964 3935 sidera
974 3884 1064 3933 relata.

58 3962 163 4019 quatuor
169 3973 178 4016 ;
195 3955 238 4004 sed
255 3957 353 4007 Hesiod.
370 3967 462 4023 septem
483 3973 565 4006 nume·
648 3959 706 4007 349.
734 3959 849 4016 Candida,
878 3959 985 4025 pulchra,
1007 3959 1117 4024 frequens

59 4039 163 4079 severat.
197 4032 287 4089 Fletus,
304 4033 418 4098 quoniam
434 4051 449 4082 a
466 4035 566 4083 lacrimis
615 4032 748 4096 puellarum
764 4033 895 4098 epitheton.
928 4034 1009 4081 Subita
1026 4035 1115 4089 radice,

61 4102 176 4170 distingui
194 4105 312 4164 videntur,
327 4108 386 4158 forte
402 4109 498 4158 omnino
515 4109 566 4156 luc·
616 4103 642 4152 in
649 4121 722 4170 quem
732 4106 805 4171 pedes
815 4107 866 4172 ejus
874 4105 953 4155 subito
961 4105 1045 4155 mutati
1053 4114 1116 4154 sunt.

60 4189 102 4227 tus
111 4179 190 4244 signa.
221 4181 333 4239 Marassa,
347 4183 446 4234 honores
456 4182 565 4238 extremi,
619 4178 698 4228 Tertia
708 4180 762 4229 aliis
774 4181 852 4246 AEgle‚
863 4180 916 4230 aliis
926 4181 1018 4229 Phoebe
1030 4188 1076 4229 est.
1112 4213 1114 4218 -
