2812 5010
351 353 818 422 METAMORPHOSEON
841 353 933 418 LIB.
956 353 1026 479 111.
1144 355 1211 420 aot

178 532 295 618 Vadit,
314 530 392 617 ubi,
412 532 554 604 electus
572 527 744 602 facienda
761 528 810 601 ad
828 551 946 614 sacra,
967 525 1157 601 Cithaeron

176 647 356 722 Cantibus
373 655 412 719 et
429 646 530 718 clara
545 644 797 717 bacchantum
814 667 905 717 voce
923 644 1094 717 sonabat.
1213 723 1218 731 ,

174 764 225 838 Ut
240 762 365 838 fremit
382 786 468 835 acer
485 786 619 859 equus,
639 784 756 858 quum
774 759 932 833 bellicus
953 783 1026 832 aere
1044 782 1181 832 canoro

174 879 290 976 Signa
306 875 412 952 dedit
428 877 592 961 tubicen,
613 898 826 972 pugnaeque
847 873 1006 948 assumit
1026 899 1210 950 amorem:

173 994 343 1068 Penthea
361 993 415 1065 sic
434 992 531 1065 ictus
549 991 670 1087 longis
688 989 893 1063 ululatibus
907 991 1027 1063 -aetber
1141 994 1213 1063 706

173 1109 304 1196 Movit,
324 1118 362 1182 et
379 1108 508 1190 audito
526 1108 700 1201 clangore
718 1105 912 1178 recanduit
928 1105 995 1176 ira.

220 1223 356 1297 Monte
373 1221 450 1296 fere
467 1223 590 1297 medio
609 1231 679 1307 est,
696 1220 934 1316 cingentibus
952 1219 1084 1293 ultima
1098 1219 1212 1307 silvis,

174 1338 295 1411 Purus
314 1339 362 1412 ab
380 1337 584 1423 arboribuS,
605 1336 822 1434 spectabilis
841 1335 1194 1439 undiquecampus.

175 1453 245 1527 Hic
264 1453 383 1526 oculis
402 1453 506 1526 illum
525 1463 740 1526 cernentem
758 1475 866 1524 sacra
882 1451 1045 1549 profanis
1140 1456 1213 1524 710

175 1566 301 1642 Prima
317 1568 430 1654 videt,
450 1567 571 1665 prima
587 1578 646 1641 est
663 1567 793 1640 insano
811 1567 959 1640 concita
976 1578 1091 1654 motu,

176 1681 302 1757 Prima
318 1709 427 1757 suum
444 1685 558 1758 misso
573 1685 723 1758 violavit
740 1685 913 1760 Penthea
928 1686 1059 1783 thyrso

177 1798 319 1874 Mater:
341 1808 366 1839 “
383 1798 437 1886 Io,
453 1801 647 1897 geminae,''
663 1802 849 1888 clamavit,
867 1802 1032 1876 “adeste
1047 1824 1213 1875 sorores:

179 1913 244 1989 Ille
264 1939 364 2013 aper,
384 1915 422 1988 in
440 1916 575 1989 nostris
594 1926 692 1990 errat
707 1917 771 2015 qui
790 1918 975 1990 maximus
994 1917 1104 2013 agris,
1142 1920 1213 1989 714

179 2029 243 2104 llle
262 2029 353 2102 mihi
371 2026 558 2104 feriendus
578 2032 704 2130 aper.''
757 2032 849 2105 Ruit
864 2032 984 2105 omnis
1002 2033 1040 2104 in
1057 2056 1173 2104 unum

178 2143 451 2222 Turbafurens:
468 2159 614 2222 cunctae
622 2159 770 2235 coeunt,
779 2158 1216 2245 cunctaequesequuntur

180 2417 287 2474 Penthei,
310 2434 382 2483 quem
403 2419 466 2483 apud
485 2418 592 2485 Euripid.
613 2437 673 2468 vers.
717 2419 844 2475 Cithaeron,
857 2419 887 2466 ad
899 2418 966 2483 cujus
980 2416 1071 2465 radices
1080 2417 1149 2465 vallis
1164 2423 1216 2464 erat

180 2493 345 2540 1023-1151.
357 2492 459 2541 nuncius
469 2502 556 2542 narrat.
591 2493 673 2541 cirne-
716 2509 792 2558 opaea
806 2493 917 2558 pinubus.
944 2491 1049 2556 Euripid.
1067 2490 1155 2540 Bacch.
1165 2506 1215 2538 ver.

178 2582 217 2614 ron
227 2567 319 2614 electus
329 2565 361 2614 ad
373 2566 440 2630 orgia
451 2567 603 2624 celebranda,
616 2566 674 2632 quia
718 2569 790 2615 1050.
830 2565 915 2613 Dianae
937 2565 998 2614 banc
1020 2565 1104 2613 silvam
1125 2579 1216 2612 sacram

179 2639 287 2688 Bacchus
293 2646 461 2698 amatmnntes,
467 2640 531 2690 unde
536 2641 673 2706 ipsedpecoc.
721 2640 801 2697 tuisse,
813 2640 986 2703 Pseudo-virg.
997 2638 1052 2688 Cid.
1067 2641 1119 2688 100.
1129 2654 1216 2687 memo·
1271 2664 1274 2671 v

179 2714 299 2771 Citheron,
308 2729 375 2763 mons
385 2715 495 2773 Boeotiae,
507 2715 537 2764 de
547 2732 595 2780 quo
606 2716 673 2781 Virg.
721 2722 767 2763 rat.
802 2716 881 2762 Partes
890 2723 915 2763 et
929 2715 1035 2778 καθαρὸς
1051 2712 1137 2762 dicitur
1151 2714 1217 2762 locus

179 2787 345 2836 AEaivaos:
366 2788 673 2850 Ybyus,ubiouditostimo·
723 2788 752 2837 ab
772 2789 894 2837 arboribus
909 2789 995 2837 nudus.
1018 2787 1071 2836 Liv.
1088 2787 1153 2836 xxiv.
1173 2789 1216 2847 14,

178 2863 225 2908 lent
241 2865 360 2910 trieterica
378 2861 467 2911 Bacche
484 2864 564 2928 Orgia,
581 2872 673 2911 noctar·
721 2879 794 2923 purus
808 2872 830 2910 ct
845 2874 924 2921 potens
939 2879 1039 2924 campus.
1079 2863 1218 2924 Spectabilis,

177 2951 261 2998 auspice
282 2944 348 2983 cocat
368 2936 464 2983 clamore
486 2936 615 2995 (litteram
649 2944 674 2985 et
723 2936 764 3000 qui
775 2945 838 2985 totus
848 2936 949 3002 spectari
960 2943 1045 3000 potest,
1056 2937 1131 2984 oculis
1139 2944 1214 3001 patet.

176 3008 274 3064 Seneca,
293 3008 350 3056 OEd.
361 3010 423 3057 487:
441 3027 504 3058 sacer
519 3021 541 3060 ct
560 3010 673 3059 Citheron
757 3012 811 3059 710.
829 3012 876 3059 Hic
886 3013 957 3059 oculis
967 3012 1042 3066 illam,
1052 3010 1111 3073 etc]
1130 3011 1219 3059 Secun-

176 3085 427 3147 sanguincinundcvtt.
724 3083 781 3132 dum
803 3083 911 3149 Euripid.
931 3086 994 3132 1040
1015 3099 1069 3147 sqq.
1088 3100 1117 3132 err
1138 3085 1220 3132 arbore

206 3158 264 3205 704.
282 3157 379 3213 Fremit,
399 3157 483 3206 hinnit.
516 3160 583 3216 Acer,
602 3160 675 3217 ferox,
725 3168 871 3222 spectantem
892 3157 1040 3223 conspiciunt
1060 3157 1145 3206 Cadmi
1165 3158 1219 3205 filiae

176 3245 311 3293 generosus.
355 3231 447 3295 Longis,
469 3231 510 3280 diu
531 3233 674 3281 continuatis
724 3231 891 3298 lapidibusque
905 3240 990 3298 petunt
1007 3242 1031 3280 et
1044 3230 1145 3295 thyrsis3
1161 3240 1221 3287 tum,

177 3320 221 3352 uno
240 3312 332 3352 tenore.
366 3305 438 3362 Ictus,
454 3319 539 3354 motus.
563 3307 627 3356 Vide
643 3308 674 3355 ad
724 3307 888 3363 arboreeruta,
899 3308 1023 3372 delapsum
1031 3306 1144 3356 lacerant.
1162 3307 1220 3353 Pro-

176 3376 283 3427 11583.
315 3377 389 3442 Apud
406 3379 487 3443 Eurip.
505 3381 553 3427 910
571 3396 623 3445 sqq.
638 3381 673 3429 in·
716 3380 795 3443 fanis,
816 3397 862 3429 non
889 3381 995 3437 initiatis,
1021 3378 1221 3443 ἀβακχεύτοισιν,

176 3451 243 3500 senia
252 3451 358 3516 injicitur
368 3453 485 3509 Pentheo,
497 3461 525 3502 ut
535 3453 594 3502 duos
605 3455 674 3511 soles,
725 3455 805 3519 Eurip.
816 3471 864 3504 ver.
875 3456 931 3503 472.
959 3456 1043 3503 insono
1053 3457 1141 3502 concae
1151 3464 1222 3510 motu,

178 3524 284 3589 duasque
294 3525 388 3574 ibebas
399 3541 495 3574 cernere
505 3526 550 3575 sibi
559 3527 674 3584 videatur,
724 3527 780 3575 θεοῦ
792 3530 911 3576 πνοαῖσιν
921 3527 1041 3592 ἐμμανὴς,
1048 3526 1145 3580 ibidem,
1153 3542 1222 3574 versu

178 3607 246 3663 atque
257 3599 292 3646 ita
303 3599 424 3648 Bacchico
435 3599 518 3648 habitu
529 3601 627 3650 vestitus
637 3602 674 3650 ln·
726 3603 797 3649 1092.
831 3603 973 3650 Mater-erat
989 3601 1097 3651 sacerdos
1113 3600 1221 3660 Bacchi,

178 3671 252 3721 dibrio
271 3675 428 3738 spectantium
448 3675 581 3739 exponitur.
613 3676 674 3723 Eum
724 3675 832 3740 Euripid.
849 3679 922 3724 1112.
956 3676 1001 3723 Ille
1016 3693 1078 3738 oper.
1101 3676 1222 3725 Pentheus

180 3755 296 3794 auctorem
307 3746 401 3811 sequuti
410 3756 465 3796 sunt
476 3748 525 3805 alii,
538 3749 609 3796 etiarn
620 3764 675 3812 poe·
724 3750 793 3797 matri
804 3751 893 3799 Bacchi
901 3751 978 3799 furore
986 3760 1098 3816 correpte
1109 3767 1223 3812 operasse

180 3826 207 3867 ta
219 3819 309 3876 Latini,
322 3822 412 3869 Pacuv.
422 3832 447 3870 et
458 3821 524 3885 Virg.
537 3822 633 3871 AEneid.
643 3823 674 3872 iv.
724 3823 825 3880 videtur,
836 3824 878 3872 sed
890 3823 953 3889 apud
963 3823 1070 3888 Euripid.
1082 3826 1115 3871 leo
1122 3843 1131 3882 ,·
1147 3825 1223 3890 Apol-

181 3893 233 3942 469.
277 3893 316 3942 Ab
337 3894 375 3943 his
392 3895 480 3945 Noster
496 3897 621 3945 discedens
639 3900 675 3946 iro
724 3895 773 3944 lod.
791 3898 885 3945 omnino
902 3897 997 3962 θηρίον.
1031 3898 1112 3945 Primo
1128 3915 1183 3945 cum
1200 3899 1224 3947 vi

182 3965 255 4027 potius
271 3983 327 4016 eum
348 3977 439 4017 motum
460 3987 535 4034 usque
555 3970 585 4018 ad
606 3971 677 4019 finem
726 3971 867 4034 repetitum;
884 3987 950 4019 narn
970 3972 995 4019 id
1017 3973 1224 4035 quoque·Bacchi

183 4049 265 4088 servat.
310 4041 431 4106 clangore,
453 4060 538 4109 nempe
557 4045 678 4109 cymbalo·
724 4061 794 4111 opus,
806 4046 870 4110 quod
880 4054 955 4094 mater
964 4048 1038 4109 prime
1048 4046 1104 4095 fecit
1114 4046 1170 4095 ista.

184 4126 241 4160 rum.
762 4120 817 4167 716.
836 4119 930 4168 canere
945 4131 1034 4178 coeunt,
1048 4130 1178 4184 cusamque
1192 4139 1225 4169 se·

212 4187 269 4234 700.
299 4187 379 4236 Monte
405 4191 496 4254 medin]
531 4192 680 4242 Describitur
730 4202 834 4254 quantur
845 4192 912 4241 dedit
926 4191 1039 4243 Heinsius
1050 4210 1080 4242 ex
1091 4195 1166 4243 altero
1179 4196 1225 4242 Pa-
