2812 5010
388 334 859 402 METAHORPHOSEON
882 334 975 408 ΠΒ.
990 337 1034 401 V.
1170 337 1235 409 35ss

184 505 342 583 Lamina
357 507 533 598 dissiluit,
549 509 768 609 dominique
787 510 825 584 in
850 519 1002 608 gutture
1017 509 1097 591 fixa
1111 521 1182 598 est.
1234 545 1239 555 ·

183 621 272 698 Non
289 634 417 700 tamen
435 625 483 699 ad
500 626 619 700 letum
635 649 771 713 causas
790 625 881 700 satis
900 625 966 703 illa
981 627 1152 716 valentes

180 737 303 838 Plaga
319 740 446 829 dedit:
466 742 656 840 trepidum
675 740 852 830 Perseus
869 752 908 817 et
925 743 1083 819 inermia
1095 743 1234 833 frustra

182 856 348 933 Brachia
363 859 584 934 tendentem
604 859 805 959 Cyllenide
825 859 996 935 confodit
1011 861 1141 960 harpe.
1164 864 1239 944 176

224 973 374 1048 Verum
392 974 458 1049 ubi
474 975 652 1051 virtutem
668 978 789 1051 turbae
809 978 1058 1053 succumbere
1074 977 1181 1066 vidit,
1243 1022 1246 1028 ·

181 1096 205 1131 ‘⁴
219 1088 451 1179 Auxilium,'’
466 1090 644 1181 Perseus
665 1102 689 1133 “
702 1093 882 1192 quoniam
901 1093 955 1167 sic
972 1095 1108 1191 cogitis
1125 1093 1237 1194 ipsi‚'’

183 1203 306 1293 Dixit,
326 1207 411 1279 “ab
429 1207 539 1282 hoste
554 1219 704 1306 petam3
734 1212 859 1284 vultus
877 1211 1035 1285 avertite
1050 1221 1208 1298 vestros,

182 1320 225 1392 Si
244 1320 330 1418 quis
349 1321 492 1396 amicus
511 1324 619 1397 adest
631 1325 666 1399 :”
693 1335 732 1398 et
751 1323 940 1422 Gorgonis
959 1325 1097 1401 extulit
1112 1349 1190 1400 orn.

180 1435 319 1521 Quaere
337 1439 463 1528 alium,
480 1450 548 1514 tua
565 1465 680 1539 quem
698 1451 874 1519 moveant
890 1441 1107 1529 miracula,’'
1124 1440 1223 1528 <lixit
1265 1509 1267 1513 ,

162 1542 411 1630 Thescelus:
440 1566 559 1653 utque
577 1581 691 1630 manu
709 1558 880 1654 Jaculum
898 1556 1186 1655 fataleparabat

180 1665 350 1759 Mittere,
369 1671 407 1744 in
426 1672 499 1746 hoc
517 1673 628 1746 haesit
645 1673 796 1770 signum
815 1675 863 1749 de
881 1697 1067 1747 marmore
1084 1682 1207 1770 gestu.

180 1783 384 1860 Proximus
401 1787 489 1861 huic
508 1788 665 1889 Ampyx
683 1789 798 1865 animi
815 1791 1035 1890 plenissima
1050 1789 1178 1887 magni

181 1897 344 1975 Pectora
363 1901 542 2000 Lyncidae
563 1905 689 2001 gladio
706 1906 823 2005 petit3
844 1907 961 2004 inque
977 1907 1143 2004 petendo
1165 1910 1234 1982 185

181 2016 352 2093 Dextera
368 2019 534 2117 diriguit,
554 2047 625 2097 nec
644 2024 737 2097 citra
754 2034 869 2111 mota,
889 2047 959 2097 nee
977 2023 1088 2096 ultra.

178 2132 233 2206 At
251 2131 398 2223 Nileus,
417 2137 483 2235 qui
503 2162 544 2212 se
562 2138 733 2235 genitum
750 2137 999 2238 septemplice
1018 2136 1107 2221 Nilo

179 2248 399 2326 Ementitus
418 2265 511 2341 erat,
531 2257 666 2355 clypeo
685 2279 840 2354 quoque
857 2253 1013 2328 flumina
1035 2262 1183 2351 septem

179 2365 350 2463 Argento
367 2370 517 2469 partim,
536 2373 672 2469 partim
690 2373 891 2446 caelaverat
907 2394 1010 2457 auro,

179 2491 204 2521 “
223 2483 404 2583 Aspice,²’
419 2487 482 2574 ait,
504 2497 528 2526 “
540 2488 698 2576 Persen,
714 2498 851 2563 nostrae
866 2484 1070 2587 primordia
1084 2484 1231 2582 gentis:

178 2598 325 2697 Magna
342 2603 439 2676 feres
457 2605 593 2679 tacitas
611 2604 746 2679 solatia
763 2604 894 2680 mortis
908 2604 956 2676 ad
975 2602 1127 2676 umbras
1162 2605 1228 2675 191

211 2785 266 2834 173.
284 2786 406 2844 Dominus,
416 2787 457 2852 qni
471 2786 543 2837 utitur
554 2789 680 2854 aliquare.
729 2789 808 2838 batur.
843 2787 926 2837 Gestus
943 2785 979 2835 illi
995 2795 1038 2835 ant
1055 2785 1144 2834 similes
1158 2783 1236 2834 notati

177 2858 307 2922 Cyllenide,
317 2877 390 2925 quam
402 2877 417 2910 a
427 2863 545 2928 Cyllenio,
554 2863 604 2912 sive
614 2865 680 2913 Mer-
730 2862 795 2911 haud
810 2861 883 2911 dubie
895 2861 947 2927 jam
965 2861 995 2909 ab
1007 2859 1138 2924 antiquiore
1154 2867 1234 2924 poeta.

177 2932 244 2981 curio
269 2942 406 3000 acceperat:
435 2935 490 2985 vide
515 2937 547 2986 ad
565 2936 598 2988 iv.
621 2939 679 2987 726.
730 2937 825 2985 Etenim
834 2933 908 3000 etiam
920 2934 945 2983 in
958 2933 1097 2999 Polydecte
1109 2946 1134 2983 et
1145 2932 1234 2982 amico·

176 3005 257 3055 Etiam
274 3008 393 3073 Orpheus,
408 3009 472 3060 Lith.
482 3029 522 3061 xv.
534 3013 574 3061 45.
592 3013 679 3078 ἅρπην
729 3026 781 3059 rum
790 3008 1002 3065 transformatione,
1010 3008 1151 3056 observante
1159 3005 1234 3072 Apol·

179 3080 422 3141 Kohhnvidahabet.
729 3082 873 3134 lod.11.iv.
890 3085 921 3132 3:
947 3079 1235 3138 restituendorum

212 3155 268 3204 177.
287 3157 370 3207 Verum
384 3158 506 3222 ubi,etc.]
541 3156 620 3207 Serius
634 3159 679 3208 hoc
729 3156 832 3216 ἕκαστος
850 3158 921 3222 ἔτυχε
944 3159 1031 3222 σχῆμα
1053 3156 1129 3220 ἔχων,
1147 3153 1235 3204 anen-

176 3227 268 3276 anxilio
289 3229 363 3280 utitur
383 3240 410 3279 ut
429 3231 590 3281 fortitudinem
611 3242 681 3282 antea
730 3232 805 3292 θώθη,
837 3232 891 3279 Hoc
911 3245 967 3295 ergo
986 3230 1073 3278 Noster
1093 3236 1117 3278 et
1133 3227 1167 3279 iv.
1186 3229 1233 3277 551

176 3310 316 3353 ostentaret.
347 3306 383 3352 Ab
400 3306 459 3354 hotto
471 3314 554 3369 petam.
587 3306 627 3357 Sic
637 3308 681 3370 fur
730 3321 782 3372 sqq.
802 3313 916 3372 sequutus
933 3312 979 3355 est.
1013 3300 1236 3371 Diriguit31igidt

176 3386 199 3424 et
210 3378 239 3424 ab
249 3378 310 3426 hoste
320 3381 403 3429 doum
436 3381 522 3437 Hostis,
534 3381 614 3445 Gorgo
624 3381 681 3430 olim
730 3388 755 3429 et
765 3380 826 3429 dura
836 3381 901 3428 facta
912 3386 957 3427 est.

176 3448 266 3498 occisa.
307 3452 367 3517 Ejus
384 3453 463 3518 eapite
480 3453 505 3501 in
525 3471 607 3519 pugna
626 3470 681 3503 cum
765 3456 821 3504 187.
836 3455 868 3502 At
885 3454 976 3510 Nileus,
988 3452 1049 3515 etc.]
1085 3451 1124 3499 Sic
1139 3450 1235 3498 Turnus

175 3523 322 3588 Gigantibus
341 3526 448 3577 similiter
474 3526 549 3576 utitur
570 3527 683 3578 Minerva
731 3529 756 3577 in
771 3529 855 3594 clypeo
868 3527 987 3576 Inachum
1004 3525 1113 3580 fluvium,
1132 3522 1190 3588 quia
1204 3523 1235 3572 ab

176 3597 241 3662 apud
252 3598 339 3648 Claud.
347 3600 436 3650 xxxvii.
446 3602 479 3650 93
489 3617 542 3665 sqq.
578 3602 678 3651 Extulit.
729 3604 820 3653 Inacho
839 3616 915 3666 genus
933 3599 1045 3656 ducebat,
1062 3598 1174 3646 caelatnm
1192 3595 1236 3646 ha·

174 3672 389 3736 inconprensa
406 3693 456 3725 oro.
489 3677 618 3734 Miroeula,
629 3692 680 3725 ma·
729 3678 811 3726 behet.
829 3675 925 3725 AEneid.
942 3673 984 3723 vii.
999 3674 1056 3722 789.
1090 3672 1233 3730 Psimada,

176 3747 237 3812 giem
248 3755 320 3806 artes,
329 3751 467 3800 versnl97.
501 3750 679 3807 Maecenates·
729 3752 803 3815 origo.
836 3751 924 3798 Cadere
937 3751 965 3796 ab
980 3750 1057 3811 aliquo
1073 3762 1117 3812 per
1132 3744 1236 3794 brevilo-

176 3832 254 3872 reant.
299 3823 383 3873 Fatale
403 3832 450 3882 est,
473 3825 536 3889 quod
562 3833 681 3889 arreptum
731 3823 950 3890 quentiamdieitur
960 3821 1235 3886 iuquiintnfectusab

176 3912 252 3946 eausa
261 3897 307 3945 fnit
316 3897 362 3964 ipsi
373 3899 520 3948 mutationis.
552 3901 625 3948 Haesit
635 3903 681 3964 sig-
732 3916 760 3949 eo
771 3899 845 3948 cadit.
865 3898 981 3964 Exempla
992 3897 1066 3946 habet
1075 3897 1237 3951 Burmaumu.

176 3988 233 4020 num
244 3972 370 4036 exquisite,
381 3974 518 4023 factumest
529 3975 631 4038 signum.
650 3973 681 4022 In
733 3975 852 4039 Magnum
869 3979 949 4021 autem
965 3971 1094 4023 Veteribus
1109 3977 1160 4020 erat
1175 3968 1237 4019 sola-

177 4044 219 4094 lue
229 4048 322 4111 rignum
337 4048 399 4096 hesit
406 4066 416 4106 ,¹
434 4048 478 4097 hoc
491 4057 541 4108 cst,
553 4048 683 4098 Thescelus
734 4048 804 4106 tium,
819 4062 834 4097 a
851 4061 938 4112 magno
951 4045 1002 4098 viro
1015 4045 1116 4097 cadem:
1135 4042 1189 4097 side
1207 4043 1239 4094 td

175 4119 202 4168 in
224 4127 327 4170 stetrmm
343 4137 498 4171 marmoream
516 4122 550 4171 ite
569 4131 607 4170 est
626 4138 683 4171 con·
732 4123 805 4174 irad.

176 4210 269 4252 tersus,
276 4204 303 4242 nt
311 4196 419 4260 jaculum
431 4197 538 4247 emittere
547 4197 609 4248 velle
617 4195 683 4247 vide·

211 4267 292 4318 VOL.
307 4269 358 4320 111.
837 4272 885 4321 Oo
