2812 5010
327 675 361 754 P
406 622 606 757 ovinn
635 677 898 760 nnsonis

81 836 83 841 Ι
182 908 1034 1008 nnnnnonnnosnon

354 1138 524 1204 LIBER
554 1140 861 1206 SECUNDUS.

510 1365 707 1418 -φη

549 1558 631 1609 nnn.
648 1561 671 1610 1.

83 1704 267 1798 REGIA
292 1727 390 1800 Solis
408 1737 489 1801 erat
506 1708 731 1803 sublimibus
750 1728 826 1800 alta
843 1724 1042 1812 columnis,

83 1840 200 1916 Clara
217 1842 380 1918 micante
395 1867 498 1932 aune,
514 1845 761 1943 flammasque
776 1843 948 1917 imitante
963 1866 1106 1941 pyropo
1120 1869 1128 1931 ;

82 1957 208 2056 Cujus
226 1960 319 2034 ebur
336 1961 497 2034 nitidum
515 1961 666 2060 fastigia
683 1984 830 2036 summa
852 1960 1028 2047 tenebat3

118 2204 207 2254 1-18.
219 2204 293 2270 Regia
301 2205 381 2269 Solis]
399 2207 430 2255 In
439 2209 583 2272 quadescri-
633 2224 699 2258 auro.
730 2209 833 2266 Misere,
845 2224 887 2274 per
901 2205 1027 2258 intervalla
1041 2206 1131 2264 lucere,

78 2277 162 2328 benda
178 2279 280 2329 Ovidius
295 2296 340 2330 nec
357 2281 443 2331 veteris
459 2284 584 2349 cujusdam
633 2291 658 2332 et
679 2298 704 2332 se
724 2298 826 2333 movere.
861 2284 934 2331 Auro.
966 2281 1029 2346 Lege
1050 2281 1135 2330 Senes.

79 2363 161 2417 poete
182 2353 236 2402 loca
256 2354 359 2420 respexit
381 2355 532 2422 (quanquam
559 2364 583 2408 et
633 2357 677 2406 hos
704 2373 785 2406 versus
816 2356 940 2412 citantem,
954 2373 956 2376 ’
969 2354 1046 2420 Epist.
1076 2355 1132 2402 115.

80 2427 148 2492 apud
158 2428 255 2477 Homer.
266 2429 314 2478 od.
324 2435 353 2479 Δ.
364 2431 448 2482 72.Η.
461 2433 500 2482 87.
511 2433 583 2498 regiae
634 2432 732 2495 Pyropo.
766 2431 868 2480 Gemma
878 2429 986 2479 radiante
997 2429 1070 2478 instar
1081 2444 1134 2476 car·

79 2509 209 2550 occurrunt
224 2517 288 2560 auro,
299 2512 406 2567 argento,
417 2505 488 2554 ebore
504 2509 584 2573 splen·
632 2505 739 2555 bunculi.
772 2506 858 2569 Neque
869 2503 933 2552 enim
943 2503 1024 2569 placet
1040 2502 1071 2550 de
1087 2517 1133 2550 ere

80 2573 191 2638 dentes)
199 2591 243 2624 nec
252 2575 329 2625 obiter
338 2576 457 2643 Apollinis
468 2581 583 2646 templum
632 2579 765 2630 coronario':
794 2578 858 2644 qnod
874 2578 936 2628 Plin.
953 2578 995 2627 lib.
1011 2576 1091 2626 xxxiv.
1109 2578 1135 2625 8.

82 2649 115 2696 ab
126 2650 237 2713 Augusto
252 2649 277 2697 in
290 2651 383 2700 Palatio
393 2651 529 2702 dedicatum
540 2655 584 2718 (de
634 2653 715 2703 scribit
739 2656 793 2702 auri
814 2655 883 2701 certis
905 2653 1018 2715 scrupulis
1039 2654 1134 2699 mistum

80 2738 131 2788 quo
147 2723 196 2772 III.
206 2723 276 2772 Trist.
286 2723 303 2773 i.
314 2726 346 2773 58
363 2741 416 2790 sqq.
432 2726 539 2792 Propert.
549 2728 584 2781 II.
631 2730 744 2792 preterini
749 2731 830 2792 pyropi
840 2729 931 2775 bractea
939 2729 1059 2792 ignescere.

80 2797 162 2861 xxiii.)
179 2797 276 2847 laudare
286 2798 375 2861 voluit3
392 2801 434 2850 sed
450 2818 464 2849 e
478 2802 585 2868 partibus
666 2803 690 2853 3.
717 2802 843 2867 Ραπὶςία.]
872 2800 961 2857 Ἀετοὶ,
989 2799 1131 2864 αἐτώματα,

78 2872 223 2937 templorum
234 2873 367 2939 precipuis,
379 2877 498 2934 columnis,
507 2877 582 2942 fasti-
635 2876 729 2941 propria
739 2878 807 2926 erant
817 2874 957 2941 templorum
967 2873 1133 2939 regiarumque

77 2948 127 3010 giis
128 2946 264 3010 foribusque
275 2949 368 3006 celatis,
378 2964 431 2998 eam
442 2951 583 3016 composuit,
633 2949 777 3007 divinarum,
798 2965 878 3014 neque
899 2948 925 2997 in
949 2946 1002 2996 aliis
1028 2946 1134 2995 edificiis

79 3019 163 3068 addito
181 3019 267 3086 insigni
284 3030 378 3081 ornatu,
399 3023 448 3089 qui,
466 3041 539 3089 quum
557 3026 583 3075 in
632 3023 774 3074 serebantur.
806 3024 881 3072 Erant
897 3029 977 3071 sutem
996 3019 1132 3086 pinnacula,

78 3095 210 3144 Romanor.
224 3094 315 3144 edibus
333 3112 424 3155 aurum,
438 3099 504 3156 ebur,
519 3116 580 3149 mar·
633 3097 726 3162 quibus,
734 3096 856 3161 dignitatis
867 3111 948 3153 causa,
957 3103 1021 3144 tecta
1032 3095 1131 3160 templo-

78 3183 132 3217 mor
148 3169 268 3227 reniteret,
278 3169 383 3220 divinam
394 3172 483 3237 regiam
497 3174 523 3222 in
533 3175 580 3240 pri-
631 3188 684 3221 rum
695 3171 793 3221 elatiora
804 3170 961 3236 (privatarum
970 3169 1032 3218 enim
1044 3167 1133 3216 edium

79 3238 126 3291 mis
140 3243 227 3292 decere
245 3243 380 3294 videbatur.
413 3248 484 3306 Quod
503 3257 581 3314 poste·
631 3253 695 3294 tecta
710 3245 782 3310 plens
797 3243 877 3307 erant)
888 3245 913 3292 in
926 3242 1049 3292 cacumine
1066 3258 1133 3290 exor-

78 3316 581 3388 riusminimeapprobavitSenec.Ep.cxv.
632 3319 758 3368 nubantur·
792 3318 896 3383 Fastigt'a
916 3334 1010 3374 Summa,
1031 3316 1049 3365 i·
1064 3331 1086 3364 θ·
1103 3314 1132 3397 ‚5¹¹

79 3391 130 3456 qui,
142 3391 217 3441 allate
227 3391 272 3441 hac
285 3391 337 3458 ipsa
344 3393 414 3459 regiae
425 3402 450 3444 et
460 3410 515 3445 mox
527 3413 580 3446 cur·
632 3407 723 3442 summo
739 3399 816 3441 tecto:
833 3391 888 3440 vide
899 3389 993 3458 Ernesti
1004 3389 1072 3438 Clav.
1080 3389 1132 3437 010.

79 3466 209 3516 russolaris
218 3465 384 3533 descriptione,
392 3477 482 3527 monet,
492 3470 581 3522 talibus
631 3465 686 3515 h.v.
707 3464 813 3528 Fastigia
822 3465 962 3529 plerumque
973 3471 1058 3512 onusta
1066 3470 1133 3510 erant

78 3541 162 3605 augeri
173 3557 265 3590 sacram
276 3541 326 3590 anri
337 3543 423 3593 famem
433 3543 495 3592 inter
504 3544 580 3594 homi·
632 3540 719 3604 signis:
737 3539 792 3588 vide
809 3541 914 3588 Pausan.
929 3537 1026 3619 pas-tile,
1043 3537 1068 3584 in
1084 3536 1132 3618 pri:

78 3630 129 3664 nes.
170 3615 293 3674 columne,
315 3617 428 3683 porticus,
448 3620 474 3668 in
494 3619 581 3683 quibus
630 3613 675 3663 mis
691 3614 734 3664 lib.
750 3631 773 3662 v.
788 3629 812 3678 p.
828 3613 876 3662 399
891 3627 911 3661 s.
947 3604 1132 3694 ⁸¹⁰.¹¹¹.t“mp.¹¹

79 3688 143 3754 apud
162 3689 263 3738 Veteres
278 3690 383 3739 maxima
399 3708 455 3757 pars
472 3693 581 3756 magnifi-
633 3687 759 3752 Apollinis,
772 3687 803 3734 ab
816 3685 925 3749 Angusto
941 3683 1052 3739 dedicati,
1066 3683 1131 3730 fasti·

79 3761 163 3810 centiae
171 3762 321 3828 templorum.
355 3765 384 3813 In
394 3764 477 3831 primis
486 3783 581 3832 operam
631 3761 670 3825 gio
682 3769 732 3810 erat
742 3775 827 3810 aureus
837 3758 898 3808 Solis
908 3774 998 3807 currus.
1026 3758 1133 3821 Propert.

80 3834 179 3894 dabant,
189 3845 217 3886 ut
228 3846 306 3887 essent
316 3841 429 3897 sublimes,
440 3841 507 3890 altis:
526 3842 581 3892 vide
631 3836 665 3885 II.
674 3835 740 3885 xxiii.
749 3837 786 3884 11.
807 3833 893 3898 Itaque
904 3841 929 3881 et
940 3832 964 3880 h.
974 3832 992 3882 1.
1003 3833 1058 3879 ebur
1069 3829 1132 3878 acei-

80 3910 174 3959 Ernesti
191 3911 310 3962 Archseol.
328 3911 377 3964 viii.
398 3915 436 3964 10.
469 3917 525 3964 Ana
545 3934 581 3965 so·
631 3909 671 3975 pio
681 3909 711 3957 de
722 3908 795 3975 signis
807 3905 947 3957 eburneisin
956 3904 1050 3970 fastigio
1058 3905 1132 3953 collo-

82 3985 172 4042 lamnis,
189 3994 284 4050 propter
299 3987 430 4045 columnas,
451 3997 478 4039 nt
497 3990 582 4056 virgil.
631 3985 705 4033 catis:
732 3985 840 4039 nitidum,
868 3980 1004 4030 candidum.
1050 3979 1134 4028 Teum

82 4057 229 4109 AEneid.vii.
244 4061 297 4110 170.
355 4054 356 4059 ¹
631 4058 710 4107 locum
726 4057 847 4113 dicuntur,
859 4072 912 4121 quae
930 4056 955 4103 in
971 4071 1000 4102 eo
1016 4053 1134 4102 collocata

112 4133 137 4180 2.
166 4132 258 4196 Clare]
292 4135 435 4201 Splendens.
478 4136 582 4185 Micante
632 4140 701 4182 sunt:
719 4131 773 4181 vide
788 4131 871 4182 Heins.
888 4130 918 4179 ad
935 4130 983 4179 111.
996 4130 1060 4177 Fast.
1075 4126 1132 4175 219.
