2812 5010
175 334 248 428 210·
471 334 511 398 P.
528 332 698 398 ³OVIDII
721 332 934 400 NASONIS
1024 345 1029 351 ’

177 507 382 582 calcavere
400 506 607 606 pedis,'nec
626 508 737 582 solvit
754 495 1135 606 aquaticus'Austers

178 623 288 697 Colla
304 623 395 696 toris
414 633 570 711 extant;
601 625 712 697 armis
727 625 893 721 palearia
910 625 1078 723 pendent
1092 651 1101 713 ;

179 739 332 812 Cornua
349 763 463 836 parva
480 738 647 835 quidem,
665 740 732 812 sed
752 765 835 837 quae
854 741 1083 815 contendere
1100 739 1225 838 possis

177 855 295 929 Facta
307 880 433 943 manu,
445 880 615 954 puraque
626 858 745 953 magis
757 857 951 955 perlucida
962 881 1124 954 gemma.
1151 859 1223 929 858

178 973 215 1045 N
219 973 303 1045 ullae
322 973 360 1045 in
378 972 498 1046 fronte
516 975 638 1060 minae,
658 973 979 1047 nec'formidabile
996 973 1147 1060 lumen;

176 1089 318 1163 Pacem
335 1089 460 1163 vultus
478 1090 616 1163 habet:
645 1090 800 1162 miratur
818 1088 991 1185 Agenore
1009 1099 1109 1172 nata,

177 1203 289 1288 Quod
307 1216 385 1280 tarn
403 1205 600 1294 formosus,
620 1207 723 1303 quod
740 1205 869 1304 praelia
886 1206 988 1277 nulla
1005 1204 1182 1277 minetur.

179 1321 269 1408 Sed,
290 1322 459 1418 quamvis
475 1323 617 1409 mitem,
638 1322 772 1396 metuit
790 1323 1007 1418 contingere
1025 1319 1172 1418 primo:

177 1437 273 1510 Mox
291 1438 393 1526 adit3
423 1447 462 1512 et
478 1439 588 1513 flores
607 1439 655 1513 ad
674 1440 835 1513 candida
852 1438 1007 1537 porrigit
1024 1460 1102 1509 ora.
1151 1439 1221 1509 861

179 1553 333 1627 Gaudet
351 1578 504 1640 amans;
534 1565 584 1643 et,
604 1555 695 1627 dum
712 1556 837 1628 veniat
855 1563 1005 1651 sperata
1018 1552 1207 1648 voluptas,

181 1669 325 1742 Oscula
341 1670 407 1742 dat
424 1671 617 1759 manibus3
646 1672 715 1745 vix'
728 1672 796 1744 ah!
823 1672 886 1746 vix
904 1681 1042 1744 caetera
1059 1668 1206 1743 differt:

178 1785 229 1858 Et
245 1809 345 1858 nunc
364 1786 508 1873 alludit,
524 1785 709 1884 viridique
727 1787 874 1861 exultat
888 1786 927 1858 in
945 1786 1084 1871 herba;

180 1901 292 1975 Nunc
310 1901 407 1974 latus
429 1901 466 1974 in
485 1901 594 1974 fulvis
613 1902 762 1976 niveum
780 1900 936 1999 deponit
953 1899 1097 1986 arenis;
1152 1901 1225 1970 865

178 2017 445 2114 Paulatimque
462 2028 565 2090 metu
583 2019 749 2117 dempto,
764 2019 875 2091 modo
893 2027 1049 2115 pectora
1066 2015 1212 2113 praebet

179 2133 357 2229 Virginea
375 2134 588 2230 plaudenda
604 2158 738 2222 manu;
768 2134 879 2207 modo
897 2156 1037 2206 cornua
1055 2128 1166 2203 sertis

180 2250 428 2346 Impedienda
445 2250 571 2324 novis:
602 2276 694 2324 ausa
711 2261 769 2324 est
787 2273 939 2347 quoque
957 2248 1061 2344 regia
1077 2246 1194 2341 virgo,

180 2365 321 2461 Nescia
338 2389 451 2461 quern
469 2378 668 2464 premeret,
686 2379 789 2464 tergo
807 2366 1002 2440 considere
1020 2362 1130 2437 tauri.

180 2481 278 2555 Tum
297 2481 402 2555 Deus
421 2493 571 2569 aterra,
591 2484 768 2582 siccoque
786 2509 809 2558 a
825 2483 946 2568 litore,
967 2480 1107 2554 sensim
1152 2482 1228 2551 870

216 2757 272 2804 854.
284 2755 349 2803 Collo
365 2759 420 2805 toris
435 2758 534 2820 extant]
553 2758 678 2823 Epectore
729 2767 771 2808 aut
790 2769 875 2814 turus,
894 2772 948 2820 quae
967 2754 1024 2803 alibi
1040 2755 1089 2803 fere
1107 2752 1137 2801 de
1155 2749 1230 2800 tauris

182 2839 267 2886 toroso,
282 2830 345 2893 quod
356 2830 426 2879 valde
443 2832 554 2880 laudatur
569 2833 593 2880 in
607 2834 680 2882 tauris
729 2833 897 2898 praedicantur.
926 2831 1017 2885 Pacem,
1033 2827 1186 2876 serenitatem
1204 2831 1230 2872 et

184 2905 291 2969 (Colum.
311 2904 343 2952 vi.
365 2905 416 2965 13.)
437 2905 557 2954 eminebat
583 2907 679 2957 collum.
730 2907 935 2971 tranquillitatem,
955 2907 1030 2961 babet,
1049 2918 1098 2967 proe
1116 2916 1141 2948 se
1164 2901 1228 2948 lert:

183 2979 244 3025 Sunt
263 2985 342 3025 autem
360 2982 404 3025 tori
419 2994 474 3043 pars
488 2995 595 3037 carnosa,
607 2980 680 3046 pulpa
730 2981 823 3029 ator.
852 2981 936 3026 Prnlin
954 2979 1021 3024 nullu
1037 2978 1150 3022 minetur.
1173 2973 1229 3019 Non

182 3049 260 3100 carnis
278 3051 419 3108 musculosa,
430 3052 454 3100 in
472 3053 567 3102 lacertis
583 3063 608 3102 et
625 3071 680 3120 pec·
730 3053 853 3102 colluctari
864 3070 918 3101 cum
930 3051 1020 3101 ceteris
1034 3051 1113 3099 bubus
1124 3056 1232 3096 conetur.

181 3133 241 3181 tore,
249 3124 399 3188 pulvillorum
407 3126 488 3184 instar,
496 3128 609 3177 eminens.
626 3129 681 3177 Vir·
731 3128 822 3184 Mitem,
836 3127 975 3192 χειροήθης,
993 3126 1018 3174 id
1033 3132 1079 3180 est,
1092 3130 1231 3171 mansuetus

184 3200 226 3264 gil.
237 3200 324 3262 Georg.
333 3199 367 3247 iii.
379 3203 418 3249 58.
428 3201 530 3266 optimos
544 3211 623 3251 tauros
637 3220 680 3253 nu·
731 3211 829 3251 vocatur
839 3204 869 3250 ab
880 3200 991 3267 Apollod.

185 3280 269 3327 merat,
280 3272 366 3336 quibus
376 3276 478 3335 plurimu
490 3275 573 3340 (longa
583 3286 608 3324 et
618 3292 681 3325 cras·
764 3277 820 3324 862.
839 3275 939 3337 Veniat]
960 3272 1059 3321 Talibus
1074 3271 1140 3334 viget
1153 3269 1232 3335 phan-

184 3346 223 3408 ιε)
241 3350 324 3402 cervia
335 3354 360 3394 et
375 3348 460 3411 quibus
475 3366 569 3398 crurum
587 3360 652 3399 tenus
667 3370 681 3399 a
731 3349 792 3397 tasia
803 3348 892 3398 Ovidii.
923 3348 1004 3395 Venire
1014 3344 1136 3407 eleganter
1146 3342 1230 3390 dicun·

184 3431 258 3470 mento
267 3422 370 3482 palearia
380 3422 493 3485 pendent.
732 3432 778 3479 tur,
789 3439 842 3487 quae
860 3420 1000 3484 contingunt
1013 3417 1093 3472 alicui,
1110 3425 1138 3464 ut
1154 3416 1231 3463 haere·

218 3498 274 3544 855.
287 3496 380 3542 (ἕστηκα
395 3497 488 3559 parua]
505 3497 643 3546 Laudentur
657 3497 682 3545 in
732 3497 818 3544 ditates
830 3496 897 3560 (Cic.
907 3495 976 3543 Verr.
988 3494 1020 3541 iv.
1030 3493 1084 3554 27.)
1101 3499 1126 3539 et
1139 3489 1179 3538 hic
1190 3506 1232 3537 vo-

182 3564 263 3618 bubus
286 3584 374 3617 cornua
394 3571 503 3631 excelsa;
526 3570 568 3619 sed
587 3571 682 3635 Jupiter
729 3570 816 3635 luptas.

186 3650 345 3707 assumpserat
354 3659 435 3704 paruo,
451 3661 480 3691 ne
494 3644 604 3692 terribilis
617 3645 682 3692 vide·
764 3645 819 3692 865.
836 3644 866 3690 ln
876 3643 955 3707 fulina
965 3641 1075 3702 niueum]
1089 3640 1125 3688 Ut
1134 3638 1151 3686 i.
1165 3639 1231 3685 112:

185 3727 248 3767 retur
265 3717 360 3781 puella.
387 3718 418 3764 Et
437 3718 578 3775 Columella,
595 3718 627 3767 vi.
642 3721 682 3768 20.
723 3719 869 3782 flavaquede
879 3719 957 3765 uiridi.
975 3714 1099 3769 Plaudere,
1110 3713 1236 3772 mulcere;

185 3791 294 3840 breviora
310 3789 392 3846 tauris,
406 3807 478 3854 quam
494 3793 580 3848 bubus,
596 3808 684 3840 cornua
731 3790 786 3839 vide
804 3790 938 3839 Heinsium.
965 3787 1046 3836 Nostri
1063 3785 1167 3835 Codices
1187 3786 1230 3833 lra-

186 3863 277 3912 tribuit.
315 3865 390 3912 Manu
402 3866 473 3929 facta
494 3867 613 3923 dicuntur,
630 3883 683 3930 quae
732 3866 789 3913 bent
805 3866 931 3925 palpanda.
959 3863 1017 3908 Haec
1033 3859 1114 3914 lectio,
1133 3868 1233 3923 prseter-

188 3937 219 3984 ab
238 3936 366 3985 artificibus
381 3939 445 3987 lacta
461 3949 523 3996 sunt,
539 3948 562 3988 et
578 3940 685 4005 opposita
733 3955 805 4002 quam
817 3936 880 4002 quod
898 3935 1027 3984 accuratior
1040 3932 1107 3981 nobis
1117 3933 1170 3980 visa
1187 3943 1237 3989 est,

187 4018 278 4058 natura
285 4011 407 4075 operibus:
420 4013 473 4062 vide
481 4015 562 4062 Burm.
568 4014 598 4062 ad
606 4014 683 4072 Quin·
734 4011 805 4061 habet
818 4011 897 4060 nescio
916 4010 974 4075 quid
989 4008 1083 4056 dulcius
1098 4015 1123 4055 et
1141 4006 1234 4055 amanti

188 4086 223 4134 til.
235 4084 306 4131 Decl.
317 4083 352 4134 ix.
365 4088 403 4134 18.
734 4085 920 4134 convenientius.
938 4084 1016 4139 Nouis,
1027 4098 1039 4130 e
1051 4081 1118 4129 novis
1129 4081 1239 4130 floribus.

222 4159 279 4206 851.
296 4158 374 4206 Nolle
391 4160 478 4223 mium]
498 4162 553 4209 Non
563 4171 614 4211 erat
630 4173 684 4212 truc
735 4161 840 4209 Premerc
851 4167 875 4208 et
886 4158 981 4221 θλίβειν
991 4174 1040 4223 pro,
1050 4156 1161 4204 insidere.
