2812 5010
137 343 202 408 176

404 392 407 397 .
429 341 469 404 P.
493 338 655 405 OVIDII
679 337 891 404 NASONIS

141 517 307 602 Circuit3
337 525 387 601 et,
407 540 455 591 ne
473 514 566 612 quid
584 513 811 587 labefactum
829 512 970 587 viribus
988 513 1086 611 ignis

140 621 313 716 corruat,
334 634 528 731 explorat:
557 656 642 730 quae
661 643 864 730 postquam
881 631 1000 719 firma,
1020 630 1156 729 suique

141 750 303 825 Roboris
322 775 407 825 esse
424 751 548 839 videt;
577 760 709 834 terras,
729 748 1003 845 hominumque
1021 749 1169 822 labores

140 866 341 966 Perspicit.
386 865 560 941 Arcadiae
577 875 706 939 tamen
723 875 783 938 est
799 863 1005 961 impensior
1022 863 1076 936 illi
1111 865 1187 936 405

140 982 243 1056 Cura
260 1007 359 1072 suae3
387 982 600 1082 fontesque,
620 992 660 1057 et
677 982 844 1055 nondum
862 980 1042 1055 audentia
1057 980 1136 1054 labi

140 1097 314 1173 Flumina
331 1099 518 1188 restituit;
548 1099 615 1171 dat
630 1107 738 1172 terrae
753 1097 934 1194 gramina,
953 1096 1107 1169 frondes

139 1215 370 1306 Arboribus;
398 1217 587 1313 laesasque
599 1215 710 1313 jubet
727 1213 952 1288 revirescere
970 1213 1097 1286 silvas.

141 1332 243 1406 Dum
260 1333 369 1419 redit,
388 1333 493 1430 itque
507 1331 697 1429 frequens
717 1331 756 1404 in
773 1330 916 1427 virgine
937 1328 1155 1403 Nonacrina

139 1595 186 1646 isse
198 1597 317 1655 videntur,
328 1605 426 1646 morture
440 1596 505 1646 sidus
521 1598 589 1646 Ursas
603 1595 639 1644 di-

141 1671 233 1728 carunt,
249 1670 317 1736 cujus
333 1679 357 1720 et
373 1686 459 1720 nomen
474 1680 499 1719 et
513 1669 581 1728 situs,
592 1686 639 1736 quo

140 1759 263 1809 nmquam
273 1743 369 1802 occidit,
377 1743 464 1793 fabulae
473 1744 554 1792 locum
565 1741 640 1793 dedit.

142 1819 203 1867 Eam
212 1834 267 1867 vero
279 1817 372 1868 Gracia
388 1819 540 1882 decantatam
556 1817 638 1875 luisse,

142 1893 248 1942 Pausan.
259 1909 285 1958 p.
297 1893 355 1942 603.
368 1892 448 1942 tradit.
480 1892 573 1942 Primus
586 1907 640 1942 eam

141 1965 269 2023 Aniethus,
278 1966 394 2032 Tegeates
407 1966 556 2016 historiarum
567 1967 639 2032 scrip-

142 2051 187 2099 tor,
198 2057 305 2092 sanasse
315 2040 417 2093 videtur.
450 2042 514 2106 Hyg.
525 2044 556 2091 P.
567 2043 601 2091 A.
611 2041 639 2091 ii.

144 2120 155 2167 l
166 2125 225 2166 extr.
258 2119 316 2166 Post
326 2133 381 2165 eum
389 2116 494 2182 plurimi,
502 2116 544 2166 sed
554 2132 642 2181 magna

142 2190 265 2248 varietate,
280 2189 432 2256 repetierunt,
446 2190 568 2247 Eumelus,
579 2189 641 2239 Phe·

50 2280 59 2302 ·
140 2263 248 2329 resydes,
259 2263 338 2322 Asius,
348 2263 476 2322 Hesiodus,
492 2280 551 2329 quos
566 2263 641 2329 Apol-

141 2338 192 2387 lod.
203 2338 294 2394 laudat,
305 2347 329 2387 et
345 2338 454 2404 Amphis,
469 2337 641 2387 comoediarum

140 2412 246 2477 scriptor.
288 2414 324 2460 Ex
346 2411 383 2469 iis,
404 2411 445 2476 qui
466 2420 563 2469 restant,
584 2410 639 2460 vide

143 2487 247 2536 Pausau.
265 2485 317 2534 viii.
334 2503 359 2551 p.
377 2487 442 2546 6033
462 2486 575 2552 Apollod.
590 2486 640 2535 III.

141 2560 193 2610 viii.
211 2563 242 2621 ¹25
263 2560 328 2624 Hyg.
345 2561 394 2609 lah.
413 2562 468 2618 176,
486 2561 541 2610 177.
558 2561 588 2609 P.
605 2561 638 2610 A.

141 2635 178 2684 11.
189 2634 206 2683 i.
217 2634 259 2682 ubi
270 2633 375 2682 diversas
385 2635 523 2684 traditiones
533 2634 638 2699 collegit.

142 2709 237 2766 Noster,
248 2707 290 2772 qui
300 2707 431 2757 Hesiodum
442 2708 545 2757 maxime
553 2724 639 2772 sequu-

141 2790 180 2831 tus
190 2799 241 2832 esse
252 2782 352 2838 videtur,
364 2798 417 2831 eam
432 2783 526 2846 egregie
542 2799 640 2832 exorna·

142 2857 185 2914 vit,
199 2865 272 2922 atquo
289 2857 369 2913 etiam,
381 2857 416 2903 II.
428 2859 492 2906 Fast.
505 2859 642 2906 les-19³.

142 2931 262 2978 tractavit.
294 2931 347 2979 Hoc
358 2939 490 2979 commento
501 2931 641 2980 commodis·

142 3003 201 3051 sime
212 3002 243 3051 ad
253 3003 301 3052 fab.
308 3019 359 3068 seq.
366 3003 460 3052 transit.
484 3005 570 3053 Moeaio
579 3005 642 3054 coelo

142 3084 185 3125 aut
195 3076 283 3125 mundo
291 3077 373 3126 tribuit
382 3079 476 3128 Lucret.
483 3079 641 3145 intelligitque

143 3159 260 3200 extremas
281 3151 363 3199 mundi
383 3168 445 3210 oras,
466 3162 507 3203 aut
527 3153 641 3203 mundum

142 3224 230 3289 ipsum.
264 3225 311 3272 Sed
328 3224 415 3274 Noster
431 3225 524 3291 proprie
541 3227 642 3292 accepit,

143 3314 196 3363 quse
215 3298 235 3346 si
253 3307 340 3357 essent,
359 3300 436 3348 forent
456 3316 512 3350 sane
529 3301 643 3351 immenso

143 3371 243 3430 ambitu,
251 3372 315 3421 unde
326 3377 438 3439 ingentia.
460 3375 550 3423 Horum
561 3390 643 3424 curam

688 1595 796 1644 Norimb.
816 1593 928 1659 intelligit
947 1593 1097 1643 calamitates
1114 1592 1191 1641 homi·

688 1685 745 1718 uum
766 1684 888 1744 perpessas
906 1677 930 1717 et
948 1667 1064 1718 miserias.
1098 1668 1191 1718 Verum

688 1759 717 1792 eo
732 1759 802 1793 seusu
819 1745 904 1792 labores
919 1757 975 1800 non,
986 1739 1032 1791 nisi
1042 1741 1102 1791 dum
1111 1742 1189 1808 perfe-

688 1824 778 1876 rantur,
788 1817 890 1884 perspici
901 1824 1010 1884 possunt.
1115 1832 1117 1834 ·

721 1893 777 1942 405.
798 1893 919 1955 Perspicit,
942 1892 1042 1940 verbum
1061 1888 1118 1939 huic
1137 1890 1190 1939 loco

689 1965 855 2031 aptissimum,
871 1965 958 2014 dicitur
972 1964 1036 2014 euim
1046 1975 1074 2013 ut
1083 1972 1191 2013 nostrum

690 2043 835 2107 haschtigea,
847 2040 877 2089 de
888 2039 918 2089 iis
928 2039 969 2104 qui
984 2038 1121 2089 examinant
1131 2038 1190 2089 edi-

690 2115 751 2172 ficia,
762 2116 813 2164 vias
823 2124 847 2164 et
859 2114 915 2164 alia.
949 2114 1011 2164 Vide
1026 2113 1122 2163 Ernesti
1133 2114 1190 2164 Cla-

690 2206 744 2240 vem
759 2188 813 2240 Cic.
829 2189 856 2238 h.
867 2207 890 2239 v.
909 2191 1031 2252 Persptcit.
1064 2189 1190 2237 Arcadiam

690 2273 760 2314 vocat
766 2281 839 2321 amm,
847 2263 946 2329 ejusque
953 2278 1035 2312 curam
1045 2262 1190 2328 praecipuam

691 2337 760 2402 gerit,
770 2338 827 2402 quia
839 2336 864 2384 in
877 2335 1010 2393 Parrhasio,
1022 2343 1104 2385 monte
1113 2336 1190 2384 Area-

689 2411 743 2469 diae,
755 2418 825 2460 uatus
841 2426 856 2459 a
868 2409 950 2458 multis
961 2410 1096 2470 ferebatur3
1112 2424 1188 2474 quan-

690 2501 763 2551 quam
774 2493 798 2535 et
809 2485 935 2535 Cretenses
940 2484 965 2533 id
973 2483 1068 2532 honoris
1077 2483 1125 2532 sibi
1135 2482 1189 2532 vin-

690 2559 816 2610 dicabant:
835 2559 891 2609 vide
901 2559 1087 2615 Callimachum,
1099 2558 1125 2607 h.
1133 2560 1189 2609 Jos.

689 2635 780 2685 4-10.
812 2634 865 2683 Hoc
876 2649 972 2699 quoque
983 2632 1109 2682 transitum
1119 2632 1188 2698 adju-

689 2718 738 2759 vat.
755 2710 889 2772 impensior,
900 2708 982 2773 major,
994 2716 1019 2757 et
1029 2707 1122 2773 proprie
1133 2724 1192 2757 curo

691 2784 778 2834 dicitur
788 2787 896 2846 impendi.
930 2785 1042 2832 Fontibus
1051 2783 1191 2847 etflruaiaa'·

691 2862 731 2909 bns
749 2859 887 2908 abundabat
900 2858 1012 2916 Arcadia,
1023 2857 1080 2906 iude
1094 2856 1194 2923 εἷνΰόρος

691 2933 764 2984 dicta.
790 2933 904 2982 Efluviis
915 2932 1018 2982 maxima
1029 2933 1195 2983 memorabiles

691 3008 775 3057 Ladon
786 3017 810 3058 et
820 3007 989 3072 Erymanthus.
1012 3007 1079 3055 Beue
1090 3009 1194 3056 normam

691 3085 810 3139 audentia,
822 3092 937 3146 tanquam
951 3079 1089 3137 animantia,
1100 3095 1156 3144 quas
1166 3096 1193 3129 se

692 3157 848 3207 condiderant
867 3155 894 3204 iu
917 3156 1007 3205 viscera
1028 3154 1118 3213 matris,
1139 3171 1192 3204 ver.

693 3234 750 3280 274.
778 3232 817 3280 De
829 3234 883 3289 lobi,
894 3231 949 3280 vide
960 3245 1033 3295 supra
1043 3228 1075 3279 ad
1084 3229 1128 3279 lib.
1137 3231 1195 3280 Me·

693 3306 780 3355 tami.
793 3308 849 3354 189.

726 3381 782 3429 409.
800 3380 879 3436 Redit,
894 3383 963 3442 itque,
973 3387 1002 3427 ut
1012 3378 1062 3428 viii.
1075 3380 1138 3427 163:
1156 3396 1195 3427 rs·

142 3447 241 3510 gerebat
258 3448 367 3513 Jupiter3
387 3447 469 3513 itaque
490 3457 514 3498 et
536 3465 599 3498 nuuc
615 3466 644 3499 ea
687 3456 797 3519 fluitque,
805 3455 916 3516 fluitque.
950 3453 1095 3502 Normcrino.
1112 3451 1194 3501 Nona·

141 3523 226 3569 circuit
252 3529 277 3571 et
302 3524 412 3584 explorat,
434 3539 497 3571 more
518 3523 643 3582 AEdilium,

142 3593 228 3658 quibus
237 3610 294 3644 cura
303 3595 455 3645 aedificiorum
464 3595 589 3646 commissa
598 3607 643 3656 est,

142 3676 167 3717 et
175 3678 210 3726 ut,
218 3687 242 3719 v.
250 3670 308 3718 360.
319 3670 391 3719 Pluto
400 3670 487 3719 Siciliae
497 3670 643 3729 fundamina,

143 3743 185 3791 uhi
194 3743 266 3792 simili
277 3759 355 3793 amore
364 3744 496 3810 corripitur.
529 3745 571 3793 Sui
581 3749 643 3795 robo-

140 3818 173 3862 ris
182 3826 257 3873 eraut,
265 3818 386 3866 habehant
391 3819 482 3883 justum
489 3820 566 3876 robur,
571 3820 643 3868 firmi-

141 3896 225 3939 tatem.
259 3892 385 3940 Hminem
401 3895 493 3948 laboras,
509 3901 601 3957 segetes
620 3904 644 3943 et

142 3963 191 4010 alia
200 3978 280 4029 opera.
312 3966 352 4015 Ita
362 3965 462 4024 Plinius,
470 3968 562 4031 Paneg.
572 3969 612 4016 81.
619 3970 643 4016 2.

143 4040 269 4100 agrestium
280 4041 350 4089 labor.
375 4041 439 4105 Virg.
450 4042 538 4105 Georg.
550 4042 567 4090 i.
579 4044 642 4103 3255

144 4111 241 4160 AEucid.
250 4112 275 4162 ii.
285 4115 333 4162 306
343 4133 348 4160 :
367 4125 417 4163 satu
428 4117 480 4163 tcta
490 4117 597 4179 bmtmqne
608 4118 642 4165 la·

142 4185 214 4234 hores.
246 4186 288 4235 Vir
309 4187 443 4245 domnam
462 4188 562 4254 Ephem.
580 4189 641 4240 liter.

694 3531 747 3584 cris,
757 3542 824 3575 mons
837 3525 957 3583 Arcadiae,
969 3525 1024 3575 vide
1040 3526 1151 3575 Munlrer.
1163 3527 1196 3576 ad

694 3601 786 3665 Hygia.
804 3600 852 3649 lab.
869 3601 925 3648 177.
956 3600 988 3648 Et
1004 3600 1056 3648 hrec
1071 3615 1109 3649 res
1125 3609 1197 3664 gesta

692 3683 729 3723 est
739 3674 764 3722 in
773 3674 910 3723 Nonacrina
917 3681 1006 3723 moute.
1024 3673 1114 3739 Hygia.
1125 3674 1154 3724 P.
1160 3673 1194 3724 A.

692 3749 803 3798 lactant.
823 3747 848 3796 in
865 3748 926 3812 Arg.
961 3748 1034 3797 Haesit
1050 3751 1076 3796 ia
1094 3750 1195 3812 virgine,

692 3831 777 3888 captus
798 3822 851 3887 ejus
876 3820 1053 3887 pulchritudine
1077 3820 1195 3871 constitit.

693 3898 756 3945 Hinc
776 3899 859 3945 harere
876 3904 900 3945 et
917 3898 1031 3944 adherere
1047 3895 1077 3945 de
1091 3896 1196 3945 amanti·

693 3972 753 4019 bus:
778 3969 827 4019 vid.
848 3970 879 4018 ad
901 3970 950 4018 xiii.
967 3971 1026 4020 906.
1064 3970 1133 4034 Virgo
1150 3970 1196 4020 illa

693 4045 796 4098 Anietho
813 4045 859 4094 fuit
875 4043 989 4110 Megisto,
1001 4044 1119 4109 Lycaonis
1135 4059 1197 4110 nep·

692 4121 732 4177 tis,
754 4121 823 4170 Cetei
843 4121 901 4169 filia.
939 4120 962 4168 A
984 4118 1076 4168 crateris
1099 4119 1197 4168 Callisto

693 4195 840 4255 nominatur·;
860 4210 964 4260 eamque
986 4193 1104 4258 Lycaonis
1120 4192 1196 4242 tiliam
