2812 5010
171 318 236 382 460
463 314 502 378 Ρ.
527 312 688 379 OVIDII
714 311 927 378 NASONIS

170 487 359 561 Palladias
377 510 505 574 arces;
534 510 618 584 qnae
636 498 686 572 te,
701 484 913 584 justissima
930 484 1056 570 Phini,

168 603 312 700 Teque,
328 627 445 676 senex
459 601 636 700 Peripha,
653 601 791 700 pariter
803 600 929 674 videre
939 601 1123 686 volantes,
1143 601 1217 669 400

169 717 420 813 Innixamque
439 717 543 790 novis
561 725 714 812 neptem
733 715 1005 812 Polypemonis
1023 713 1107 787 alis.

170 830 326 927 Excipit
342 831 438 903 hanc
457 831 610 925 AEgeus,
630 829 728 903 facto
744 831 980 903 damnandus
997 829 1036 901 in
1050 851 1148 901 uno:

127 1002 131 1007 .
170 944 208 1017 N
210 969 253 1018 ec
281 944 372 1016 satis
401 944 604 1043 hospitium
632 955 702 1032 est,
721 945 876 1019 thalami
899 969 1055 1042 quoque
1078 942 1215 1016 soedere'

314 1060 453 1156 jungit.

168 1173 333 1272 Jamque
352 1176 481 1249 aderat
497 1174 680 1261 Theseae,
699 1175 824 1274 proles
843 1176 972 1272 ignara
989 1173 1150 1272 parenti,

169 1286 245 1374 Qui
261 1290 399 1364 virtute
418 1316 486 1365 sua
502 1292 683 1364 bimarem
701 1302 902 1389 pacaverat
918 1291 1097 1363 isthmon.
1142 1291 1214 1359 405

169 1404 294 1504 Hujus
312 1406 350 1478 in
369 1406 526 1479 exitium
541 1406 675 1480 miscet
694 1406 845 1491 Medea,
865 1406 968 1502 quod
986 1404 1077 1477 olim

169 1518 361 1594 Attulerat
378 1545 507 1594 secum
527 1520 718 1618 Scythicis
734 1520 909 1593 aconiton
927 1520 975 1592 ab
990 1519 1077 1592 oris.

169 1633 271 1707 Illud
290 1633 495 1708 Echidneae
515 1645 722 1709 memorant
739 1661 760 1708 e
778 1635 954 1708 dentibus
973 1643 1098 1706 ortum

171 1747 268 1823 Esse
285 1750 413 1824 canis:
435 1775 571 1849 specus
588 1763 647 1825 est
664 1753 864 1826 tenebroso
882 1774 1005 1823 caecus
1024 1748 1152 1836 hiatu;

171 1995 208 2037 est
221 1991 311 2050 puriter
325 1989 462 2045 voluntilms,
476 1990 578 2039 Phineos
589 1999 669 2040 autem
720 1995 807 2055 AEgea,
817 1999 912 2056 propter
922 1988 1062 2038 seditionem
1081 1984 1161 2036 omnia
1170 2000 1216 2034 me·

171 2061 227 2127 (qui
236 2062 261 2109 in
270 2062 372 2111 lectione
381 2063 478 2127 vulgata
488 2064 603 2125 occurrit)
615 2066 668 2113 nul·
720 2073 834 2120 tuentem,
849 2073 876 2112 ut
889 2064 992 2117 Thesea,
1008 2073 1124 2124 tanquam
1138 2058 1213 2124 hospi·

169 2135 208 2185 lus
223 2136 287 2201 apud
306 2137 404 2184 Veteres
420 2137 531 2192 occurrit,
548 2138 579 2185 ad
598 2155 669 2202 quem
720 2147 777 2195 tem,
799 2138 907 2187 convivio
934 2136 1062 2201 exciperet,
1084 2143 1110 2182 et
1130 2147 1215 2182 veneno

170 2208 222 2258 haec
243 2209 386 2275 pertineant,
407 2210 535 2277 admodum
556 2212 670 2260 credibile
719 2213 820 2262 tolleret.
849 2211 1001 2265 Plutarchus,
1011 2209 1084 2257 Tbes.
1100 2210 1137 2256 12.

170 2290 215 2339 est,
234 2284 298 2347 quod
318 2284 444 2332 Schrader.
461 2284 492 2333 ad
512 2285 669 2343 Antoninum,
752 2288 808 2334 405.
829 2285 876 2339 Qui
892 2287 977 2332 virtute
993 2299 1044 2338 arm,
1058 2280 1118 2342 etc]
1132 2280 1213 2328 Totam

171 2356 280 2422 conjecit,
291 2373 333 2421 pro
341 2360 467 2418 justissime
479 2358 570 2406 Phineo
586 2360 669 2422 legen·
718 2359 784 2407 illam
802 2357 875 2414 viam,
897 2373 951 2422 que
970 2356 1086 2404 Troezene
1110 2353 1215 2400 Athenas

170 2427 228 2477 dum
236 2445 297 2486 esse,
302 2433 432 2490 justissimo
441 2431 512 2478 Ptioi
520 2448 529 2488 ,·
540 2446 596 2478 nam
605 2432 670 2497 φίνις
719 2433 830 2487 ducebat,
840 2430 970 2480 latroniciis
980 2435 1125 2494 purgaverat
1135 2445 1141 2474 ι
1156 2426 1216 2474 Pau·

170 2500 235 2550 idem
253 2503 315 2566 quod
330 2503 406 2568 φήνῃ.
441 2503 523 2552 Potuit
536 2504 601 2553 enim
616 2521 668 2555 mu·
719 2505 807 2561 sanias,
823 2503 931 2552 Corinth.
946 2519 971 2566 p.
985 2503 1038 2550 122.
1073 2501 1164 2548 Pacoro
1180 2513 1214 2546 so·

170 2574 602 2641 liernomenavishabere,inquam
614 2593 668 2626 mu·
719 2578 789 2626 lenne
809 2577 833 2625 in
855 2577 900 2624 hac
922 2592 956 2624 re.
980 2572 1079 2623 AEneid.
1101 2573 1133 2621 vi.
1154 2572 1214 2621 805:

171 2655 223 2696 tata
238 2656 282 2706 est,
293 2657 321 2697 ut
331 2649 435 2715 Daphne
447 2650 545 2705 arboris,
557 2650 669 2699 Arachne
719 2650 836 2699 Hercules
848 2650 987 2712 Erymanthi
1000 2650 1094 2709 pucnoit
1108 2661 1215 2702 nemoro5

171 2736 272 2779 aranea,
290 2732 336 2770 etc.
369 2723 472 2771 Accedit
494 2734 519 2771 et
536 2724 588 2781 hoc,
607 2725 669 2789 quod
719 2723 812 2771 Seneca
834 2721 864 2771 de
886 2721 971 2769 Benel.
992 2719 1009 2767 i.
1031 2720 1076 2767 13:
1105 2727 1217 2766 tomorum

170 2793 196 2843 in
214 2794 370 2860 Argumento,
390 2794 511 2844 Lactantii
532 2813 594 2845 unus
615 2798 670 2845 MS.
719 2799 952 2858 mammaeam,-
970 2792 1043 2841 Silius
1052 2792 1078 2840 ii.
1090 2793 1154 2840 483:
1171 2791 1215 2839 No·

172 2869 267 2918 Pheneo
288 2869 368 2918 habet.
403 2868 571 2935 conjecturam
592 2870 668 2928 illam,
719 2887 771 2917 meae
785 2879 890 2932 pacator.
925 2868 1049 2916 Bimcrem.
1066 2865 1131 2916 Vide
1149 2865 1181 2913 ad
1197 2880 1218 2912 v.

171 2944 295 3007 probatam
312 2949 338 2991 et
355 2942 449 2998 Ienzio,
464 2943 551 3008 recepi.
584 2943 670 2992 Jnstis-
721 2944 777 2991 407.

171 3019 227 3063 simo
236 3016 279 3063 illa
289 3024 387 3064 vocatur
402 3017 433 3063 ob
448 3014 562 3080 pietatem
578 3016 603 3064 in
614 3033 670 3065 con·
753 3016 810 3064 407.
825 3017 938 3064 Aeooitoo
955 3013 1061 3063 omnium
1075 3027 1216 3061 venenorum

167 3088 259 3152 jugem.
299 3090 395 3150 Neptem
418 3090 582 3152 Polypemonis,
609 3091 669 3138 Hal-
719 3088 870 3153 ocyssimum,
885 3088 916 3136 de
932 3104 980 3151 quo
1000 3085 1103 3142 Plinius,
1118 3085 1217 3134 xxvito

172 3174 281 3226 cyonem,
295 3161 399 3210 Scironis
418 3163 509 3222 filiam;
528 3180 590 3227 quae,
606 3164 670 3227 quod
719 3171 743 3212 et
761 3165 791 3222 3;
808 3162 991 3226 Theophrastes.
1009 3159 1075 3208 Hist.
1093 3158 1170 3223 plaut.
1187 3158 1218 3206 ir.

173 3249 257 3299 corpus
270 3233 669 3300 vulgassetapatreinmarede-
720 3238 760 3285 16.
801 3238 913 3284 deorumn
933 3235 1025 3283 dictum
1043 3242 1081 3282 est
1100 3233 1155 3282 ἀπὸ
1175 3233 1219 3292 τὴς

168 3308 236 3374 jecta
246 3307 317 3356 insui
328 3308 428 3356 nominis
444 3323 513 3356 avem
524 3318 615 3358 mutata
625 3318 670 3360 est.
718 3309 819 3370 ἀκόνης,
831 3310 875 3358 hoc
886 3317 923 3358 est
934 3325 949 3357 a
960 3315 1040 3364 caute,
1052 3307 1111 3371 quia
1124 3307 1150 3355 in
1164 3322 1219 3355 cau·

171 3382 264 3430 Probus
280 3380 311 3430 ad
322 3381 458 3445 Virgilium,
475 3383 564 3445 Georg.
581 3383 597 3430 i.
613 3385 670 3433 399.
719 3383 784 3432 tibus
799 3382 911 3431 nascitur.
944 3382 1075 3438 Echidneae,
1087 3380 1145 3444 quia
1162 3379 1218 3428 Cer·

172 3455 327 3505 eTheodoru.
361 3455 438 3504 Inoiti
449 3464 490 3503 aut
501 3459 546 3503 niti
561 3458 604 3504 ntis
617 3473 669 3523 pro·
719 3457 790 3506 berus
812 3473 841 3504 ex
860 3454 971 3503 Echidna
991 3460 1071 3502 ortus:
1091 3452 1218 3509 Hesiodus,

172 3528 222 3594 prie
233 3528 263 3576 de
274 3530 358 3577 avibus
369 3529 512 3577 volantibus.
719 3529 808 3594 Theog.
824 3530 872 3577 300
882 3547 889 3588 3
905 3527 1010 3587 Quintus
1028 3528 1174 3592 Smyrnaeus,
1185 3525 1217 3574 ri.
1280 3564 1284 3568 .

205 3603 260 3650 404.
282 3603 380 3666 Ignara,
403 3602 492 3666 ignota,
519 3603 622 3667 passive,
643 3613 670 3652 ut
720 3605 777 3652 261.

172 3675 223 3724 viii.
237 3677 298 3724 188:
316 3676 365 3725 vid.
383 3677 485 3733 Gellius,
500 3677 532 3724 N.
543 3676 575 3724 A.
585 3677 619 3726 ix.
632 3679 670 3726 12.
753 3676 809 3723 409.
826 3674 909 3736 Specus
924 3683 964 3728 eat,
974 3671 1117 3728 Acherusia,
1128 3670 1154 3720 in
1164 3674 1218 3720 Ma·

172 3750 271 3814 Ignotus
281 3757 332 3798 erat
339 3750 444 3798 Theseus
454 3751 524 3815 patri,
533 3750 591 3815 quia
606 3752 670 3816 apud
720 3748 888 3813 riandynorum
909 3747 1004 3804 finibus,
1023 3746 1055 3795 ad
1076 3747 1218 3797 Heracleam

172 3823 294 3873 Pittheum
312 3840 382 3872 avum
402 3825 523 3873 Troezenis
550 3832 620 3873 natus
645 3835 669 3874 et
719 3823 854 3878 Ponticam,
868 3839 909 3886 per
923 3837 993 3885 quem
1010 3835 1109 3882 specum
1124 3820 1170 3869 iter
1185 3827 1221 3869 est

172 3898 288 3946 educatus
308 3904 374 3955 erat;
391 3913 454 3945 nuuc
474 3914 537 3953 vero,
556 3905 669 3962 tanquam
721 3896 753 3944 ad
769 3896 865 3943 inferos.
883 3894 984 3950 Plinius,
1002 3893 1033 3943 vi.
1052 3895 1082 3953 13
1105 3893 1183 3950 Mela,
1199 3893 1221 3940 L

172 3970 247 4033 virgo,
265 3975 329 4016 veste
346 3969 414 4017 talari
434 3979 458 4018 et
474 3970 586 4018 decenter
603 3972 670 4035 pexis
719 3969 770 4017 xix.
793 3970 832 4018 54.
854 3969 934 4032 ibique
962 3968 1053 4015 Schott.
1096 3967 1143 4015 Per
1164 3983 1218 4016 eum

173 4042 266 4108 capillis
283 4040 409 4089 veniebat:
434 4043 573 4099 Pausanias,
594 4044 670 4094 Attic.
719 4057 817 4107 specum
839 4042 968 4090 Cerberum
995 4040 1025 4088 ab
1045 4039 1151 4088 Hercule
1178 4055 1218 4089 cx-

173 4133 199 4180 p.
216 4115 256 4161 tl.
289 4115 378 4164 Medea
395 4115 467 4179 igitur
487 4117 557 4166 facile
576 4117 670 4183 impulit
721 4125 821 4166 tractum
832 4124 946 4165 memorat
959 4122 983 4163 et
998 4113 1100 4172 Plinius,
1109 4113 1220 4162 xxvii.2.
