<?xml version="1.0" encoding="UTF-8"?>
<!DOCTYPE html PUBLIC "-//W3C//DTD XHTML 1.0 Transitional//EN"
    "http://www.w3.org/TR/xhtml1/DTD/xhtml1-transitional.dtd">
<html xmlns="http://www.w3.org/1999/xhtml" xml:lang="en" lang="en">
 <head>
  <title>
</title>
<meta http-equiv="Content-Type" content="text/html;charset=utf-8" />
  <meta name='ocr-system' content='tesseract 3.04.00' />
  <meta name='ocr-capabilities' content='ocr_page ocr_carea ocr_par ocr_line ocrx_word'/>
</head>
<body>
  <div class='ocr_page' id='page_1' title='image "./povidiinasoniso04burmgoog_0494.png"; bbox 0 0 2812 5010; ppageno 0'>
   <div class='ocr_carea' id='block_1_1' title="bbox 85 321 1139 2549">
    <p class='ocr_par' dir='ltr' id='par_1_1' title="bbox 85 321 1139 1977">
     <span class='ocr_line' id='line_1_1' title="bbox 280 321 1136 392; baseline 0.008 -7"><span class='ocrx_word' id='word_1_1' title='bbox 280 321 750 387; x_wconf 82' lang='lat' dir='ltr'>METAMORPHOSEON</span> <span class='ocrx_word' id='word_1_2' title='bbox 774 321 864 387; x_wconf 76' lang='grc' dir='ltr'>ΗΒ.</span> <span class='ocrx_word' id='word_1_3' title='bbox 888 322 972 389; x_wconf 86' lang='lat' dir='ltr'><strong>VII.</strong></span> <span class='ocrx_word' id='word_1_4' title='bbox 1070 325 1136 392; x_wconf 78' lang='lat'>483</span> 
     </span>
     <span class='ocr_line' id='line_1_2' title="bbox 87 494 1133 592; baseline 0.007 -26"><span class='ocrx_word' id='word_1_5' title='bbox 87 494 264 566; x_wconf 85' lang='lat' dir='ltr'>Criminis</span> <span class='ocrx_word' id='word_1_6' title='bbox 275 496 510 592; x_wconf 87' lang='lat' dir='ltr'>exemplum;</span> <span class='ocrx_word' id='word_1_7' title='bbox 533 494 600 567; x_wconf 93' lang='lat' dir='ltr'>sed</span> <span class='ocrx_word' id='word_1_8' title='bbox 613 505 751 569; x_wconf 90' lang='lat' dir='ltr'>cuncta</span> <span class='ocrx_word' id='word_1_9' title='bbox 761 497 936 571; x_wconf 90' lang='lat' dir='ltr'>timemus</span> <span class='ocrx_word' id='word_1_10' title='bbox 950 508 1133 573; x_wconf 79' lang='lat' dir='ltr'>amantes</span> 
     </span>
     <span class='ocr_line' id='line_1_3' title="bbox 86 608 1120 712; baseline 0.008 -32"><span class='ocrx_word' id='word_1_11' title='bbox 86 608 277 695; x_wconf 75' lang='lat' dir='ltr'>Quaerere,</span> <span class='ocrx_word' id='word_1_12' title='bbox 297 635 373 706; x_wconf 93' lang='lat' dir='ltr'>quo</span> <span class='ocrx_word' id='word_1_13' title='bbox 391 611 552 695; x_wconf 91' lang='lat' dir='ltr'>doleam,</span> <span class='ocrx_word' id='word_1_14' title='bbox 572 612 718 698; x_wconf 92' lang='lat' dir='ltr'>studeo,</span> <span class='ocrx_word' id='word_1_15' title='bbox 739 613 924 710; x_wconf 91' lang='lat' dir='ltr'>donisque</span> <span class='ocrx_word' id='word_1_16' title='bbox 941 614 1120 712; x_wconf 89' lang='lat' dir='ltr'>pudicam</span> 
     </span>
     <span class='ocr_line' id='line_1_4' title="bbox 88 724 1131 816; baseline 0.009 -22"><span class='ocrx_word' id='word_1_17' title='bbox 88 724 299 799; x_wconf 85' lang='lat' dir='ltr'>Sollicitare</span> <span class='ocrx_word' id='word_1_18' title='bbox 317 725 452 799; x_wconf 88' lang='lat' dir='ltr'>fidem:</span> <span class='ocrx_word' id='word_1_19' title='bbox 482 725 581 799; x_wconf 84' lang='lat' dir='ltr'>favet</span> <span class='ocrx_word' id='word_1_20' title='bbox 598 726 685 799; x_wconf 91' lang='lat' dir='ltr'>huic</span> <span class='ocrx_word' id='word_1_21' title='bbox 703 726 851 800; x_wconf 89' lang='lat' dir='ltr'>Aurora</span> <span class='ocrx_word' id='word_1_22' title='bbox 867 728 1003 816; x_wconf 92' lang='lat' dir='ltr'>timori,</span> <span class='ocrx_word' id='word_1_23' title='bbox 1062 735 1131 803; x_wconf 82' lang='lat'>721</span> 
     </span>
     <span class='ocr_line' id='line_1_5' title="bbox 87 837 1032 939; baseline 0.01 -30"><span class='ocrx_word' id='word_1_24' title='bbox 87 837 345 935; x_wconf 89' lang='lat' dir='ltr'>Immutatque</span> <span class='ocrx_word' id='word_1_25' title='bbox 363 863 499 926; x_wconf 91' lang='lat' dir='ltr'>meam,</span> <span class='ocrx_word' id='word_1_26' title='bbox 518 841 648 913; x_wconf 90' lang='lat' dir='ltr'>videor</span> <span class='ocrx_word' id='word_1_27' title='bbox 665 841 841 929; x_wconf 82' lang='lat' dir='ltr'>sensisse,</span> <span class='ocrx_word' id='word_1_28' title='bbox 861 842 1032 939; x_wconf 83' lang='lat' dir='ltr'>figuram.</span> 
     </span>
     <span class='ocr_line' id='line_1_6' title="bbox 87 953 1016 1052; baseline 0.009 -27"><span class='ocrx_word' id='word_1_29' title='bbox 87 953 277 1028; x_wconf 90' lang='lat' dir='ltr'>Palladias</span> <span class='ocrx_word' id='word_1_30' title='bbox 296 955 393 1041; x_wconf 93' lang='lat' dir='ltr'>ineo,</span> <span class='ocrx_word' id='word_1_31' title='bbox 413 980 487 1028; x_wconf 92' lang='lat' dir='ltr'>non</span> <span class='ocrx_word' id='word_1_32' title='bbox 506 958 803 1052; x_wconf 87' lang='lat' dir='ltr'>cognoscendus,</span> <span class='ocrx_word' id='word_1_33' title='bbox 823 957 1016 1048; x_wconf 83' lang='lat' dir='ltr'>Athenas3</span> 
     </span>
     <span class='ocr_line' id='line_1_7' title="bbox 86 1067 1136 1171; baseline 0.01 -33"><span class='ocrx_word' id='word_1_34' title='bbox 86 1067 359 1166; x_wconf 86' lang='lat' dir='ltr'>Ingrediorque</span> <span class='ocrx_word' id='word_1_35' title='bbox 377 1071 551 1144; x_wconf 91' lang='lat' dir='ltr'>domum:</span> <span class='ocrx_word' id='word_1_36' title='bbox 582 1072 695 1169; x_wconf 91' lang='lat' dir='ltr'>culpa</span> <span class='ocrx_word' id='word_1_37' title='bbox 713 1073 846 1145; x_wconf 90' lang='lat' dir='ltr'>domus</span> <span class='ocrx_word' id='word_1_38' title='bbox 870 1074 954 1171; x_wconf 90' lang='lat' dir='ltr'>ipsa</span> <span class='ocrx_word' id='word_1_39' title='bbox 971 1076 1136 1162; x_wconf 81' lang='lat' dir='ltr'>carebat,</span> 
     </span>
     <span class='ocr_line' id='line_1_8' title="bbox 88 1184 1139 1289; baseline 0.008 -33"><span class='ocrx_word' id='word_1_40' title='bbox 88 1184 283 1281; x_wconf 85' lang='lat' dir='ltr'>Castaque</span> <span class='ocrx_word' id='word_1_41' title='bbox 294 1185 402 1281; x_wconf 84' lang='lat' dir='ltr'>signa</span> <span class='ocrx_word' id='word_1_42' title='bbox 411 1187 538 1271; x_wconf 89' lang='lat' dir='ltr'>dabat,</span> <span class='ocrx_word' id='word_1_43' title='bbox 551 1187 779 1285; x_wconf 89' lang='lat' dir='ltr'>dominoque</span> <span class='ocrx_word' id='word_1_44' title='bbox 792 1200 873 1262; x_wconf 92' lang='lat' dir='ltr'>erat</span> <span class='ocrx_word' id='word_1_45' title='bbox 888 1190 1001 1263; x_wconf 89' lang='lat' dir='ltr'>anxia</span> <span class='ocrx_word' id='word_1_46' title='bbox 1016 1201 1139 1289; x_wconf 75' lang='lat' dir='ltr'>rapto:</span> 
     </span>
     <span class='ocr_line' id='line_1_9' title="bbox 85 1301 1135 1400; baseline 0.008 -29"><span class='ocrx_word' id='word_1_47' title='bbox 85 1301 161 1372; x_wconf 88' lang='lat' dir='ltr'>Vix</span> <span class='ocrx_word' id='word_1_48' title='bbox 180 1302 284 1373; x_wconf 91' lang='lat' dir='ltr'>aditu</span> <span class='ocrx_word' id='word_1_49' title='bbox 302 1327 370 1400; x_wconf 93' lang='lat' dir='ltr'>per</span> <span class='ocrx_word' id='word_1_50' title='bbox 388 1303 488 1376; x_wconf 91' lang='lat' dir='ltr'>mille</span> <span class='ocrx_word' id='word_1_51' title='bbox 507 1303 614 1376; x_wconf 93' lang='lat' dir='ltr'>dolos</span> <span class='ocrx_word' id='word_1_52' title='bbox 634 1305 682 1376; x_wconf 97' lang='lat' dir='ltr'>ad</span> <span class='ocrx_word' id='word_1_53' title='bbox 702 1303 906 1377; x_wconf 87' lang='lat' dir='ltr'>Erechtida</span> <span class='ocrx_word' id='word_1_54' title='bbox 922 1304 1034 1393; x_wconf 90' lang='lat' dir='ltr'>facto,</span> <span class='ocrx_word' id='word_1_55' title='bbox 1063 1311 1135 1379; x_wconf 84' lang='lat'>726</span> 
     </span>
     <span class='ocr_line' id='line_1_10' title="bbox 88 1416 1015 1518; baseline 0.005 -31"><span class='ocrx_word' id='word_1_56' title='bbox 88 1416 141 1489; x_wconf 92' lang='lat' dir='ltr'>Ut</span> <span class='ocrx_word' id='word_1_57' title='bbox 157 1417 245 1502; x_wconf 93' lang='lat' dir='ltr'>vidi,</span> <span class='ocrx_word' id='word_1_58' title='bbox 266 1417 458 1514; x_wconf 89' lang='lat' dir='ltr'>obstupui,</span> <span class='ocrx_word' id='word_1_59' title='bbox 479 1418 736 1515; x_wconf 84' lang='lat' dir='ltr'>meditataque</span> <span class='ocrx_word' id='word_1_60' title='bbox 754 1444 862 1518; x_wconf 90' lang='lat' dir='ltr'>paene</span> <span class='ocrx_word' id='word_1_61' title='bbox 880 1420 1015 1517; x_wconf 89' lang='lat' dir='ltr'>reliqui</span> 
     </span>
     <span class='ocr_line' id='line_1_11' title="bbox 85 1532 1050 1631; baseline 0.005 -27"><span class='ocrx_word' id='word_1_62' title='bbox 85 1532 335 1607; x_wconf 88' lang='lat' dir='ltr'>Tentamenta</span> <span class='ocrx_word' id='word_1_63' title='bbox 352 1534 448 1608; x_wconf 90' lang='lat' dir='ltr'>fide:</span> <span class='ocrx_word' id='word_1_64' title='bbox 478 1534 576 1607; x_wconf 88' lang='lat' dir='ltr'>male</span> <span class='ocrx_word' id='word_1_65' title='bbox 593 1559 667 1620; x_wconf 91' lang='lat' dir='ltr'>me,</span> <span class='ocrx_word' id='word_1_66' title='bbox 688 1536 779 1631; x_wconf 91' lang='lat' dir='ltr'>quin</span> <span class='ocrx_word' id='word_1_67' title='bbox 796 1559 885 1613; x_wconf 89' lang='lat' dir='ltr'>vera</span> <span class='ocrx_word' id='word_1_68' title='bbox 900 1536 1050 1622; x_wconf 86' lang='lat' dir='ltr'>faterer,</span> 
     </span>
     <span class='ocr_line' id='line_1_12' title="bbox 86 1647 1132 1748; baseline 0.005 -29"><span class='ocrx_word' id='word_1_69' title='bbox 86 1647 286 1735; x_wconf 90' lang='lat' dir='ltr'>Continui;</span> <span class='ocrx_word' id='word_1_70' title='bbox 317 1649 426 1733; x_wconf 93' lang='lat' dir='ltr'>male,</span> <span class='ocrx_word' id='word_1_71' title='bbox 446 1650 551 1745; x_wconf 93' lang='lat' dir='ltr'>quin,</span> <span class='ocrx_word' id='word_1_72' title='bbox 572 1661 614 1722; x_wconf 93' lang='lat' dir='ltr'>ut</span> <span class='ocrx_word' id='word_1_73' title='bbox 639 1651 819 1748; x_wconf 90' lang='lat' dir='ltr'>oportuit,</span> <span class='ocrx_word' id='word_1_74' title='bbox 840 1652 970 1724; x_wconf 92' lang='lat' dir='ltr'>oscula</span> <span class='ocrx_word' id='word_1_75' title='bbox 985 1650 1132 1725; x_wconf 89' lang='lat' dir='ltr'>ferrem.</span> 
     </span>
     <span class='ocr_line' id='line_1_13' title="bbox 85 1762 1135 1852; baseline 0.008 -18"><span class='ocrx_word' id='word_1_76' title='bbox 85 1762 218 1836; x_wconf 91' lang='lat' dir='ltr'>Tristis</span> <span class='ocrx_word' id='word_1_77' title='bbox 238 1774 338 1852; x_wconf 90' lang='lat' dir='ltr'>erat;</span> <span class='ocrx_word' id='word_1_78' title='bbox 370 1764 438 1838; x_wconf 90' lang='lat' dir='ltr'>sed</span> <span class='ocrx_word' id='word_1_79' title='bbox 457 1766 559 1839; x_wconf 90' lang='lat' dir='ltr'>nulla</span> <span class='ocrx_word' id='word_1_80' title='bbox 575 1776 702 1840; x_wconf 89' lang='lat' dir='ltr'>tamen</span> <span class='ocrx_word' id='word_1_81' title='bbox 721 1766 914 1839; x_wconf 88' lang='lat' dir='ltr'>formosior</span> <span class='ocrx_word' id='word_1_82' title='bbox 932 1767 997 1839; x_wconf 92' lang='lat' dir='ltr'>illa</span> <span class='ocrx_word' id='word_1_83' title='bbox 1061 1772 1135 1843; x_wconf 89' lang='grc'>730</span> 
     </span>
     <span class='ocr_line' id='line_1_14' title="bbox 87 1877 926 1977; baseline 0.006 -28"><span class='ocrx_word' id='word_1_84' title='bbox 87 1877 182 1951; x_wconf 87' lang='lat' dir='ltr'>Esse</span> <span class='ocrx_word' id='word_1_85' title='bbox 200 1888 329 1975; x_wconf 89' lang='lat' dir='ltr'>potest</span> <span class='ocrx_word' id='word_1_86' title='bbox 346 1879 464 1967; x_wconf 83' lang='lat' dir='ltr'>tristi3</span> <span class='ocrx_word' id='word_1_87' title='bbox 494 1880 758 1977; x_wconf 91' lang='lat' dir='ltr'>desiderioque</span> <span class='ocrx_word' id='word_1_88' title='bbox 776 1882 926 1954; x_wconf 90' lang='lat' dir='ltr'>calebat</span> 
     </span>
    </p>

    <p class='ocr_par' dir='ltr' id='par_1_2' title="bbox 86 1993 1137 2549">
     <span class='ocr_line' id='line_1_15' title="bbox 87 1993 982 2091; baseline 0.004 -27"><span class='ocrx_word' id='word_1_89' title='bbox 87 1993 269 2088; x_wconf 86' lang='lat' dir='ltr'>Conjugis</span> <span class='ocrx_word' id='word_1_90' title='bbox 288 1994 454 2090; x_wconf 85' lang='lat' dir='ltr'>abrepti:</span> <span class='ocrx_word' id='word_1_91' title='bbox 483 2005 524 2067; x_wconf 91' lang='lat' dir='ltr'>tu</span> <span class='ocrx_word' id='word_1_92' title='bbox 542 1995 689 2090; x_wconf 84' lang='lat' dir='ltr'>collige,</span> <span class='ocrx_word' id='word_1_93' title='bbox 710 1995 832 2091; x_wconf 90' lang='lat' dir='ltr'>qualis</span> <span class='ocrx_word' id='word_1_94' title='bbox 851 1996 889 2068; x_wconf 95' lang='lat' dir='ltr'>in</span> <span class='ocrx_word' id='word_1_95' title='bbox 907 1995 982 2083; x_wconf 88' lang='lat' dir='ltr'>illa,</span> 
     </span>
     <span class='ocr_line' id='line_1_16' title="bbox 86 2107 1123 2206; baseline 0.007 -27"><span class='ocrx_word' id='word_1_96' title='bbox 86 2107 228 2194; x_wconf 91' lang='lat' dir='ltr'>Phoce,</span> <span class='ocrx_word' id='word_1_97' title='bbox 248 2108 362 2181; x_wconf 89' lang='lat' dir='ltr'>decor</span> <span class='ocrx_word' id='word_1_98' title='bbox 378 2108 502 2196; x_wconf 88' lang='lat' dir='ltr'>fuerit,</span> <span class='ocrx_word' id='word_1_99' title='bbox 522 2133 637 2205; x_wconf 88' lang='lat' dir='ltr'>quam</span> <span class='ocrx_word' id='word_1_100' title='bbox 656 2109 710 2182; x_wconf 91' lang='lat' dir='ltr'>sic</span> <span class='ocrx_word' id='word_1_101' title='bbox 727 2110 832 2182; x_wconf 91' lang='lat' dir='ltr'>dolor</span> <span class='ocrx_word' id='word_1_102' title='bbox 849 2111 932 2206; x_wconf 90' lang='lat' dir='ltr'>ipse</span> <span class='ocrx_word' id='word_1_103' title='bbox 950 2111 1123 2186; x_wconf 91' lang='lat' dir='ltr'>decebat.</span> 
     </span>
     <span class='ocr_line' id='line_1_17' title="bbox 86 2222 1061 2321; baseline 0.004 -27"><span class='ocrx_word' id='word_1_104' title='bbox 86 2222 188 2305; x_wconf 83' lang='lat' dir='ltr'>Quid</span> <span class='ocrx_word' id='word_1_105' title='bbox 205 2223 373 2308; x_wconf 86' lang='lat' dir='ltr'>referam,</span> <span class='ocrx_word' id='word_1_106' title='bbox 394 2224 542 2319; x_wconf 90' lang='lat' dir='ltr'>quoties</span> <span class='ocrx_word' id='word_1_107' title='bbox 561 2228 770 2297; x_wconf 89' lang='lat' dir='ltr'>tentamina</span> <span class='ocrx_word' id='word_1_108' title='bbox 788 2234 916 2297; x_wconf 88' lang='lat' dir='ltr'>nostra</span> <span class='ocrx_word' id='word_1_109' title='bbox 932 2225 1061 2321; x_wconf 91' lang='lat' dir='ltr'>pudici</span> 
     </span>
     <span class='ocr_line' id='line_1_18' title="bbox 86 2336 1137 2436; baseline 0.003 -27"><span class='ocrx_word' id='word_1_110' title='bbox 86 2336 339 2435; x_wconf 87' lang='lat' dir='ltr'>Reppulerint</span> <span class='ocrx_word' id='word_1_111' title='bbox 356 2339 501 2412; x_wconf 75' lang='lat' dir='ltr'>mores?</span> <span class='ocrx_word' id='word_1_112' title='bbox 520 2339 681 2436; x_wconf 90' lang='lat' dir='ltr'>quoties,</span> <span class='ocrx_word' id='word_1_113' title='bbox 698 2347 722 2377; x_wconf 92' lang='lat'><strong>“</strong></span> <span class='ocrx_word' id='word_1_114' title='bbox 736 2338 856 2435; x_wconf 85' lang='lat' dir='ltr'>Ego,’&#39;</span> <span class='ocrx_word' id='word_1_115' title='bbox 867 2339 1019 2426; x_wconf 88' lang='lat' dir='ltr'>dixerit,</span> <span class='ocrx_word' id='word_1_116' title='bbox 1036 2339 1137 2412; x_wconf 92' lang='lat' dir='ltr'>“uni</span> 
     </span>
     <span class='ocr_line' id='line_1_19' title="bbox 87 2452 1089 2549; baseline 0.002 -26"><span class='ocrx_word' id='word_1_117' title='bbox 87 2453 234 2538; x_wconf 88' lang='lat' dir='ltr'>Servor,</span> <span class='ocrx_word' id='word_1_118' title='bbox 255 2452 473 2549; x_wconf 91' lang='lat' dir='ltr'>ubicunque</span> <span class='ocrx_word' id='word_1_119' title='bbox 488 2455 568 2541; x_wconf 86' lang='lat' dir='ltr'>est;</span> <span class='ocrx_word' id='word_1_120' title='bbox 599 2453 662 2525; x_wconf 93' lang='lat' dir='ltr'>uni</span> <span class='ocrx_word' id='word_1_121' title='bbox 676 2477 760 2526; x_wconf 90' lang='lat' dir='ltr'>mea</span> <span class='ocrx_word' id='word_1_122' title='bbox 778 2453 916 2549; x_wconf 87' lang='lat' dir='ltr'>gaudia</span> <span class='ocrx_word' id='word_1_123' title='bbox 933 2477 1039 2526; x_wconf 88' lang='lat' dir='ltr'>servo</span> <span class='ocrx_word' id='word_1_124' title='bbox 1051 2452 1089 2525; x_wconf 80' lang='lat' dir='ltr'>l&#39;&#39;</span> 
     </span>
    </p>
   </div>
   <div class='ocr_carea' id='block_1_2' title="bbox 84 2668 1136 2734">
    <p class='ocr_par' dir='ltr' id='par_1_3' title="bbox 84 2668 1136 2734">
     <span class='ocr_line' id='line_1_20' title="bbox 84 2668 1136 2734; baseline 0.001 -18"><span class='ocrx_word' id='word_1_125' title='bbox 84 2685 138 2717; x_wconf 89' lang='lat' dir='ltr'>men</span> <span class='ocrx_word' id='word_1_126' title='bbox 156 2669 284 2718; x_wconf 82' lang='lat' dir='ltr'>inferentis.</span> <span class='ocrx_word' id='word_1_127' title='bbox 320 2671 447 2725; x_wconf 79' lang='lat' dir='ltr'>Crimenin</span> <span class='ocrx_word' id='word_1_128' title='bbox 463 2668 585 2734; x_wconf 81' lang='lat' dir='ltr'>primisde</span> <span class='ocrx_word' id='word_1_129' title='bbox 638 2685 691 2718; x_wconf 85' lang='lat' dir='ltr'>noa.</span> <span class='ocrx_word' id='word_1_130' title='bbox 725 2668 815 2718; x_wconf 89' lang='lat' dir='ltr'>Melius</span> <span class='ocrx_word' id='word_1_131' title='bbox 825 2677 869 2726; x_wconf 88' lang='lat' dir='ltr'>est,</span> <span class='ocrx_word' id='word_1_132' title='bbox 880 2669 943 2732; x_wconf 91' lang='lat' dir='ltr'>quod</span> <span class='ocrx_word' id='word_1_133' title='bbox 955 2670 1042 2718; x_wconf 90' lang='lat' dir='ltr'>Noster</span> <span class='ocrx_word' id='word_1_134' title='bbox 1053 2684 1136 2734; x_wconf 85' lang='lat' dir='ltr'>appre-</span> 
     </span>
    </p>
   </div>
   <div class='ocr_carea' id='block_1_3' title="bbox 81 2744 587 4204">
    <p class='ocr_par' dir='ltr' id='par_1_4' title="bbox 84 2744 587 2940">
     <span class='ocr_line' id='line_1_21' title="bbox 84 2744 587 2806; baseline 0.004 -15"><span class='ocrx_word' id='word_1_135' title='bbox 84 2746 206 2792; x_wconf 79' lang='lat' dir='ltr'>adulterio.</span> <span class='ocrx_word' id='word_1_136' title='bbox 232 2745 324 2792; x_wconf 84' lang='lat' dir='ltr'>Aurora</span> <span class='ocrx_word' id='word_1_137' title='bbox 334 2744 443 2793; x_wconf 82' lang='lat' dir='ltr'>adulterii</span> <span class='ocrx_word' id='word_1_138' title='bbox 455 2747 587 2806; x_wconf 72' lang='lat' dir='ltr'>exemplum,</span> 
     </span>
     <span class='ocr_line' id='line_1_22' title="bbox 84 2817 586 2881; baseline 0.006 -17"><span class='ocrx_word' id='word_1_139' title='bbox 84 2817 141 2881; x_wconf 87' lang='lat' dir='ltr'>qnia</span> <span class='ocrx_word' id='word_1_140' title='bbox 151 2826 226 2881; x_wconf 90' lang='lat' dir='ltr'>nupta</span> <span class='ocrx_word' id='word_1_141' title='bbox 234 2817 345 2866; x_wconf 87' lang='lat' dir='ltr'>Tithono.</span> <span class='ocrx_word' id='word_1_142' title='bbox 375 2818 465 2866; x_wconf 82' lang='lat' dir='ltr'>Cuncta</span> <span class='ocrx_word' id='word_1_143' title='bbox 476 2820 586 2867; x_wconf 80' lang='lat' dir='ltr'>timemus.</span> 
     </span>
     <span class='ocr_line' id='line_1_23' title="bbox 86 2891 301 2940; baseline -0.005 -1"><span class='ocrx_word' id='word_1_144' title='bbox 86 2891 175 2939; x_wconf 85' lang='lat' dir='ltr'>Confer</span> <span class='ocrx_word' id='word_1_145' title='bbox 185 2907 233 2940; x_wconf 84' lang='lat' dir='ltr'>ver.</span> <span class='ocrx_word' id='word_1_146' title='bbox 246 2893 301 2939; x_wconf 79' lang='lat'><strong>826.</strong></span> 
     </span>
    </p>

    <p class='ocr_par' dir='ltr' id='par_1_5' title="bbox 82 2963 585 3231">
     <span class='ocr_line' id='line_1_24' title="bbox 118 2963 584 3028; baseline 0.002 -19"><span class='ocrx_word' id='word_1_147' title='bbox 118 2964 173 3011; x_wconf 74' lang='lat'><strong>721.</strong></span> <span class='ocrx_word' id='word_1_148' title='bbox 186 2964 265 3020; x_wconf 85' lang='lat' dir='ltr'>Favet,</span> <span class='ocrx_word' id='word_1_149' title='bbox 275 2963 381 3028; x_wconf 85' lang='lat' dir='ltr'>adjuvat.</span> <span class='ocrx_word' id='word_1_150' title='bbox 387 2963 512 3028; x_wconf 86' lang='lat' dir='ltr'>Hyginus:</span> <span class='ocrx_word' id='word_1_151' title='bbox 527 2963 584 3010; x_wconf 84' lang='lat' dir='ltr'>Ma-</span> 
     </span>
     <span class='ocr_line' id='line_1_25' title="bbox 84 3039 585 3100; baseline 0 -16"><span class='ocrx_word' id='word_1_152' title='bbox 84 3048 119 3085; x_wconf 87' lang='lat' dir='ltr'>tat</span> <span class='ocrx_word' id='word_1_153' title='bbox 130 3041 155 3085; x_wconf 83' lang='lat' dir='ltr'>in</span> <span class='ocrx_word' id='word_1_154' title='bbox 166 3039 256 3099; x_wconf 73' lang='lat' dir='ltr'>bospitio</span> <span class='ocrx_word' id='word_1_155' title='bbox 288 3055 382 3100; x_wconf 78' lang='lat' dir='ltr'>garram,</span> <span class='ocrx_word' id='word_1_156' title='bbox 396 3047 463 3100; x_wconf 83' lang='lat' dir='ltr'>atque</span> <span class='ocrx_word' id='word_1_157' title='bbox 479 3041 518 3085; x_wconf 84' lang='lat' dir='ltr'>dat</span> <span class='ocrx_word' id='word_1_158' title='bbox 534 3054 585 3084; x_wconf 87' lang='lat' dir='ltr'>ma·</span> 
     </span>
     <span class='ocr_line' id='line_1_26' title="bbox 82 3111 585 3175; baseline 0 -17"><span class='ocrx_word' id='word_1_159' title='bbox 82 3128 140 3159; x_wconf 81' lang='lat' dir='ltr'>aera</span> <span class='ocrx_word' id='word_1_160' title='bbox 166 3116 270 3172; x_wconf 80' lang='lat' dir='ltr'>speciosa,</span> <span class='ocrx_word' id='word_1_161' title='bbox 297 3127 345 3173; x_wconf 79' lang='lat' dir='ltr'>pure</span> <span class='ocrx_word' id='word_1_162' title='bbox 373 3111 481 3160; x_wconf 69' lang='lat' dir='ltr'>Procride</span> <span class='ocrx_word' id='word_1_163' title='bbox 509 3111 585 3175; x_wconf 78' lang='lat' dir='ltr'>dafer-</span> 
     </span>
     <span class='ocr_line' id='line_1_27' title="bbox 85 3193 131 3231; baseline 0.043 -2"><span class='ocrx_word' id='word_1_164' title='bbox 85 3193 131 3231; x_wconf 83' lang='lat' dir='ltr'>ret.</span> 
     </span>
    </p>

    <p class='ocr_par' dir='ltr' id='par_1_6' title="bbox 82 3253 585 3818">
     <span class='ocr_line' id='line_1_28' title="bbox 117 3253 585 3317; baseline -0.006 -13"><span class='ocrx_word' id='word_1_165' title='bbox 117 3258 173 3305; x_wconf 81' lang='lat'><strong>724.</strong></span> <span class='ocrx_word' id='word_1_166' title='bbox 191 3257 266 3317; x_wconf 82' lang='lat' dir='ltr'>Culpa</span> <span class='ocrx_word' id='word_1_167' title='bbox 281 3259 372 3305; x_wconf 79' lang='lat' dir='ltr'>carebat</span> <span class='ocrx_word' id='word_1_168' title='bbox 380 3274 388 3314; x_wconf 84' lang='grc'>,-</span> <span class='ocrx_word' id='word_1_169' title='bbox 407 3255 527 3304; x_wconf 84' lang='lat' dir='ltr'>nonenim</span> <span class='ocrx_word' id='word_1_170' title='bbox 543 3253 585 3310; x_wconf 88' lang='lat' dir='ltr'>ibi,</span> 
     </span>
     <span class='ocr_line' id='line_1_29' title="bbox 83 3328 585 3394; baseline -0.008 -16"><span class='ocrx_word' id='word_1_171' title='bbox 83 3338 111 3378; x_wconf 89' lang='lat' dir='ltr'>ut</span> <span class='ocrx_word' id='word_1_172' title='bbox 131 3330 156 3379; x_wconf 92' lang='lat' dir='ltr'>in</span> <span class='ocrx_word' id='word_1_173' title='bbox 176 3329 272 3393; x_wconf 89' lang='lat' dir='ltr'>Ulyssis</span> <span class='ocrx_word' id='word_1_174' title='bbox 294 3330 372 3386; x_wconf 92' lang='lat' dir='ltr'>domo,</span> <span class='ocrx_word' id='word_1_175' title='bbox 393 3328 466 3394; x_wconf 85' lang='lat' dir='ltr'>proci.</span> <span class='ocrx_word' id='word_1_176' title='bbox 500 3330 585 3383; x_wconf 75' lang='lat' dir='ltr'>Anaia,</span> 
     </span>
     <span class='ocr_line' id='line_1_30' title="bbox 83 3400 584 3468; baseline -0.008 -16"><span class='ocrx_word' id='word_1_177' title='bbox 83 3419 169 3468; x_wconf 89' lang='lat' dir='ltr'>nempe</span> <span class='ocrx_word' id='word_1_178' title='bbox 181 3402 303 3452; x_wconf 88' lang='lat' dir='ltr'>domestici</span> <span class='ocrx_word' id='word_1_179' title='bbox 315 3411 381 3452; x_wconf 89' lang='lat' dir='ltr'>erant</span> <span class='ocrx_word' id='word_1_180' title='bbox 398 3400 470 3450; x_wconf 85' lang='lat' dir='ltr'>anxii.</span> <span class='ocrx_word' id='word_1_181' title='bbox 504 3403 584 3458; x_wconf 87' lang='lat' dir='ltr'>Quum</span> 
     </span>
     <span class='ocr_line' id='line_1_31' title="bbox 82 3475 583 3539; baseline -0.004 -16"><span class='ocrx_word' id='word_1_182' title='bbox 82 3487 175 3538; x_wconf 85' lang='lat' dir='ltr'>raptum</span> <span class='ocrx_word' id='word_1_183' title='bbox 195 3492 245 3524; x_wconf 87' lang='lat' dir='ltr'>esse</span> <span class='ocrx_word' id='word_1_184' title='bbox 263 3475 381 3539; x_wconf 86' lang='lat' dir='ltr'>ignoraret</span> <span class='ocrx_word' id='word_1_185' title='bbox 404 3475 505 3531; x_wconf 88' lang='lat' dir='ltr'>Procris,</span> <span class='ocrx_word' id='word_1_186' title='bbox 524 3475 583 3521; x_wconf 89' lang='lat' dir='ltr'>Bur·</span> 
     </span>
     <span class='ocr_line' id='line_1_32' title="bbox 82 3546 585 3615; baseline -0.008 -17"><span class='ocrx_word' id='word_1_187' title='bbox 82 3566 183 3598; x_wconf 89' lang='lat' dir='ltr'>mannus</span> <span class='ocrx_word' id='word_1_188' title='bbox 200 3566 230 3598; x_wconf 88' lang='lat' dir='ltr'>ex</span> <span class='ocrx_word' id='word_1_189' title='bbox 249 3566 296 3598; x_wconf 93' lang='lat' dir='ltr'>uno</span> <span class='ocrx_word' id='word_1_190' title='bbox 312 3549 406 3615; x_wconf 76' lang='lat' dir='ltr'>praefert</span> <span class='ocrx_word' id='word_1_191' title='bbox 424 3552 505 3607; x_wconf 74' lang='lat' dir='ltr'>tard03</span> <span class='ocrx_word' id='word_1_192' title='bbox 527 3546 585 3612; x_wconf 86' lang='lat' dir='ltr'>quia</span> 
     </span>
     <span class='ocr_line' id='line_1_33' title="bbox 83 3621 583 3682; baseline -0.004 -11"><span class='ocrx_word' id='word_1_193' title='bbox 83 3625 200 3679; x_wconf 86' lang='lat' dir='ltr'>cessabat,</span> <span class='ocrx_word' id='word_1_194' title='bbox 220 3624 291 3671; x_wconf 78' lang='lat' dir='ltr'>auxia</span> <span class='ocrx_word' id='word_1_195' title='bbox 308 3632 372 3672; x_wconf 87' lang='lat' dir='ltr'>erat:</span> <span class='ocrx_word' id='word_1_196' title='bbox 398 3623 498 3682; x_wconf 81' lang='lat' dir='ltr'>srustra;</span> <span class='ocrx_word' id='word_1_197' title='bbox 526 3621 583 3670; x_wconf 90' lang='lat' dir='ltr'>alio·</span> 
     </span>
     <span class='ocr_line' id='line_1_34' title="bbox 83 3696 581 3761; baseline -0.002 -17"><span class='ocrx_word' id='word_1_198' title='bbox 83 3696 141 3761; x_wconf 92' lang='lat' dir='ltr'>quin</span> <span class='ocrx_word' id='word_1_199' title='bbox 159 3704 192 3751; x_wconf 90' lang='lat' dir='ltr'>et,</span> <span class='ocrx_word' id='word_1_200' title='bbox 210 3712 291 3744; x_wconf 86' lang='lat' dir='ltr'>versus</span> <span class='ocrx_word' id='word_1_201' title='bbox 309 3698 367 3744; x_wconf 82' lang='lat'><strong>732.</strong></span> <span class='ocrx_word' id='word_1_202' title='bbox 384 3699 472 3758; x_wconf 80' lang='lat' dir='ltr'>abrepti</span> <span class='ocrx_word' id='word_1_203' title='bbox 487 3704 581 3743; x_wconf 89' lang='lat' dir='ltr'>mutan-</span> 
     </span>
     <span class='ocr_line' id='line_1_35' title="bbox 84 3771 223 3818; baseline -0.007 0"><span class='ocrx_word' id='word_1_204' title='bbox 84 3771 142 3818; x_wconf 90' lang='lat' dir='ltr'>dum</span> <span class='ocrx_word' id='word_1_205' title='bbox 152 3779 223 3818; x_wconf 89' lang='lat' dir='ltr'>esset.</span> 
     </span>
    </p>

    <p class='ocr_par' dir='ltr' id='par_1_7' title="bbox 81 3845 583 4204">
     <span class='ocr_line' id='line_1_36' title="bbox 116 3845 583 3907; baseline 0 -15"><span class='ocrx_word' id='word_1_206' title='bbox 116 3845 174 3893; x_wconf 77' lang='lat'><strong>726.</strong></span> <span class='ocrx_word' id='word_1_207' title='bbox 199 3845 242 3892; x_wconf 79' lang='lat' dir='ltr'>Via</span> <span class='ocrx_word' id='word_1_208' title='bbox 260 3848 336 3901; x_wconf 83' lang='lat' dir='ltr'>aditu,</span> <span class='ocrx_word' id='word_1_209' title='bbox 354 3845 413 3907; x_wconf 79' lang='lat' dir='ltr'>eta]</span> <span class='ocrx_word' id='word_1_210' title='bbox 448 3845 583 3892; x_wconf 88' lang='lat' dir='ltr'>Secundam</span> 
     </span>
     <span class='ocr_line' id='line_1_37' title="bbox 83 3919 582 3982; baseline -0.004 -16"><span class='ocrx_word' id='word_1_211' title='bbox 83 3919 230 3967; x_wconf 86' lang='lat' dir='ltr'>Antoninum</span> <span class='ocrx_word' id='word_1_212' title='bbox 239 3919 381 3974; x_wconf 86' lang='lat' dir='ltr'>Liberalem,</span> <span class='ocrx_word' id='word_1_213' title='bbox 392 3934 434 3982; x_wconf 87' lang='lat' dir='ltr'>per</span> <span class='ocrx_word' id='word_1_214' title='bbox 444 3934 536 3966; x_wconf 87' lang='lat' dir='ltr'>servum</span> <span class='ocrx_word' id='word_1_215' title='bbox 547 3919 582 3980; x_wconf 86' lang='lat' dir='ltr'>ig·</span> 
     </span>
     <span class='ocr_line' id='line_1_38' title="bbox 82 3991 582 4058; baseline 0 -18"><span class='ocrx_word' id='word_1_216' title='bbox 82 4000 164 4041; x_wconf 88' lang='lat' dir='ltr'>notum</span> <span class='ocrx_word' id='word_1_217' title='bbox 174 3993 249 4058; x_wconf 87' lang='lat' dir='ltr'>pretio</span> <span class='ocrx_word' id='word_1_218' title='bbox 260 3993 358 4042; x_wconf 90' lang='lat' dir='ltr'>Procrin</span> <span class='ocrx_word' id='word_1_219' title='bbox 370 3991 492 4041; x_wconf 90' lang='lat' dir='ltr'>sollicitat.</span> <span class='ocrx_word' id='word_1_220' title='bbox 518 3993 582 4040; x_wconf 84' lang='lat' dir='ltr'>Auc-</span> 
     </span>
     <span class='ocr_line' id='line_1_39' title="bbox 81 4063 583 4131; baseline 0.002 -19"><span class='ocrx_word' id='word_1_221' title='bbox 81 4073 131 4115; x_wconf 84' lang='lat' dir='ltr'>tore</span> <span class='ocrx_word' id='word_1_222' title='bbox 149 4065 302 4131; x_wconf 85' lang='lat' dir='ltr'>Apollodoro,</span> <span class='ocrx_word' id='word_1_223' title='bbox 318 4065 410 4113; x_wconf 91' lang='lat' dir='ltr'>Procris</span> <span class='ocrx_word' id='word_1_224' title='bbox 425 4064 449 4112; x_wconf 93' lang='lat' dir='ltr'>in</span> <span class='ocrx_word' id='word_1_225' title='bbox 468 4063 583 4113; x_wconf 88' lang='lat' dir='ltr'>adulterio</span> 
     </span>
     <span class='ocr_line' id='line_1_40' title="bbox 81 4137 581 4204; baseline 0.008 -19"><span class='ocrx_word' id='word_1_226' title='bbox 81 4155 137 4185; x_wconf 89' lang='lat' dir='ltr'>cum</span> <span class='ocrx_word' id='word_1_227' title='bbox 148 4140 272 4188; x_wconf 86' lang='lat' dir='ltr'>Pteleonte</span> <span class='ocrx_word' id='word_1_228' title='bbox 288 4139 403 4204; x_wconf 85' lang='lat' dir='ltr'>deprensa</span> <span class='ocrx_word' id='word_1_229' title='bbox 414 4137 474 4201; x_wconf 87' lang='lat' dir='ltr'>fugit</span> <span class='ocrx_word' id='word_1_230' title='bbox 485 4139 515 4185; x_wconf 87' lang='lat' dir='ltr'>ad</span> <span class='ocrx_word' id='word_1_231' title='bbox 532 4138 581 4189; x_wconf 92' lang='lat' dir='ltr'>Mi-</span> 
     </span>
    </p>
   </div>
   <div class='ocr_carea' id='block_1_4' title="bbox 632 2742 1138 4127">
    <p class='ocr_par' dir='ltr' id='par_1_8' title="bbox 635 2742 1137 3169">
     <span class='ocr_line' id='line_1_41' title="bbox 636 2742 1135 2807; baseline 0.004 -17"><span class='ocrx_word' id='word_1_232' title='bbox 636 2743 728 2793; x_wconf 85' lang='lat' dir='ltr'>hendit.</span> <span class='ocrx_word' id='word_1_233' title='bbox 757 2745 800 2792; x_wconf 81' lang='lat' dir='ltr'>Via</span> <span class='ocrx_word' id='word_1_234' title='bbox 810 2743 974 2807; x_wconf 81' lang='lat' dir='ltr'>aditu-facto</span> <span class='ocrx_word' id='word_1_235' title='bbox 983 2742 1051 2792; x_wconf 82' lang='lat' dir='ltr'>dedit</span> <span class='ocrx_word' id='word_1_236' title='bbox 1058 2742 1135 2792; x_wconf 88' lang='lat' dir='ltr'>Hein-</span> 
     </span>
     <span class='ocr_line' id='line_1_42' title="bbox 636 2816 1136 2881; baseline 0.002 -16"><span class='ocrx_word' id='word_1_237' title='bbox 636 2817 726 2866; x_wconf 89' lang='lat' dir='ltr'>siusex</span> <span class='ocrx_word' id='word_1_238' title='bbox 744 2816 834 2877; x_wconf 81' lang='lat' dir='ltr'>tribus3</span> <span class='ocrx_word' id='word_1_239' title='bbox 858 2819 920 2866; x_wconf 91' lang='lat' dir='ltr'>bene</span> <span class='ocrx_word' id='word_1_240' title='bbox 939 2833 964 2866; x_wconf 85' lang='lat' dir='ltr'>se</span> <span class='ocrx_word' id='word_1_241' title='bbox 982 2817 1054 2866; x_wconf 87' lang='lat' dir='ltr'>habet</span> <span class='ocrx_word' id='word_1_242' title='bbox 1072 2817 1136 2881; x_wconf 91' lang='lat' dir='ltr'>quod</span> 
     </span>
     <span class='ocr_line' id='line_1_43' title="bbox 635 2889 1134 2954; baseline 0.002 -16"><span class='ocrx_word' id='word_1_243' title='bbox 635 2889 678 2938; x_wconf 84' lang='lat' dir='ltr'>dat</span> <span class='ocrx_word' id='word_1_244' title='bbox 685 2891 783 2954; x_wconf 87' lang='lat' dir='ltr'>vulgata</span> <span class='ocrx_word' id='word_1_245' title='bbox 794 2891 868 2954; x_wconf 88' lang='lat' dir='ltr'>(sicut</span> <span class='ocrx_word' id='word_1_246' title='bbox 879 2899 903 2939; x_wconf 90' lang='lat' dir='ltr'>et</span> <span class='ocrx_word' id='word_1_247' title='bbox 912 2890 1001 2954; x_wconf 85' lang='lat' dir='ltr'>Regius</span> <span class='ocrx_word' id='word_1_248' title='bbox 1009 2898 1087 2938; x_wconf 86' lang='lat' dir='ltr'>noster</span> <span class='ocrx_word' id='word_1_249' title='bbox 1096 2889 1134 2952; x_wconf 88' lang='lat' dir='ltr'>A)</span> 
     </span>
     <span class='ocr_line' id='line_1_44' title="bbox 635 2962 1137 3028; baseline 0 -17"><span class='ocrx_word' id='word_1_250' title='bbox 635 2963 831 3028; x_wconf 82' lang='lat' dir='ltr'>editas—faetus.</span> <span class='ocrx_word' id='word_1_251' title='bbox 865 2964 940 3027; x_wconf 92' lang='lat' dir='ltr'>Apud</span> <span class='ocrx_word' id='word_1_252' title='bbox 951 2963 1049 3012; x_wconf 76' lang='lat' dir='ltr'>Graecos</span> <span class='ocrx_word' id='word_1_253' title='bbox 1064 2962 1089 3010; x_wconf 90' lang='lat' dir='ltr'>in</span> <span class='ocrx_word' id='word_1_254' title='bbox 1100 2963 1137 3012; x_wconf 87' lang='lat' dir='ltr'>in·</span> 
     </span>
     <span class='ocr_line' id='line_1_45' title="bbox 636 3035 1136 3100; baseline 0.002 -17"><span class='ocrx_word' id='word_1_255' title='bbox 636 3036 719 3085; x_wconf 88' lang='lat' dir='ltr'>teriore</span> <span class='ocrx_word' id='word_1_256' title='bbox 740 3036 828 3084; x_wconf 78' lang='lat' dir='ltr'>radium</span> <span class='ocrx_word' id='word_1_257' title='bbox 849 3044 926 3100; x_wconf 74' lang='lat' dir='ltr'>parte,</span> <span class='ocrx_word' id='word_1_258' title='bbox 938 3036 1048 3084; x_wconf 85' lang='lat' dir='ltr'>mulieres</span> <span class='ocrx_word' id='word_1_259' title='bbox 1069 3035 1136 3085; x_wconf 89' lang='lat' dir='ltr'>sede·</span> 
     </span>
     <span class='ocr_line' id='line_1_46' title="bbox 636 3109 884 3169; baseline -0.004 -10"><span class='ocrx_word' id='word_1_260' title='bbox 636 3110 703 3159; x_wconf 88' lang='lat' dir='ltr'>bant.</span> <span class='ocrx_word' id='word_1_261' title='bbox 737 3110 818 3169; x_wconf 77' lang='lat' dir='ltr'>Mate,-</span> <span class='ocrx_word' id='word_1_262' title='bbox 835 3109 884 3158; x_wconf 85' lang='lat' dir='ltr'>vix.</span> 
     </span>
    </p>

    <p class='ocr_par' dir='ltr' id='par_1_9' title="bbox 634 3181 1138 3542">
     <span class='ocr_line' id='line_1_47' title="bbox 670 3181 1136 3247; baseline 0.004 -17"><span class='ocrx_word' id='word_1_263' title='bbox 670 3184 726 3231; x_wconf 83' lang='grc'><strong>730.</strong></span> <span class='ocrx_word' id='word_1_264' title='bbox 745 3183 821 3232; x_wconf 85' lang='lat' dir='ltr'>Nulla</span> <span class='ocrx_word' id='word_1_265' title='bbox 839 3194 914 3231; x_wconf 84' lang='lat' dir='ltr'>tamea</span> <span class='ocrx_word' id='word_1_266' title='bbox 924 3181 1072 3247; x_wconf 59' lang='lat' dir='ltr'>sarmasiae]</span> <span class='ocrx_word' id='word_1_267' title='bbox 1096 3183 1136 3232; x_wconf 84' lang='lat' dir='ltr'>De</span> 
     </span>
     <span class='ocr_line' id='line_1_48' title="bbox 637 3257 1137 3315; baseline 0 -9"><span class='ocrx_word' id='word_1_268' title='bbox 637 3261 715 3307; x_wconf 82' lang='lat' dir='ltr'>decore</span> <span class='ocrx_word' id='word_1_269' title='bbox 725 3258 750 3306; x_wconf 90' lang='lat' dir='ltr'>in</span> <span class='ocrx_word' id='word_1_270' title='bbox 761 3259 824 3307; x_wconf 92' lang='lat' dir='ltr'>omni</span> <span class='ocrx_word' id='word_1_271' title='bbox 835 3257 927 3315; x_wconf 87' lang='lat' dir='ltr'>habita,</span> <span class='ocrx_word' id='word_1_272' title='bbox 934 3257 990 3306; x_wconf 88' lang='lat' dir='ltr'>vide</span> <span class='ocrx_word' id='word_1_273' title='bbox 999 3257 1028 3304; x_wconf 87' lang='lat' dir='ltr'>ad</span> <span class='ocrx_word' id='word_1_274' title='bbox 1041 3257 1072 3305; x_wconf 86' lang='lat' dir='ltr'>iv.</span> <span class='ocrx_word' id='word_1_275' title='bbox 1079 3258 1137 3306; x_wconf 79' lang='lat'><strong>230.</strong></span> 
     </span>
     <span class='ocr_line' id='line_1_49' title="bbox 637 3330 1136 3396; baseline 0 -17"><span class='ocrx_word' id='word_1_276' title='bbox 637 3330 731 3380; x_wconf 79' lang='lat' dir='ltr'>Celabat</span> <span class='ocrx_word' id='word_1_277' title='bbox 741 3332 890 3396; x_wconf 82' lang='lat' dir='ltr'>exquisitius,</span> <span class='ocrx_word' id='word_1_278' title='bbox 902 3346 975 3395; x_wconf 88' lang='lat' dir='ltr'>quam</span> <span class='ocrx_word' id='word_1_279' title='bbox 987 3330 1086 3379; x_wconf 84' lang='lat' dir='ltr'>aliorum</span> <span class='ocrx_word' id='word_1_280' title='bbox 1096 3334 1136 3379; x_wconf 84' lang='lat' dir='ltr'>do·</span> 
     </span>
     <span class='ocr_line' id='line_1_50' title="bbox 635 3403 1138 3462; baseline 0.002 -11"><span class='ocrx_word' id='word_1_281' title='bbox 635 3406 712 3462; x_wconf 85' lang='lat' dir='ltr'>lebat,·</span> <span class='ocrx_word' id='word_1_282' title='bbox 731 3405 830 3454; x_wconf 87' lang='lat' dir='ltr'>affectus</span> <span class='ocrx_word' id='word_1_283' title='bbox 842 3421 896 3453; x_wconf 88' lang='lat' dir='ltr'>eum</span> <span class='ocrx_word' id='word_1_284' title='bbox 913 3404 1013 3453; x_wconf 87' lang='lat' dir='ltr'>revolvit</span> <span class='ocrx_word' id='word_1_285' title='bbox 1026 3403 1057 3451; x_wconf 85' lang='lat' dir='ltr'>ad</span> <span class='ocrx_word' id='word_1_286' title='bbox 1072 3407 1138 3452; x_wconf 87' lang='lat' dir='ltr'>deeo-</span> 
     </span>
     <span class='ocr_line' id='line_1_51' title="bbox 634 3478 810 3542; baseline 0.017 -19"><span class='ocrx_word' id='word_1_287' title='bbox 634 3495 682 3526; x_wconf 83' lang='lat' dir='ltr'>rem</span> <span class='ocrx_word' id='word_1_288' title='bbox 693 3478 810 3542; x_wconf 87' lang='lat' dir='ltr'>conjugis.</span> 
     </span>
    </p>

    <p class='ocr_par' dir='ltr' id='par_1_10' title="bbox 632 3550 1137 4127">
     <span class='ocr_line' id='line_1_52' title="bbox 668 3550 1137 3614; baseline 0 -15"><span class='ocrx_word' id='word_1_289' title='bbox 668 3552 724 3599; x_wconf 86' lang='grc'><strong>736.</strong></span> <span class='ocrx_word' id='word_1_290' title='bbox 747 3552 850 3609; x_wconf 74' lang='lat' dir='ltr'>Germia,</span> <span class='ocrx_word' id='word_1_291' title='bbox 868 3567 914 3599; x_wconf 84' lang='lat' dir='ltr'>vox</span> <span class='ocrx_word' id='word_1_292' title='bbox 932 3565 1046 3599; x_wconf 84' lang='lat' dir='ltr'>venerea:</span> <span class='ocrx_word' id='word_1_293' title='bbox 1070 3550 1137 3614; x_wconf 87' lang='lat' dir='ltr'>apud</span> 
     </span>
     <span class='ocr_line' id='line_1_53' title="bbox 634 3624 1136 3688; baseline -0.004 -16"><span class='ocrx_word' id='word_1_294' title='bbox 634 3624 736 3681; x_wconf 92' lang='lat' dir='ltr'>Livium,</span> <span class='ocrx_word' id='word_1_295' title='bbox 746 3624 762 3672; x_wconf 90' lang='lat' dir='ltr'>i.</span> <span class='ocrx_word' id='word_1_296' title='bbox 778 3627 818 3673; x_wconf 78' lang='lat'>58.</span> <span class='ocrx_word' id='word_1_297' title='bbox 833 3625 920 3673; x_wconf 83' lang='lat' dir='ltr'>Sextus</span> <span class='ocrx_word' id='word_1_298' title='bbox 934 3624 1067 3688; x_wconf 57' lang='lat' dir='ltr'>pestfferam</span> <span class='ocrx_word' id='word_1_299' title='bbox 1083 3624 1136 3670; x_wconf 81' lang='lat' dir='ltr'>tine</span> 
     </span>
     <span class='ocr_line' id='line_1_54' title="bbox 633 3698 1136 3762; baseline -0.004 -18"><span class='ocrx_word' id='word_1_300' title='bbox 633 3699 726 3745; x_wconf 78' lang='lat' dir='ltr'>abstulit</span> <span class='ocrx_word' id='word_1_301' title='bbox 746 3700 870 3762; x_wconf 78' lang='lat' dir='ltr'>gaudium.</span> <span class='ocrx_word' id='word_1_302' title='bbox 912 3698 1003 3761; x_wconf 83' lang='lat' dir='ltr'>Pugno,</span> <span class='ocrx_word' id='word_1_303' title='bbox 1025 3710 1136 3759; x_wconf 83' lang='lat' dir='ltr'>oppugno</span> 
     </span>
     <span class='ocr_line' id='line_1_55' title="bbox 632 3769 1137 3835; baseline -0.004 -17"><span class='ocrx_word' id='word_1_304' title='bbox 632 3770 755 3818; x_wconf 89' lang='lat' dir='ltr'>mulierem</span> <span class='ocrx_word' id='word_1_305' title='bbox 776 3771 801 3819; x_wconf 89' lang='lat' dir='ltr'>in</span> <span class='ocrx_word' id='word_1_306' title='bbox 822 3785 902 3819; x_wconf 92' lang='lat' dir='ltr'>meum</span> <span class='ocrx_word' id='word_1_307' title='bbox 925 3769 1000 3835; x_wconf 88' lang='lat' dir='ltr'>ipsius</span> <span class='ocrx_word' id='word_1_308' title='bbox 1023 3769 1137 3816; x_wconf 83' lang='lat' dir='ltr'>dolorem.</span> 
     </span>
     <span class='ocr_line' id='line_1_56' title="bbox 635 3843 1136 3909; baseline -0.004 -18"><span class='ocrx_word' id='word_1_309' title='bbox 635 3845 728 3901; x_wconf 82' lang='lat' dir='ltr'>Census,</span> <span class='ocrx_word' id='word_1_310' title='bbox 739 3843 850 3909; x_wconf 89' lang='lat' dir='ltr'>pretium,</span> <span class='ocrx_word' id='word_1_311' title='bbox 861 3859 968 3892; x_wconf 86' lang='lat' dir='ltr'>munera.</span> <span class='ocrx_word' id='word_1_312' title='bbox 1004 3844 1051 3889; x_wconf 87' lang='lat' dir='ltr'>Pro</span> <span class='ocrx_word' id='word_1_313' title='bbox 1071 3852 1136 3889; x_wconf 84' lang='lat' dir='ltr'>noete</span> 
     </span>
     <span class='ocr_line' id='line_1_57' title="bbox 633 3912 1134 3981; baseline -0.008 -17"><span class='ocrx_word' id='word_1_314' title='bbox 633 3918 667 3966; x_wconf 85' lang='lat' dir='ltr'>sic</span> <span class='ocrx_word' id='word_1_315' title='bbox 690 3917 841 3981; x_wconf 86' lang='lat' dir='ltr'>capiendum,</span> <span class='ocrx_word' id='word_1_316' title='bbox 863 3924 890 3965; x_wconf 91' lang='lat' dir='ltr'>ut</span> <span class='ocrx_word' id='word_1_317' title='bbox 909 3915 972 3980; x_wconf 89' lang='lat' dir='ltr'>apud</span> <span class='ocrx_word' id='word_1_318' title='bbox 990 3912 1134 3971; x_wconf 85' lang='lat' dir='ltr'>Terentium,</span> 
     </span>
     <span class='ocr_line' id='line_1_58' title="bbox 635 3991 1135 4052; baseline -0.006 -13"><span class='ocrx_word' id='word_1_319' title='bbox 635 3993 694 4041; x_wconf 88' lang='lat' dir='ltr'>Hec.</span> <span class='ocrx_word' id='word_1_320' title='bbox 710 3993 746 4040; x_wconf 89' lang='lat'>11.</span> <span class='ocrx_word' id='word_1_321' title='bbox 763 3991 797 4039; x_wconf 91' lang='lat' dir='ltr'>iii.</span> <span class='ocrx_word' id='word_1_322' title='bbox 816 3993 870 4039; x_wconf 81' lang='lat'><strong>125.</strong></span> <span class='ocrx_word' id='word_1_323' title='bbox 889 3993 938 4052; x_wconf 82' lang='lat' dir='ltr'>ejus</span> <span class='ocrx_word' id='word_1_324' title='bbox 954 3998 1040 4038; x_wconf 81' lang='lat' dir='ltr'>nortem</span> <span class='ocrx_word' id='word_1_325' title='bbox 1060 4002 1135 4036; x_wconf 82' lang='lat' dir='ltr'>orare.</span> 
     </span>
     <span class='ocr_line' id='line_1_59' title="bbox 634 4061 1134 4127; baseline -0.01 -15"><span class='ocrx_word' id='word_1_326' title='bbox 634 4067 749 4114; x_wconf 78' lang='lat' dir='ltr'>Dubitare</span> <span class='ocrx_word' id='word_1_327' title='bbox 760 4065 865 4113; x_wconf 85' lang='lat' dir='ltr'>modeste</span> <span class='ocrx_word' id='word_1_328' title='bbox 875 4063 985 4127; x_wconf 85' lang='lat' dir='ltr'>exprimit</span> <span class='ocrx_word' id='word_1_329' title='bbox 995 4062 1066 4113; x_wconf 80' lang='lat' dir='ltr'>fidem</span> <span class='ocrx_word' id='word_1_330' title='bbox 1077 4061 1134 4108; x_wconf 83' lang='lat' dir='ltr'>Pro·</span> 
     </span>
    </p>
   </div>
   <div class='ocr_carea' id='block_1_5' title="bbox 633 4139 892 4191">
    <p class='ocr_par' dir='ltr' id='par_1_11' title="bbox 633 4139 892 4191">
     <span class='ocr_line' id='line_1_60' title="bbox 633 4139 892 4191; baseline -0.012 -3"><span class='ocrx_word' id='word_1_331' title='bbox 633 4139 704 4191; x_wconf 74' lang='lat' dir='ltr'>cridia</span> <span class='ocrx_word' id='word_1_332' title='bbox 714 4139 892 4190; x_wconf 85' lang='lat' dir='ltr'>labefactatam.</span> 
     </span>
    </p>
   </div>
   <div class='ocr_carea' id='block_1_6' title="bbox 0 0 1410 5010">
    <p class='ocr_par' dir='ltr' id='par_1_12' title="bbox 0 0 1410 5010">
     <span class='ocr_line' id='line_1_61' title="bbox 0 0 1410 5010; baseline 0 0"><span class='ocrx_word' id='word_1_333' title='bbox 0 0 1410 5010; x_wconf 95' lang='lat' dir='ltr'> </span> 
     </span>
    </p>
   </div>
   <div class='ocr_carea' id='block_1_7' title="bbox 1201 4404 1324 4696">
    <p class='ocr_par' dir='ltr' id='par_1_13' title="bbox 1198 4404 1324 4696">
     <span class='ocr_line' id='line_1_62' title="bbox 1201 4404 1324 4696; baseline 0 0"><span class='ocrx_word' id='word_1_334' title='bbox 1201 4404 1324 4696; x_wconf 77' lang='lat' dir='ltr'>r</span> 
     </span>
    </p>
   </div>
  </div>
 </body>
</html>
