2812 5010
278 329 747 395 METAMORPHOSEON
771 330 861 396 LIB.
885 331 965 397 VII.
1078 336 1143 401 481

101 501 180 573 Cur
198 502 247 574 sit
265 513 303 575 et
316 503 417 574 unde
430 504 583 590 datum;
605 503 691 600 quis
704 503 798 576 tanti
814 505 978 578 muneris
991 509 1145 581 auctor?

99 615 193 698 Quae
212 617 319 713 petit,
335 619 398 690 ille
416 617 548 703 refert3
571 619 638 691 sed
654 643 738 714 quae
758 644 907 693 narrare
923 621 1058 719 pudori
1073 633 1147 715 est,

99 729 185 812 Qua
201 732 328 805 tulerit
346 733 532 817 mercede,
552 733 659 818 silet3
689 743 891 829 tactusque
909 736 1037 811 dolore

100 844 283 942 Conjugis
300 848 459 932 amissae,
480 847 643 921 lacrimis
662 850 715 922 ita
731 850 829 924 fatur
846 852 1011 927 obortis:

99 958 183 1032 Hoc
201 986 274 1048 me,
294 973 381 1035 nate
401 963 496 1047 Dea,
516 963 602 1058 quis
621 965 741 1060 possit
758 965 937 1039 credere?
963 968 1082 1040 telum
1146 981 1149 986 ’

100 1075 207 1149 Flere
224 1077 326 1163 facit,
345 1078 535 1174 facietque
553 1079 630 1166 diu,
650 1081 681 1152 si
696 1080 819 1153 vivere
837 1080 946 1153 nobis
1072 1088 1141 1158 691

100 1191 194 1264 Fata
210 1193 275 1265 diu
293 1194 488 1269 dederint:
518 1196 588 1267 hoc
607 1220 668 1269 me
685 1220 772 1269 cum
790 1197 951 1292 conjuge
968 1220 1055 1271 cara

98 1307 290 1383 Perdidit:
320 1311 389 1382 hoc
409 1312 551 1384 utinam
570 1312 774 1384 caruissem
790 1335 945 1385 munere
959 1314 1127 1411 semper!
1144 1375 1148 1384 .

98 1423 247 1497 Procris
265 1436 358 1511 erat,
378 1427 410 1498 si
427 1428 521 1500 forte
539 1428 658 1522 magis
677 1427 847 1524 pervenit
864 1426 912 1500 ad
930 1451 1037 1502 aures

100 1538 276 1636 Orithyia
293 1551 391 1626 tuas,
411 1553 527 1640 raptae
549 1567 652 1615 soror
672 1541 868 1639 Orithyiae.
1071 1545 1145 1616 695

100 1653 141 1725 Si
159 1654 305 1741 faciem,
325 1681 525 1754 moresque
541 1659 634 1731 velis
652 1658 821 1731 conferre
838 1657 1008 1744 duarum,

99 1768 257 1864 Dignior
275 1771 359 1868 ipsa
376 1773 477 1869 rapi:
506 1783 615 1871 pater
633 1774 728 1846 hanc
747 1772 838 1863 mihi
857 1773 986 1870 junxit
1003 1772 1143 1847 Erech-

246 1887 378 1974 theus;

99 1999 208 2073 Hanc
226 2002 316 2073 mihi
330 2003 458 2098 junxit
474 2025 598 2075 amor:
627 2000 718 2074 felix
735 2001 901 2088 dicebar,
920 2025 1121 2099 eramque3

99 2117 186 2189 Non
211 2117 265 2189 ita
288 2116 357 2189 Dls
375 2118 496 2190 visum
524 2128 594 2204 est,
614 2141 659 2190 ac
687 2140 787 2188 nunc
814 2140 966 2212 quoque
990 2117 1145 2190 forsitan

96 2229 204 2304 Alter
222 2234 404 2328 agebatur
421 2244 508 2330 post
524 2258 631 2307 sacra
644 2233 789 2330 jugalia
805 2233 966 2320 mensis;
988 2234 1141 2327 [essem.

97 2344 225 2428 Quum
243 2372 315 2433 me,
335 2347 538 2444 cornigeris
555 2349 771 2422 tendentem
792 2348 887 2422 retia
903 2348 1035 2436 cerviS,
1070 2353 1140 2421 701

95 2460 248 2536 Vertice
265 2462 474 2535 desummo
492 2487 641 2562 semper
657 2463 825 2537 florentis
844 2461 1019 2560 Hymetti

93 2683 187 2748 reliqua
200 2685 364 2750 profectasint
376 2686 407 2734 ab
417 2685 498 2734 Ovidii
512 2701 592 2734 manu.
643 2689 735 2736 alitheos
752 2693 816 2735 recte
835 2701 849 2734 a
865 2685 973 2750 plurimis
993 2684 1145 2750 scriptoribus

96 2758 197 2807 Codices
213 2759 285 2807 nostri
296 2759 368 2824 Regii
379 2759 468 2808 habent
484 2760 539 2814 Qoae
553 2776 594 2821 pe·
643 2760 778 2809 nominatur
785 2777 792 2820 3
803 2759 865 2807 male
872 2759 991 2822 Hyginus,
1000 2759 1081 2807 fabula
1089 2761 1143 2809 189.

95 2835 132 2888 tit,
143 2835 184 2881 itte
193 2833 266 2897 refert
272 2851 282 2892 ,·
300 2843 322 2881 et
338 2843 419 2882 cetero
435 2843 488 2882 hoto
496 2835 592 2895 potort:
645 2835 766 2882 Pandiona
776 2841 900 2880 memorat.
920 2832 1058 2880 Erechtheas
1067 2832 1144 2881 Ame-

94 2905 231 2970 spectabilis
247 2906 318 2955 lectio
334 2923 387 2970 quae
402 2907 453 2971 jam
463 2905 559 2969 Mycilli
569 2915 594 2955 et
643 2923 726 2956 narum
737 2906 782 2955 fuit
792 2921 843 2962 rex,
856 2904 920 2955 unde
930 2904 1089 2953 Athenienses
1105 2906 1142 2952 in·

95 2978 209 3028 Glareani
227 2989 330 3029 mentem
347 2980 474 3028 sollicitam
491 2979 594 3028 feceratr'
644 2980 737 3029 terdum
745 2980 902 3028 Erechthiodoe
910 2979 1063 3026 vocabantur.
1075 2979 1142 3026 Amo·

94 3061 182 3100 cratera
199 3064 263 3110 nota,
274 3062 302 3101 ut
320 3054 395 3111 aiunt,
406 3055 445 3102 vel
462 3071 505 3117 quo
519 3057 594 3114 pretio
644 3071 691 3102 rem
700 3054 761 3101 bene
777 3052 817 3100 hic
827 3057 949 3106 memorat,
960 3061 987 3099 ut
997 3051 1022 3098 in
1032 3050 1067 3098 iv.
1079 3051 1142 3111 7573

94 3131 212 3190 receperit,
232 3127 355 3192 Cephalus
372 3129 403 3176 ob
423 3128 537 3192 pudorem
556 3143 593 3176 re·
642 3127 693 3176 sine
707 3141 780 3175 causa
793 3125 865 3189 igitur
881 3124 994 3173 Heinsius
1004 3125 1096 3187 Hymen
1106 3140 1142 3174 re·

93 3199 159 3249 ticet.
642 3201 699 3267 poni
709 3199 794 3249 voluit.
830 3200 896 3248 Feli-r
906 3199 1007 3264 conjuge
1017 3200 1086 3263 quasi
1096 3199 1142 3247 for·

126 3277 183 3323 694.
192 3276 285 3324 Procris
293 3284 454 3336 erot-roptae,
463 3276 522 3338 ete]
531 3274 594 3324 Vide
643 3275 709 3323 mula
724 3273 841 3322 solennis:
859 3272 939 3321 confer
955 3272 1017 3321 infra
1026 3288 1075 3321 ver.
1086 3274 1144 3322 799.

94 3355 119 3395 et
128 3349 209 3396 confer
219 3364 274 3396 curn
285 3350 329 3398 hoc
340 3349 399 3405 loco,
412 3347 443 3396 vi.
453 3349 510 3396 681.
540 3349 593 3395 Ori·
644 3349 698 3397 Non
708 3351 742 3396 ito
753 3348 798 3395 Dis
807 3352 888 3403 vnum,
897 3362 943 3395 vox
950 3361 1038 3402 eorum,
1048 3345 1090 3410 qui
1098 3360 1142 3394 ex·

94 3423 162 3484 thyio
173 3422 256 3488 rapina
267 3432 318 3472 erat
328 3423 352 3472 in
364 3423 459 3472 Graecia
469 3437 506 3469 res
521 3421 594 3470 notis·
643 3421 752 3469 ciderunt
761 3421 823 3468 bono
834 3419 923 3483 aliquo.

94 3493 162 3551 sima,
172 3495 303 3560 eademque
314 3496 387 3544 veluti
399 3511 442 3544 suo
452 3494 591 3558 cognomine
675 3496 732 3543 702.
759 3494 854 3541 Florem
878 3492 1002 3555 Hymettos
1022 3490 1095 3540 etiam
1116 3491 1142 3541 io

93 3577 161 3629 rapto
172 3567 304 3618 dicebatur.
322 3570 385 3618 Vide
401 3567 534 3617 Heinsium.
567 3567 592 3616 St
641 3568 696 3616 Art.
712 3567 794 3614 Amat.
814 3564 851 3613 iii.
869 3566 916 3613 687
936 3581 989 3629 sqq.
1010 3564 1052 3612 ubi
1070 3578 1142 3613 causa

85 3641 182 3706 sodon,
194 3651 256 3704 etc.;
273 3660 320 3692 non
329 3642 450 3692 commode
461 3642 530 3690 modo
540 3657 593 3690 earn
642 3640 713 3705 hujus
727 3638 824 3705 epitheti
835 3638 950 3693 redditur,
963 3635 1020 3700 quia
1034 3636 1143 3686 innume·

92 3716 127 3765 sic
142 3717 234 3774 laudat,
246 3718 288 3767 sed
305 3726 329 3767 et
345 3716 442 3766 consilio
453 3715 593 3765 convenien-
642 3713 674 3766 ris
695 3715 803 3763 arborum
824 3721 849 3762 et
869 3712 995 3760 herbarum
1017 3708 1142 3774 generibus
1217 3772 1221 3783 Ι

93 3796 137 3838 ter.
181 3791 282 3856 Dignior
300 3794 349 3853 ipso
369 3794 438 3852 rope,-
471 3788 594 3854 anteponit
643 3795 729 3836 tectus.
761 3786 801 3835 Ad
811 3786 916 3835 radicem
925 3784 996 3848 hujus
1005 3783 1092 3830 montis
1101 3797 1141 3832 vo-

94 3863 214 3929 Cephalus
233 3865 329 3912 Procrin
346 3863 471 3928 Orithyia,
486 3861 593 3926 quamvis
643 3862 743 3909 nabetur
752 3861 813 3908 hene
824 3875 901 3916 mane,
910 3873 1011 3929 eumque
1023 3855 1141 3906 viditAu-

93 3937 145 3985 haec
155 3938 185 3986 ob
196 3938 396 4002 pulchritudinem
408 3954 423 3986 a
433 3939 510 3985 Borea
525 3943 592 4001 rapta
642 3950 702 3991 rora,
713 3933 754 3982 ubi
771 3940 862 3997 partem
880 3933 936 3981 coeli
953 3931 1072 3996 attigerat,
1087 3946 1141 3995 quae

93 4010 164 4060 fuisse
174 4010 290 4060 videatur.
308 4012 387 4069 Pater,
396 4021 441 4060 etc.
452 4011 504 4059 vult
514 4010 592 4058 dicere
642 4020 693 4058 erat
713 4023 783 4072 super
801 4011 906 4056 verticem
928 4006 1021 4054 montis.
1054 4005 1139 4060 latin,

92 4084 225 4149 legitimum
250 4085 322 4134 fuisse
348 4083 532 4140 matrimonium,
553 4083 592 4132 cui
643 4077 1141 4142 crocea,etiamxiii.579;eWirgihAEn.

94 4158 167 4207 etiam
189 4159 231 4208 Dii
254 4160 332 4209 favere
359 4159 490 4208 debuerint.
536 4158 593 4205 Ere·
643 4156 683 4204 vii.
694 4157 735 4203 26.
754 4155 843 4202 Lutum
853 4155 931 4203 herbar
942 4168 1026 4217 genus,
1037 4150 1140 4208 Gallice,
