2812 5010
262 343 734 411 METAMORPHOSEON
758 344 849 410 LIB.
865 344 914 410 ΙΙ.
1047 343 1111 409 189

66 520 246 604 Quamvis
265 520 360 593 irata
376 529 447 606 est,
466 543 541 592 non
560 520 631 592 hoc
650 517 744 593 irata
762 518 928 615 negabit.

66 638 99 710 N
102 661 164 710 am
182 661 244 710 me
263 635 453 709 Phocaica
470 637 593 708 clarus
612 636 745 710 tellure
765 635 973 722 Coroneus,
1036 640 1108 710 569

65 753 166 837 Nota
184 755 329 850 loquor,
350 752 501 848 genuit;
522 752 743 850 fueramque
760 776 830 848 ego
849 752 952 848 regia
965 752 1090 848 virgo;

64 869 331 966 Divitibusque
350 868 486 967 procis,
507 894 628 942 neme
646 879 858 955 contemne,
878 870 1047 966 petebar.

64 984 200 1058 Forma
216 984 307 1056 mihi
326 984 481 1058 nocuit:
506 1009 592 1058 nam
612 1009 728 1080 quum
746 1009 814 1083 per
830 984 939 1058 litora
956 986 1068 1058 lentis

63 1100 259 1188 PassibuS,
279 1112 321 1174 ut
339 1102 453 1188 soleo,
474 1126 621 1174 summa
639 1102 822 1199 spatiarer
841 1124 965 1188 arena,
1049 1140 1051 1146 ,

60 1217 176 1304 Vidit,
197 1228 236 1290 et
252 1217 409 1290 incaluit
426 1219 550 1316 pelagi
569 1219 697 1292 Deus:
726 1228 846 1315 utque
862 1218 1052 1315 precando

61 1332 250 1430 Tempora
266 1357 353 1406 cum
370 1333 519 1406 blandis
538 1334 774 1431 consumpsit
791 1334 916 1428 inania
932 1332 1078 1421 verbis;

60 1449 147 1520 Vim
163 1458 283 1546 parat,
295 1441 335 1522 et
349 1449 540 1545 sequitur:
562 1449 676 1544 fugi0,
689 1450 925 1545 densumque
937 1449 1109 1546 relinquo

60 1563 181 1651 Litus,
198 1575 238 1637 et
255 1565 294 1636 in
311 1565 413 1637 molli
432 1564 686 1663 nequicquam
704 1567 822 1638 lassor
841 1589 965 1638 arena.

60 1680 155 1754 Inde
176 1681 292 1767 Deos
311 1681 559 1778 hominesque
576 1707 692 1770 voco;
723 1707 792 1755 nec
814 1683 972 1778 contigit
989 1682 1107 1755 ullum

58 1797 146 1872 Vox
159 1822 246 1871 mea
262 1800 480 1873 mortalem:
509 1811 612 1873 mota
629 1810 688 1873 est
705 1823 773 1897 pro
791 1799 934 1894 virgine
951 1797 1068 1896 virgo,

55 1914 332 2010 Auxiliumque
349 1915 458 1988 tulit:
487 1917 689 1990 tendebam
708 1916 865 1990 brachia
880 1915 996 2003 coelo;
1033 1920 1106 1993 580

58 2022 226 2103 Brachia
243 2042 439 2128 coeperunt
455 2032 601 2105 levibus
620 2033 833 2128 nigrescere
851 2031 997 2129 pennis

57 2146 235 2244 Rejicere
254 2171 302 2220 ex
320 2146 485 2220 humeris
502 2157 646 2222 vestem
664 2148 846 2235 molibar;
877 2156 916 2219 at
933 2145 998 2218 illa

57 2263 198 2335 Pluma
217 2273 320 2351 erat;
349 2264 464 2360 inque
484 2275 610 2339 cutem
629 2265 774 2338 radices
794 2265 923 2338 ederat
940 2258 1046 2335 imas

56 2379 248 2476 Plangere
266 2380 368 2452 nuda
384 2380 478 2453 meis
496 2382 661 2454 conabar
678 2391 831 2479 pectora
849 2378 1006 2476 palmis:
1032 2381 1104 2450 584

57 2495 138 2569 Sed
151 2519 277 2593 neque
289 2497 370 2593 jam
382 2497 539 2594 palmas
553 2520 623 2570 uec
635 2506 789 2597 pectora
799 2496 900 2569 nuda
913 2494 1103 2590 gerebam.

52 2611 287 2700 Ourrebam3
308 2637 390 2698 nec,
411 2623 453 2685 ut
470 2625 569 2700 ante,
590 2613 708 2711 pedes
727 2613 913 2686 retinebat
931 2633 1064 2706 arena:

56 2729 137 2802 Sed
154 2753 302 2803 summa
319 2730 477 2804 tollebar
495 2731 630 2807 humo:
651 2755 739 2805 mox
758 2741 843 2804 acta
860 2724 927 2828 per
945 2750 1054 2801 auras

87 2931 145 2980 669.
157 2933 219 2980 Num
229 2949 263 2981 me
275 2933 409 2998 Phocaica]
424 2934 510 2983 Phocis
521 2951 558 2984 re·
641 2937 697 2986 679.
709 2936 758 2983 Pro
770 2936 860 2998 uirgine
870 2932 954 2997 uirga]
966 2930 1046 2980 Pallas
1056 2945 1109 2994 per-

53 3005 94 3070 gio
114 3006 224 3063 Graeciae,
245 3006 345 3056 finitima
375 3007 472 3064 Atticae,
494 3010 558 3059 unde
607 3019 680 3075 petua
705 3009 811 3074 gaudens
838 3007 982 3072 virginitate.
1020 3004 1108 3054 Claud.

55 3079 183 3128 Phocaicas
192 3079 326 3129 deducitur.
355 3081 386 3130 In
403 3082 558 3145 sequentibus
608 3102 680 3135 xxxv.
690 3087 750 3134 207:
763 3086 867 3134 stimulat
881 3084 1002 3132 communis
1011 3084 1037 3129 in
1045 3097 1109 3129 arma

54 3155 158 3203 multum
169 3155 236 3214 ἦθος.
256 3156 319 3203 Nota
330 3158 406 3220 loquar
416 3155 492 3213 addit,
501 3156 558 3222 quia
610 3159 747 3224 Virginitas.

54 3229 149 3277 natales
160 3228 247 3294 jactat.
281 3229 385 3288 Festive,
406 3247 434 3278 ne
452 3247 487 3278 me
505 3249 558 3279 eon-
640 3235 696 3282 580.
715 3235 841 3283 Tendebam
857 3229 1036 3291 machamim]
1055 3227 1107 3276 Sin-

54 3312 137 3350 ietmte·
607 3308 663 3372 gula
678 3311 785 3358 membra
795 3309 820 3356 in
832 3316 888 3356 actu
899 3305 1002 3370 quodam
1014 3311 1109 3350 mutan·

89 3377 147 3425 572.
165 3377 256 3424 Summa
267 3379 481 3449 spatiamentum]
501 3377 556 3426 Vir·
607 3391 661 3430 tur:
679 3386 733 3432 calo
754 3398 823 3447 aeque
843 3390 908 3430 recte
930 3395 958 3427 ac
974 3381 1004 3426 ad
1019 3379 1108 3425 celum.

54 3448 99 3514 gil.
120 3449 208 3513 Georg.
229 3449 247 3498 i.
264 3452 326 3500 389:
351 3450 438 3500 Cornix
463 3454 510 3499 sela
530 3454 556 3499 in
608 3456 709 3505 Brachia
724 3456 808 3505 melius
822 3456 846 3504 in
862 3456 913 3503 alas
924 3460 1016 3500 mutata
1026 3450 1107 3497 finxis-

53 3527 200 3573 monacum
214 3528 418 3586 spatiaturarenu.
446 3526 556 3591 Spatian-
606 3539 652 3580 set.
682 3532 772 3580 Eadem
783 3538 864 3578 autem
875 3529 949 3576 verba
960 3527 1005 3574 477
1017 3540 1072 3587 sqq.

53 3608 93 3647 tur
120 3608 199 3647 autem
227 3599 332 3648 cornices
358 3602 425 3648 lentis
447 3602 556 3661 passibus,
639 3607 695 3653 582.
718 3605 822 3666 Rejieere
842 3603 866 3650 in
889 3610 989 3664 tergum,
1010 3598 1107 3644 verbum

53 3671 168 3735 idemque
180 3673 287 3721 incessus
302 3672 374 3721 etiam
389 3672 505 3737 virginem
520 3690 556 3723 re·
607 3677 631 3725 in
653 3679 697 3726 hac
718 3694 742 3725 re
762 3676 897 3741 proprium;
919 3673 972 3722 vide
990 3672 1106 3719 Burman.

53 3746 119 3811 giam
130 3746 210 3794 decet·
608 3753 848 3817 Molibar‚parabam.
1074 3755 1075 3759 ’
1100 3751 1101 3755 ’

87 3823 145 3871 577.
163 3821 251 3878 Mollis,
273 3822 375 3887 pedibus
397 3823 491 3880 cedens,
509 3839 556 3886 quo
639 3828 695 3874 586.
714 3827 820 3880 Currere,
833 3822 901 3889 quasi
917 3820 1026 3887 praelusio
1041 3835 1106 3883 quae-

54 3895 126 3944 facile
145 3896 264 3943 lassantur
279 3905 407 3945 currentes.
425 3899 489 3963 Opp.
501 3901 556 3945 den·
607 3902 661 3949 dam
672 3900 773 3955 volatus,
784 3899 857 3947 etiam
868 3897 900 3945 xi.
910 3897 966 3944 336.
987 3895 1048 3941 Tum
1060 3893 1105 3942 ini·

52 3987 112 4026 sum,
128 3969 232 4018 solidum
239 3989 247 4031 ;
265 3972 387 4036 aspergine
406 3972 469 4020 enim
487 3971 558 4020 maris
607 3975 665 4023 tium
685 3976 756 4022 verbo
777 3976 837 4029 tolli,
857 3971 961 4035 denique
983 3984 1107 4020 successus

51 4043 111 4095 litus
128 4044 241 4095 durescit.
270 4047 324 4093 Noa
340 4050 446 4111 contigit,
457 4063 503 4094 uon
515 4063 556 4094 ex·
608 4049 684 4098 verbis
699 4060 751 4097 netu
766 4050 845 4096 evehor
860 4043 1006 4110 exprimitur.
1033 4041 1106 4107 Apud

52 4117 139 4168 audita
162 4127 207 4166 est.
233 4119 264 4169 iv.
286 4121 346 4170 104:
373 4122 558 4185 Vota—tetigere
608 4124 693 4188 Virgil.
706 4123 801 4173 AEneid.
814 4122 846 4170 xi.
856 4121 911 4168 136.
922 4133 1030 4167 crescens
1047 4116 1108 4164 adeo

54 4193 123 4249 Deos,
133 4195 227 4257 tetigere
236 4204 349 4255 parentes.
607 4201 678 4266 pinus
688 4201 767 4261 agitur
778 4201 808 4245 ori
817 4199 901 4245 sidera.

86 4275 164 4326 VOL.
177 4276 226 4325 ΠΙ.
703 4274 719 4319 S

1079 4530 1332 4724 Γ
