2812 5010
413 624 461 704 P.
491 619 692 706 OVIDII
720 624 984 709 NASONIS

244 833 1122 974 'Msrnmoarnosaou
1215 857 1218 864 ’

484 1121 655 1188 LIBER
684 1121 912 1190 SEXTUS.

597 1362 795 1423 -Φ-

638 1573 721 1623 FAB.
737 1574 760 1623 1.

177 1736 221 1829 P
225 1752 531 1831 RAEBUERAT
554 1755 666 1829 dictis
684 1755 853 1831 Tritonia
869 1756 1008 1832 talibus
1026 1783 1175 1851 aurem3
1200 1716 1202 1721 Ι

175 1872 643 1970 Carminaquernidum‚
652 1875 871 1972 justamque
882 1875 1104 1972 probaverat
1114 1877 1220 1954 iram.

175 1989 274 2063 Tum
292 2014 444 2065 secum:
475 1990 686 2066 “Laudare
703 2014 835 2090 parum
860 2001 940 2080 est3
970 1993 1166 2068 laudemur
1182 2005 1223 2070 et

326 2107 418 2206 ipsae
431 2134 440 2197 ;

176 2222 345 2297 Numina
360 2248 431 2299 nee
450 2225 574 2326 sperni
593 2225 673 2300 sine
690 2248 803 2324 poena
819 2233 946 2298 nostra
964 2223 1131 2299 sinamus
1143 2227 1179 2301 :”
1216 2233 1219 2237 ’

175 2336 428 2438 Maeoniaeque
446 2339 611 2415 animum
629 2341 716 2416 fatis
734 2340 895 2415 intendit
911 2339 1120 2429 Arachnes,
1189 2337 1221 2419 -5

176 2454 300 2540 Quam
318 2457 390 2530 sibi
407 2457 566 2532 lanificae
584 2483 660 2532 non
678 2459 812 2533 cedere
830 2457 1006 2531 laudibus
1024 2459 1116 2532 artis

208 2672 313 2723 1-145.
324 2675 431 2723 Arachne
438 2685 461 2724 et
473 2675 604 2739 Minerva]
622 2676 675 2725 An·
725 2677 840 2734 Arachne,
853 2673 917 2723 Plin.
926 2673 968 2723 vii.
977 2674 1026 2734 563
1043 2673 1107 2738 apud
1124 2673 1224 2726 Grecos
1258 2676 1263 2690 ‘

175 2744 362 2812 tiquissimarum
375 2749 505 2810 nationum,
514 2749 545 2799 ad
555 2749 675 2800 meliorem
726 2751 842 2807 Minerua,
865 2748 956 2798 AElian.
976 2748 1044 2796 Hist.
1064 2748 1115 2797 An.
1135 2747 1152 2797 i.
1174 2751 1224 2812 21;

174 2828 262 2871 sortem
283 2822 446 2887 aspirandum,
464 2841 522 2874 cura
546 2824 610 2874 cirea
623 2841 676 2874 ves·
725 2823 926 2888 quemadmodum
943 2821 1009 2887 apud
1022 2821 1151 2888 AEgyptios
1169 2824 1224 2874 Isis.

174 2894 237 2944 dum
252 2895 278 2944 in
288 2895 370 2962 primis
379 2897 512 2963 elegantias
523 2897 600 2948 lraesit.
625 2899 676 2947 Ita-
726 2899 796 2946 Forte
806 2898 911 2945 Arachne
925 2896 982 2944 olim
995 2895 1040 2944 fuit
1056 2913 1143 2946 nomen
1159 2912 1224 2948 com·

174 2985 222 3034 que
241 2970 321 3019 lanam
339 2969 425 3021 ducere
444 2979 469 3020 et
486 2974 585 3036 tingere,
602 2973 676 3022 telam
726 2987 798 3021 mune
824 2970 951 3020 mulierum
981 2970 1056 3036 perite
1082 2972 1224 3025 texentium.

175 3050 266 3100 tenere,
277 3050 403 3109 vestesque
413 3045 519 3094 colorum
529 3055 554 3094 et
564 3046 639 3096 nitore
651 3055 676 3096 et
726 3046 805 3104 Quum
817 3054 898 3094 autem
907 3061 949 3111 pro
959 3045 1052 3111 proprio
1062 3045 1144 3096 heberi
1155 3063 1223 3114 eoep-

173 3118 289 3166 vadetate
304 3117 409 3184 insignes
426 3119 543 3169 conficere
557 3119 609 3186 jam
628 3122 675 3170 Pa·
725 3128 776 3170 tum
797 3129 868 3179 esset,
887 3120 955 3170 lusus
976 3121 1147 3187 etymologicus
1166 3123 1223 3173 huic

174 3191 331 3241 triarcharum
347 3194 493 3258 temporibus
503 3203 621 3260 repertum
632 3204 676 3246 est.
725 3196 774 3245 tab.
784 3195 897 3261 originem
908 3196 982 3253 dedit,
998 3214 1043 3259 qna
1053 3197 1160 3245 Arachne
1172 3214 1224 3247 cam

174 3266 232 3316 Post
252 3281 322 3316 casus
343 3266 411 3316 dedit
431 3268 508 3332 Tyriis
528 3285 675 3333 purpuram3
726 3272 834 3319 Minerva
851 3274 944 3320 renardo
962 3281 1054 3319 certans
1071 3275 1097 3319 tn
1113 3289 1224 3322 araneam

174 3355 230 3387 mox
241 3339 350 3389 additum
360 3339 466 3390 vestibus
477 3357 569 3390 aurum.
589 3343 676 3391 Vestes
722 3354 839 3392 motatur.
872 3345 964 3410 Saepius
980 3345 1091 3393 mortales
1102 3359 1157 3394 cum
1170 3340 1226 3394 Diis

175 3414 277 3478 egregiis
285 3414 384 3480 picturis
399 3417 573 3465 exornabantur
581 3417 620 3466 rel
631 3432 677 3465 acu
726 3418 874 3469 concertasse
890 3425 961 3481 atque
978 3417 1085 3466 stultitia
1099 3433 1148 3466 sua
1162 3435 1224 3467 mer·

175 3488 253 3552 (quod
266 3489 374 3554 Phryges
383 3489 532 3548 invenerunt,
543 3491 606 3539 Plin.
614 3491 678 3540 Hist.
725 3491 809 3540 cedem
821 3492 901 3539 tulisse
913 3490 1048 3539 traduntur.

175 3561 236 3612 Nat.
245 3562 296 3613 viii.
307 3564 361 3627 48.)
372 3564 411 3613 vel
420 3564 483 3614 inter
492 3565 622 3614 texendum
632 3565 679 3615 tilis
759 3566 783 3614 4.
801 3565 904 3613 Numina
925 3573 1002 3612 nostra
1023 3564 1098 3612 multo
1120 3564 1224 3628 gravius,

176 3635 364 3695 versicoloribus,
376 3654 424 3704 qua
434 3647 484 3689 arte
492 3639 621 3705 Babylonii
631 3640 678 3706 pri·
726 3654 807 3704 quam,
822 3655 857 3687 me
865 3657 874 3697 ,·
893 3647 917 3686 et
931 3639 1018 3702 plural.
1035 3642 1132 3687 numina
1146 3638 1224 3702 digni·

176 3710 209 3758 mi
225 3711 400 3762 excelluerunt.
434 3714 540 3778 Utroque
556 3713 626 3763 modo
640 3711 678 3762 di-
727 3713 783 3762 ratis
801 3728 881 3762 causa.
899 3712 996 3761 AEneid.
1014 3712 1055 3761 vii.
1073 3715 1131 3762 310.
1147 3715 1222 3771 luno,

175 3785 237 3834 'citur
251 3788 316 3847 picta
329 3791 403 3838 mstis.
436 3787 521 3836 Omnis
534 3795 675 3837 autemves-
723 3791 744 3836 si
760 3805 810 3836 meo
823 3790 918 3836 numina
935 3805 980 3835 non
994 3798 1049 3836 sunt
1062 3806 1146 3854 magna
1162 3793 1226 3841 sutis.

176 3858 236 3908 tium
254 3860 455 3912 conficiendarum
481 3878 518 3912 ars
538 3861 677 3912 mulieribus
725 3860 1019 3925 Ibid.i.48.etquisquom
1030 3879 1115 3911 numen
1125 3863 1225 3913 Jnnom's

176 3933 302 3983 commisse
319 3945 378 3993 erat,
390 3952 466 4002 eaque
482 3937 598 3986 excellere
613 3937 675 4001 regi-
724 3935 792 3999 (me)
804 3937 898 3984 odorat?
915 3936 969 3984 Sine
978 3953 1054 3997 peno,
1066 3935 1173 4002 impune.

175 4007 213 4055 nis
231 4007 292 4057 adeo
305 4009 373 4058 laudi
388 4010 527 4060 ducebatur.
560 4013 633 4061 Hom.
644 4012 675 4062 Il.
725 4039 727 4044 ·
757 4012 783 4058 5.
795 4010 903 4059 Anima-m
915 4012 1033 4070 interdiu
1050 4010 1110 4060 serio
1121 4012 1225 4076 cogitare

176 4086 204 4130 Γ.
226 4083 292 4143 1255
317 4087 344 4131 Z.
360 4083 426 4144 289;
448 4091 479 4134 X.
496 4085 554 4134 440.
587 4086 627 4134 De
647 4101 676 4134 ea
725 4084 799 4149 coepit
810 4085 840 4134 de
851 4101 923 4150 poena
937 4085 968 4133 ab
978 4084 1089 4134 Arachne
1101 4086 1224 4136 sumenda.

173 4155 269 4221 egregie
297 4155 388 4208 merite
409 4166 476 4208 erant
503 4159 568 4226 apud
589 4160 676 4226 Lydios
726 4158 784 4207 Hor.
800 4159 876 4224 Epist.
894 4159 916 4207 I.
933 4159 959 4208 ii.
977 4161 1023 4209 36:
1048 4159 1155 4210 intendes
1172 4165 1225 4210 αηὶ·
