2812 5010
297 623 332 706 P
376 624 574 709 OVIDII
603 628 864 716 NASONIS

158 875 1000 978 METAMORPHOSEON

352 1121 522 1188 LIBER
550 1124 805 1191 TERTIUS.

479 1364 674 1416 -φ-

519 1573 601 1624 FAB.
616 1575 639 1623 Ι.

67 1744 292 1861 JAMQUE
311 1777 416 1853 Deus
432 1780 556 1878 posita
572 1778 714 1854 fallacis
732 1779 893 1876 imagine
911 1780 1020 1869 tauri,

67 1889 113 1963 Se
130 1892 326 1967 confessus
344 1905 445 1985 erat3
476 1897 700 1996 Dictaeaque
718 1922 802 1969 rura
819 1899 996 1971 tenebat:

65 2003 187 2091 Quum
204 2021 312 2109 pater
327 2010 478 2108 ignarus
498 2014 643 2090 Cadmo
661 2013 876 2112 perquirere
894 2023 1040 2112 raptam

92 2226 198 2275 1-130.
211 2226 308 2290 Jamque
319 2228 383 2277 Deus
397 2233 478 2290 posita,
493 2230 552 2294 etc.]
604 2239 694 2296 sponte,
705 2231 789 2278 bovem
802 2227 895 2283 ducem,
906 2226 951 2276 nisi
963 2236 987 2276 et
1001 2228 1044 2276 hoc
1055 2228 1099 2292 fig-

62 2297 155 2363 dgeuor
165 2299 225 2349 filios
235 2309 283 2350 tres
293 2301 324 2350 ad
334 2302 499 2366 requirendam
506 2306 553 2354 Eu·
604 2313 709 2354 mentum
730 2301 886 2367 etymologica
905 2301 1005 2350 Bmotiae
1027 2301 1099 2351 inter-

61 2389 248 2438 ropamsororem
256 2374 555 2434 dimisitita,ut,nisieam
604 2377 703 2442 pretatio
729 2375 830 2442 peperit.
873 2377 977 2424 Pausan.
997 2393 1022 2442 p.
1043 2377 1113 2426 719..

61 2448 207 2512 reperissent,
226 2449 296 2498 adse
312 2465 359 2498 non
377 2459 555 2502 reverterentur.
605 2451 669 2509 Quid
684 2448 838 2500 dedentibus
853 2451 882 2498 ab
901 2464 929 2498 eo
945 2448 1003 2498 satis
1019 2448 1100 2498 existi-

62 2520 131 2580 Cilix,
141 2521 212 2572 variis
220 2522 351 2588 peragratis
360 2523 435 2581 terris,
445 2525 555 2575 Ciliciam
604 2525 716 2577 mandum
725 2523 764 2581 sit,
775 2523 806 2572 ad
818 2539 865 2573 ver.
878 2524 924 2572 126
935 2521 1075 2572 videbimus.

60 2595 195 2656 constituit;
205 2596 307 2646 Pboenix
315 2597 340 2645 in
345 2596 451 2647 Africam
458 2607 494 2647 est
500 2616 554 2664 pro·
636 2601 660 2650 2.
677 2600 706 2647 Se
721 2597 833 2662 corrfnsus
846 2607 904 2654 erat,
915 2596 1061 2646 indicaverat
1074 2611 1100 2646 se

60 2667 143 2726 sectus,
155 2668 238 2735 ibique
252 2669 381 2731 remansit3
400 2673 499 2721 Cadmus
513 2689 555 2722 au·
605 2687 656 2721 esse
673 2673 767 2721 lovem.
794 2671 833 2720 Sic
851 2679 875 2719 et
890 2670 923 2721 xi.
937 2671 996 2719 264.
1013 2669 1101 2734 Virgil.

61 2751 106 2790 tem
118 2742 145 2791 in
154 2743 274 2792 Graeciam
284 2743 388 2801 devenit,
400 2745 451 2804 ubi,
461 2746 556 2796 oraculo
605 2745 702 2795 AEneid.
712 2744 738 2794 ii.
748 2746 793 2793 591
805 2764 810 2793 ε
828 2745 928 2807 confessa
937 2745 1017 2793 Deam.
1042 2745 1101 2793 Dic·

60 2815 200 2874 admonitus,
215 2817 318 2875 Tbebas,
336 2827 378 2868 aut
395 2819 473 2884 potius
491 2821 555 2870 Cad-
606 2832 648 2869 tna
665 2835 731 2876 rura,
748 2819 830 2875 Creta,
848 2819 911 2882 Tyro
926 2817 1014 2874 vicina,
1032 2826 1056 2866 et
1075 2816 1101 2867 in

59 2904 136 2939 meam
146 2905 227 2940 arcem
237 2891 352 2950 condidit,
361 2893 485 2943 interfecto
492 2895 556 2960 prius
605 2893 674 2960 cujus
683 2901 762 2941 monte
775 2894 846 2942 Dicto
857 2889 952 2956 Jupiter
968 2899 1037 2940 natus
1050 2906 1100 2942 cre·
1118 2932 1120 2935 ,

59 2963 147 3028 ingenti
156 2964 285 3024 dracone,e
297 2966 365 3031 cujus
372 2967 483 3016 dentibus
490 2968 556 3017 humi
605 2967 713 3024 debatur,
724 2965 787 3015 unde
797 2966 848 3031 ipse
860 2965 969 3014 Dicturus.

59 3038 145 3104 sparsis
163 3039 207 3087 viri
226 3039 310 3090 armati
330 3040 474 3106 prodierunt,
497 3059 555 3108 quo·
637 3041 661 3092 3.
678 3039 799 3105 Ignarus]
820 3037 888 3087 Male
903 3036 1102 3102 crolantgnarns

59 3127 110 3160 rum
130 3127 186 3177 pars
204 3111 295 3162 Cadmo
312 3114 337 3162 in
355 3113 479 3165 condenda
498 3117 556 3165 urbe
605 3125 694 3178 raptam
709 3112 837 3178 conjungit.
864 3113 916 3161 Imo
931 3113 1020 3161 centies
1033 3115 1102 3177 igna-

59 3185 146 3234 assuit:
170 3185 256 3252 Eurip.
270 3187 359 3236 Pboou.
377 3205 425 3237 ver.
440 3189 486 3237 641
504 3206 557 3255 sqq.
606 3204 647 3237 rus
657 3187 720 3253 apud
729 3189 841 3235 Nostrum
851 3186 885 3234 ita
891 3185 999 3243 occurrit,
1009 3192 1037 3234 ut
1046 3186 1102 3234 sub-

59 3276 107 3309 rer.
118 3261 164 3308 66l
182 3276 235 3325 sqq.
252 3268 276 3310 et
290 3261 368 3311 Schol.
386 3263 417 3311 ad
433 3264 484 3312 haec
502 3265 556 3314 loca
604 3261 759 3325 intelligenda
775 3259 858 3309 relicta
873 3260 904 3307 sit
918 3259 962 3307 illa
976 3275 1021 3316 res,
1033 3259 1101 3324 cujus

59 3332 171 3400 Apollod.
185 3335 299 3386 Biblioth.
309 3336 358 3386 III.
368 3336 385 3385 i.
401 3339 423 3385 l.
442 3345 466 3386 et
481 3338 513 3388 iv.
525 3341 555 3400 l;
605 3335 659 3402 quis
672 3335 767 3399 ignarus
778 3333 856 3390 tuerit,
867 3333 919 3383 uti.
932 3334 989 3381 668.
1002 3341 1027 3382 et
1041 3332 1102 3380 infra

61 3409 165 3458 Pausan.
173 3409 253 3459 Boeot.
263 3427 287 3476 p.
298 3413 345 3460 719
356 3421 380 3460 et
391 3413 454 3473 733;
465 3412 556 3478 Hygin.
605 3411 662 3458 243.
673 3410 730 3457 287.
754 3407 818 3456 Vide
831 3415 856 3454 et
868 3407 935 3455 Corte
950 3406 981 3454 ad
995 3404 1102 3453 Sallustii

59 3481 106 3531 sab.
118 3483 367 3550 17636enecaOEdip.
374 3502 423 3536 ver.
432 3488 480 3535 709
488 3503 540 3552 sqq.
546 3505 554 3547 ;
605 3483 703 3534 Catilio.
725 3481 751 3531 li.
773 3482 813 3529 27.
850 3481 979 3545 Ignorabat
997 3479 1101 3544 Agenor,

58 3554 169 3620 Apollon.
190 3556 240 3605 Rh.
257 3556 291 3605 iii.
314 3559 375 3607 1170
397 3575 449 3624 sqq.
482 3559 555 3608 Primi
604 3557 678 3607 filiam
695 3573 709 3605 a
725 3559 785 3606 Jove
796 3554 933 3603 translatam
945 3569 996 3602 esse
1006 3553 1032 3601 iu
1042 3552 1103 3601 Dic-

58 3637 137 3679 autem
170 3638 275 3680 auctores
305 3632 399 3682 fuerunt
428 3634 552 3691 Mnaseas,
605 3640 651 3680 taea
668 3646 729 3679 rura.
765 3628 881 3684 Invenire,
903 3642 966 3676 nunc
984 3626 1015 3675 ad
1035 3641 1100 3691 quas·

58 3703 216 3769 Pherecydes,
227 3706 375 3765 Hellanicus,
391 3707 554 3772 Lysimachus.
604 3705 670 3754 rendi
689 3703 793 3753 studium
812 3702 921 3766 pertinet.
946 3699 1059 3766 Apollod.
1070 3697 1103 3749 ei·

60 3777 164 3828 Cadmus
188 3795 244 3828 cum
267 3779 408 3831 Phoenicum
435 3797 507 3830 manu
529 3780 554 3829 in
605 3777 660 3829 πών
677 3779 711 3844 μὴ
729 3776 849 3843 πρότερον
866 3771 1026 3840 ἀναστρέφειν
1039 3773 1102 3839 πρὶν

59 3850 176 3902 Boentiam
195 3853 267 3911 veuit,
290 3853 395 3920 fusisque
411 3855 553 3919 Hyantibus,
603 3854 636 3903 dv
650 3852 776 3918 ἐξεύρωσιν
787 3849 921 3915 Εὐρώπην.
949 3848 989 3898 Sic
1000 3849 1041 3896 ille
1050 3850 1102 3913 pius

60 3923 137 3974 Aonas
163 3942 219 3974 cum
243 3928 291 3976 suis
317 3928 343 3976 in
368 3946 439 3978 unam
460 3939 553 3993 gentem
604 3927 628 3975 in
650 3928 731 3983 filiam,
753 3935 777 3974 et
793 3927 923 3980 sceleratus,
945 3922 1056 3980 crudelis,
1076 3922 1101 3971 in

60 4000 188 4049 coalescere
206 4016 288 4066 passus
304 4013 347 4051 est.
379 4007 460 4062 Quum
476 4004 554 4052 locum
604 4002 672 4050 filios.
701 4001 761 4048 Hac
781 3998 905 4055 sententia,
924 4008 949 4046 ut
966 3997 1103 4062 ὀέὐμωρον,

60 4075 184 4123 condenda
211 4077 264 4125 urbi
291 4086 415 4142 quareret,
440 4086 554 4142 sequutus
603 4076 692 4142 placuit
709 4077 811 4134 Nostro;
828 4074 907 4137 itaque
923 4088 985 4129 eam,
1001 4072 1102 4122 intoo.

62 4150 171 4271 cuthgive
191 4153 287 4201 oraculo
308 4153 417 4209 monitus,
440 4151 490 4200 sive
512 4167 556 4200 sua
605 4148 707 4214 repetiit.
734 4148 786 4199 Cic.
797 4148 846 4197 Off.
856 4146 892 4196 iii.
904 4146 983 4196 nude
992 4146 1021 4196 Τ.
1029 4147 1101 4194 Mau·

138 4225 164 4271 L.
184 4224 235 4272 ΙΙΙ.
704 4225 727 4271 X

1156 4530 1336 4696 t*
