2812 5010
274 328 741 396 METAMORPHOSEON
765 330 856 397 LIB.
877 331 927 398 ΙΙ.
1056 335 1122 400 159

84 497 278 576 lucursant
291 503 422 591 stellis,
438 504 664 603 rapiuntque
678 529 744 605 per
757 507 840 580 avia
852 530 1021 582 currum:
1046 512 1119 582 205

80 613 128 689 Et
144 618 257 693 modo
271 644 418 695 summa
434 631 580 720 petunt,
595 624 705 696 modo
723 646 790 721 per
803 622 947 697 decliva
960 623 1116 720 viasque

78 730 295 832 Praecipites
313 737 435 834 spatio
451 747 560 811 terrae
578 738 749 837 propiore
766 737 955 813 feruntur:

77 845 313 948 Inferiusque
330 853 408 925 suis
425 851 607 928 fraternos
625 878 772 929 currere
792 853 898 928 Luna
1032 935 1034 939 .
1053 838 1055 841 ⁵

74 962 290 1039 Admiratur
306 992 448 1067 equos3
477 970 726 1068 ambustaque
744 970 873 1045 nubila
889 969 1045 1044 firmant.

76 1079 283 1180 Corripitur
300 1083 472 1173 flammis,
491 1096 539 1160 ut
551 1111 712 1184 quaeque
730 1087 923 1175 altissima,
943 1087 1054 1161 tellus
1062 1087 1084 1176 ·;'

75 1193 258 1295 Fissaque
276 1200 353 1296 agit
369 1201 493 1290 rimae,
513 1211 552 1275 et
569 1202 691 1276 succis
710 1213 789 1277 aret
807 1203 1005 1299 ademptis.
1031 1207 1112 1275 1211

74 1311 221 1388 Pabula
237 1327 464 1408 canescunt3
484 1343 571 1391 cum
588 1318 783 1392 frondibus
803 1319 920 1392 uritur
938 1318 1046 1390 arbos
1064 1346 1073 1405 ;

74 1427 351 1532 Materiamque
369 1458 438 1508 suo
456 1435 598 1534 praebet
615 1460 724 1532 seges
744 1435 847 1508 arida
864 1436 1012 1507 damna.

75 1544 196 1619 Parva
215 1572 371 1645 queror3
392 1575 537 1647 magnae
556 1561 715 1650 pereunt
738 1574 824 1624 cum
849 1549 1032 1623 moenibus
1056 1572 1116 1620 ur-

76 1659 250 1760 Cumque
269 1665 346 1738 suis
365 1675 464 1740 totas
483 1667 630 1766 populis
648 1666 823 1741 incendia
840 1676 972 1762 gentes
1008 1665 1114 1760 [bes3

75 1775 119 1849 In
128 1778 294 1855 cinerem
304 1792 469 1858 vertunt:
483 1784 583 1857 silvae
594 1808 681 1857 cum
687 1782 877 1856 montibus
888 1781 1033 1854 ardent.
1043 1784 1116 1852 216

75 1890 194 1967 Ardet
205 1893 339 1984 Athos,
354 1895 575 1996 Taurusque
590 1898 703 1984 Cilix,
719 1907 757 1972 et
771 1897 937 1983 Tmolus,
952 1905 992 1969 et
1004 1894 1115 1984 OEte;

76 2091 148 2151 Ιᾶτω,
171 2093 235 2155 ὅλως
255 2096 315 2147 ἔνθα
338 2097 474 2162 ἐβούλοντο
493 2101 572 2150 αὐτοί.
621 2110 734 2167 praeterea
748 2108 836 2157 monet,
846 2107 923 2165 gentse
938 2112 1000 2162 sape
1010 2095 1067 2162 poni
1077 2112 1118 2161 pro

77 2165 104 2214 Id
123 2167 213 2217 Noster
228 2168 262 2218 sic
278 2172 396 2237 exprimit,
413 2174 481 2238 quasi
498 2175 523 2222 in
539 2192 572 2224 ae·
621 2175 688 2224 terris
705 2175 744 2224 vel
760 2173 901 2239 regionibus,
917 2172 989 2237 idque
1004 2170 1063 2219 satis
1077 2170 1119 2218 do·

76 2239 147 2298 ibere,
166 2250 194 2291 ut
215 2244 328 2303 interra,
346 2251 473 2310 precipitio
494 2258 572 2298 essent
621 2250 697 2299 cuisse
711 2250 815 2298 Gronov.
832 2247 860 2295 ad
876 2247 960 2294 Liar.
973 2247 1013 2294 34.
1039 2244 1118 2292 Etiam

76 2320 99 2361 et
114 2318 176 2364 ecio.
200 2317 272 2367 Hunc
290 2319 369 2368 lusum
386 2321 411 2369 in
428 2321 473 2370 hac
488 2338 570 2371 narra-
621 2323 685 2389 apud
696 2324 793 2371 Homer.
804 2320 882 2385 δῆμος
891 2317 1120 2368 interdumdeterra

76 2386 136 2438 tione
154 2406 202 2439 non
218 2392 294 2457 magis
311 2396 393 2458 probo,
412 2411 484 2459 quam
503 2397 571 2445 illum
620 2399 728 2454 occurrit,
739 2405 765 2444 ut
778 2396 825 2445 Od.
838 2401 864 2443 Z.
876 2397 909 2453 3;
927 2393 1077 2451 11.13.547;
1094 2399 1119 2439 et

76 2478 122 2512 ver.
135 2464 190 2514 13³.
214 2468 322 2516 Ambusto
332 2471 412 2517 nubilo
424 2470 517 2519 facilius
526 2486 569 2520 ex·
621 2472 655 2520 sic
669 2489 726 2537 geos
742 2471 805 2535 apud
817 2469 904 2533 virgil.
917 2466 1017 2516 AEneid.
1027 2466 1044 2515 i.
1059 2467 1118 2515 533.

75 2544 162 2597 mmm,
173 2540 238 2605 quia,
249 2543 353 2592 Homero
370 2557 474 2602 auctore,
486 2546 570 2594 arden-
620 2546 708 2595 Contra
731 2554 796 2592 terre
822 2559 864 2608 pro
889 2540 1023 2589 hominibus
1046 2547 1119 2588 terras

76 2610 108 2660 tia
117 2612 218 2663 flumina
227 2615 315 2680 fingere
325 2616 422 2666 licebat.
620 2617 786 2674 incolentibus,
797 2634 822 2665 v.
841 2614 963 2664 Drakenb.
980 2612 1010 2661 ad
1026 2613 1069 2661 Sil.
1083 2612 1118 2660 iii.

105 2689 272 2738 taeneotica
287 2692 458 2756 prodentium]
477 2693 515 2741 Sic
529 2710 568 2742 eu·
621 2693 660 2742 75.
683 2691 814 2754 Argutatur
834 2690 917 2737 Burm.
933 2686 964 2735 ad
985 2685 1084 2736 Heroid.
1102 2687 1118 2734 i.

76 2777 117 2826 pra
125 2764 233 2818 caelium,
244 2764 349 2818 acclivis.
621 2768 661 2815 24.
672 2766 713 2814 ubi
730 2764 755 2812 in
770 2763 857 2828 singul.
867 2765 965 2811 cinerem
979 2761 1033 2827 plus
1043 2761 1118 2809 inesse

106 2837 162 2885 210.
182 2838 216 2886 Ut
225 2854 316 2900 queque
325 2839 457 2902 citissimo]
476 2836 572 2888 Scilicet

74 2907 108 2959 ita
116 2910 221 2960 maxime
232 2911 370 2977 corripitur;
388 2929 460 2977 quam
473 2913 571 2961 formam

75 2983 128 3034 Cic.
145 2993 221 3034 amat.
251 2985 364 3050 Indignor
375 2993 464 3042 autem,
478 2994 571 3051 poetam

75 3074 127 3108 mor
148 3058 256 3109 minutiis
276 3060 442 3109 enumerandis
461 3060 570 3109 immora-

75 3141 125 3182 tum
141 3149 202 3191 esse,
220 3141 291 3198 atqua
307 3150 407 3183 acumen
422 3133 482 3183 illud
497 3134 571 3182 admi-

75 3207 150 3256 cuisse
156 3208 330 3271 Materiemque,
338 3217 387 3257 etc.
404 3207 475 3268 Quod
484 3209 569 3258 Claud.

75 3281 157 3331 xxxiii.
176 3283 231 3332 16³.
250 3282 279 3330 de
297 3285 372 3331 AEtna
387 3282 494 3332 imitatus
513 3292 567 3332 est:

621 2848 697 2906 putat,
709 2854 781 2904 quam
792 2839 817 2886 in
826 2837 915 2903 plural.
923 2839 1017 2885 cinam

652 2915 708 2962 217.
726 2909 965 2973 ermeneumata]
985 2909 1119 2973 Sequuntur

621 2988 722 3052 catalogi
751 2986 874 3043 montium,
900 3000 955 3032 mox
986 2981 1118 3041 fluviorum,

621 3063 704 3128 quales
724 3062 829 3110 intexere
856 3067 931 3125 poetae
959 3059 1043 3114 solent,
1060 3058 1118 3106 sorte

622 3135 913 3185 eruditionisostentandae
924 3149 1006 3182 causa.
1031 3132 1119 3180 Noster
1194 3173 1198 3185 ,

619 3210 716 3258 consilio
736 3208 873 3258 narrationis
896 3206 953 3255 satis
975 3205 1076 3260 lecisset,
1098 3204 1118 3252 si

619 3284 769 3349 paucioribus
779 3298 807 3331 ex
816 3290 916 3347 utroque
924 3296 1009 3346 genere
1018 3278 1117 3327 defunc-

620 3365 658 3406 tus
675 3367 744 3407 esset.
772 3358 849 3413 Athos,
857 3355 927 3403 hodie
943 3354 1021 3401 Monte
1037 3352 1116 3407 Sento,

619 3448 686 3481 mons
697 3431 857 3486 Macedoniae,
870 3431 938 3494 cujus
954 3425 1055 3474 altitudo
1065 3434 1118 3474 tau·

75 3359 204 3420 &mamque
214 3359 260 3405 niis
270 3359 376 3406 incendio
386 3359 470 3405 nutrit.

32 3432 34 3436 '
105 3433 163 3480 214.
171 3431 306 3494 Maniae]
318 3431 405 3481 Manio
413 3438 467 3498 sunt
477 3431 569 3487 domus,

76 3503 184 3554 edificia.
210 3504 302 3560 Florus,
319 3506 338 3552 i.
352 3506 381 3553 4:
407 3507 488 3553 ntoeoio
506 3521 570 3553 muro
621 3516 654 3564 ta,
670 3516 697 3555 ut
714 3504 836 3555 cacumine
858 3505 933 3552 nubes
953 3506 1047 3565 superet
1064 3515 1116 3547 um·

75 3581 189 3641 militm
201 3588 241 3626 0⁸²·
267 3578 331 3627 Vide
349 3578 502 3634 Gt⁰¹¹⁰vium‚
519 3578 569 3626 Ob·
620 3583 734 3645 bramque
749 3578 868 3644 usquead
883 3579 998 3625 Lemnum
1015 3574 1117 3622 insulam

75 3668 136 3702 serv·
147 3651 173 3700 ii·
185 3653 226 3699 12·
617 3657 743 3721 jaculetur,
761 3670 815 3719 quae
835 3654 901 3701 abest
919 3648 1041 3698 simillia
1061 3663 1116 3712 pas·

106 3729 165 3775 215.
177 3727 235 3775 com
249 3727 295 3774 sois
306 3729 396 3788 populis
410 3735 488 3792 gentes
497 3741 570 3774 unum
620 3747 703 3778 suum:
725 3727 788 3776 Plin.
801 3727 834 3775 H.
850 3727 884 3774 N.
894 3725 926 3772 iv.
937 3725 967 3771 12
975 3740 983 3783 3
999 3720 1067 3770 Mela
1082 3720 1117 3769 II.

76 3808 146 3864 atque
161 3799 226 3848 idem
239 3814 290 3848 esse
301 3808 368 3864 putat
379 3799 472 3849 Ciot'au.
488 3800 570 3860 Male3
621 3804 646 3852 ii.
659 3806 712 3852 130.
747 3803 847 3857 Tauros,
859 3800 987 3847 immensus
998 3800 1115 3845 montium

74 3876 283 3938 geatesetpepoii,
296 3877 571 3936 autnotionesetpopuii
622 3876 786 3925 altissimorum
813 3882 911 3929 tractus,
934 3888 949 3920 a
976 3869 1118 3920 chelidonio

75 3947 186 3996 differunt
198 3956 226 3996 ut
242 3956 318 3996 totum
328 3956 353 3996 et
364 3965 433 4013 pars.¹
459 3949 571 3997 Germani
620 3950 776 4015 promontorio
794 3948 900 3997 exoriens
915 3955 940 3995 et
956 3953 1029 3993 totam
1048 3961 1117 4009 paene

75 4029 129 4070 suut
149 4024 229 4080 notio,·
255 4021 398 4087 Westphali,
417 4023 522 4071 Saxones
548 4031 572 4070 et
620 4024 704 4072 Asiam
730 4038 886 4088 percurrens:
911 4019 1008 4072 Curtius
1025 4019 1067 4067 vii.
1090 4021 1115 4069 3.

76 4095 163 4144 Bavari
172 4103 228 4145 sunt
236 4100 325 4160 popuii.
342 4096 398 4145 Vid.
410 4097 488 4147 Gloss.
499 4098 570 4146 MSS.
621 4098 727 4145 Vocatur
739 4096 808 4153 Cilic,
822 4095 878 4160 quia
888 4093 990 4142 mediam
1006 4092 1115 4141 Ciliciam

77 4169 156 4218 Guelf.
172 4169 194 4219 I.
207 4170 238 4220 ad
256 4170 353 4220 Sallust.
370 4171 424 4221 Cat.
439 4173 471 4220 X.
487 4172 571 4222 Burm.
622 4170 715 4220 dividit.
725 4169 804 4219 Tibul.
814 4171 835 4219 Ι.
846 4169 886 4219 vii.
899 4169 942 4217 16:
959 4167 1070 4231 frigidus
1080 4169 1116 4214 in·
