2812 5010
280 337 346 404 464
567 325 803 393 .P..0v11)11
828 323 1042 392 NASONIS

284 506 431 604 Regia3
460 527 531 577 nec
548 511 629 576 tota
646 498 762 573 tristis
780 497 888 571 locus
905 496 1005 569 ullus
1024 496 1063 569 in
1081 494 1264 570 urhe'est.

333 620 426 695 VII.
456 617 539 692 Nec
561 627 701 703 tamen,
720 615 859 712 (usque
877 614 973 688 adeo
991 612 1084 686 nulli
1104 612 1254 688 sincera
1269 638 1330 685 vo·

432 736 571 832 luptaS,
1259 731 1330 802 453

285 850 522 946 Sollicitique
539 848 682 945 aliquid
700 847 797 921 laetis
814 843 1053 939 intervenitl)
1072 844 1216 941 AEgeus

285 966 437 1040 Gaudia
454 965 635 1062 percepit,
654 974 743 1038 nato
761 987 894 1037 secura
911 971 1078 1059 recepto
1200 962 1330 1057 [quam

285 1080 397 1155 Bella
417 1082 526 1178 parat
552 1078 701 1167 Minos3
731 1079 796 1175 qui
820 1099 1040 1174 quanquam
1062 1074 1194 1162 milite,
1214 1099 1331 1172 quan-

286 1196 420 1270 Classe
438 1197 548 1281 valet,
569 1193 690 1294 patria
707 1205 834 1268 tamen
851 1203 912 1267 est
928 1192 1164 1265 firmissimus
1182 1191 1260 1264 ira:

284 1311 553 1408 Androgeique
571 1334 703 1384 necem
716 1310 831 1407 justis
848 1309 1042 1383 ulciscitur
1059 1307 1186 1381 armis.
1259 1311 1331 1381 458

284 1427 386 1502 Ante
403 1440 542 1513 tamen,
561 1426 662 1500 bello
678 1427 776 1500 vires
795 1425 958 1523 acquirit
974 1423 1136 1511 amicas3
1245 1425 1330 1518 [rat.

285 1542 447 1642 Quaque
463 1555 600 1643 potens
617 1544 782 1632 habitus,
801 1545 942 1617 volucri
959 1540 1053 1614 freta
1071 1540 1194 1613 classe
1209 1562 1331 1636 perer-

316 1728 454 1776 453-660.
472 1728 685 1792 Nectamen,etc.]
703 1727 784 1777 Minos
833 1743 873 1776 rus
893 1725 995 1783 Siculus,
1017 1722 1049 1774 ir.
1071 1725 1111 1772 60.
1144 1723 1184 1771 De
1205 1721 1270 1770 hello
1291 1721 1332 1771 hoc

284 1800 315 1848 ob
326 1799 401 1848 fllium
411 1799 563 1865 Androgeum
572 1801 722 1851 interiectum
731 1802 783 1849 bel-
833 1800 906 1849 etism
916 1798 1040 1848 Plutarch.
1050 1797 1122 1845 Thes.
1133 1798 1177 1857 15;
1195 1795 1333 1853 Pausanias,

284 1873 335 1921 lum
343 1882 423 1922 movet
430 1873 623 1933 Atheniensibus,
630 1874 717 1940 quibus
725 1890 783 1923 aux-
833 1873 851 1924 i.
866 1875 916 1934 275
939 1871 1107 1938 Apollodorus,
1117 1872 1167 1919 111.
1176 1887 1219 1919 xv.
1230 1873 1263 1930 ⁸5
1284 1871 1332 1934 Hy·

284 1944 352 1994 ilium
368 1946 493 2011 pollicetur
507 1949 606 2006 AEacns,
624 1963 665 1996 rex
676 1946 782 2012 AEginae,
833 1947 911 2012 ginus,
928 1946 1010 1996 sabula
1020 1947 1060 1994 41.
1094 1944 1250 1994 Firmissime
1257 1962 1267 2002 ‚·
1283 1944 1332 2010 plu·

284 2018 353 2084 cujus
370 2019 441 2077 cives,
461 2036 476 2068 a
494 2029 561 2085 peste
579 2021 706 2086 absumpti,
725 2020 784 2068 miro
833 2021 896 2078 rimi,
908 2021 1087 2083 fortissimum
1105 2019 1198 2068 solenni
1215 2026 1332 2083 permuta·

284 2092 389 2156 quodam
405 2094 477 2143 modo
492 2095 597 2159 suppleti
614 2103 681 2144 erant
694 2093 782 2143 exsor-
833 2093 906 2142 tione.
940 2090 1331 2149 Firmissimusaalidissimusm·

283 2166 361 2216 micis.
388 2169 483 2233 Nempe
495 2168 649 2232 Myrmidones
658 2167 783 2233 prisciAE
832 2167 928 2232 pissime
942 2166 972 2215 de
986 2166 1044 2215 belli
1060 2165 1174 2231 potentia.
1199 2165 1264 2215 Vide
1274 2166 1332 2215 Gru

283 2239 345 2304 gina
363 2238 457 2296 incolae,
476 2241 517 2306 qui
534 2251 615 2306 postea
631 2240 730 2289 Peleum
746 2257 783 2290 se-
832 2255 887 2288 nov.
904 2240 936 2288 ad
954 2239 1008 2287 liv.
1025 2238 1076 2287 xxi.
1093 2241 1143 2299 255
1167 2239 1212 2288 sed
1231 2246 1333 2288 nuncet

285 2313 354 2378 qunti
363 2314 510 2362 Tbessaliam
524 2314 683 2363 incoluerunt.
717 2316 784 2372 Quo·
825 2315 973 2376 firmissimus
987 2316 1033 2370 ira,
1050 2329 1120 2377 quem
1135 2313 1171 2362 ira
1186 2313 1298 2378 impellit,
1308 2322 1333 2362 ut

283 2385 461 2437 niamfnrmicaa
470 2388 562 2437 Grecis
570 2386 784 2452 μὺρμηκεςᾱὶουης
833 2387 942 2437 omnihus
956 2387 1045 2437 viribus
1061 2388 1110 2437 suis
1126 2397 1217 2436 utatur.
1252 2389 1332 2437 Patrio

283 2469 330 2518 tur,
341 2459 442 2509 Hesiod.
454 2461 496 2524 (fr.
505 2477 530 2525 p.
540 2462 596 2510 445.
607 2460 685 2526 Lips.)
704 2470 785 2511 auctor
834 2466 879 2520 ira,
894 2479 947 2527 que
965 2461 1076 2511 convenit
1092 2461 1162 2527 patri,
1179 2463 1211 2510 ob
1227 2461 1271 2509 filii
1288 2477 1332 2511 ce·

285 2533 368 2600 erepit,
376 2533 543 2598 etymologiam
551 2549 660 2599 perverse
668 2550 784 2598 premens,
834 2534 897 2583 dem.

284 2607 372 2671 fingere
392 2622 432 2656 eos
450 2622 480 2655 ex
497 2607 601 2656 formicis
619 2607 702 2665 factos,
720 2609 784 2672 quod
866 2610 923 2658 459.
939 2611 1002 2656 Ante
1021 2617 1105 2663 tomen,
1127 2609 1202 2665 belto‚·
1229 2606 1255 2656 id
1276 2607 1332 2656 mihi

284 2678 354 2727 multi
374 2678 487 2743 deinceps
505 2680 658 2744 repetierunt.
690 2681 721 2729 Et
742 2681 785 2732 illo
833 2681 909 2743 magis
926 2681 1046 2746 poeticum
1061 2680 1162 2737 videtur,
1180 2696 1255 2745 quam
1271 2679 1333 2744 qnod

284 2751 382 2815 quidem
403 2764 499 2801 auctore
525 2754 619 2818 Jupiter
643 2753 669 2802 id
692 2755 782 2812 effecit,
833 2755 905 2804 habet
927 2755 1032 2819 vulgata,
1053 2756 1115 2802 Ante
1136 2764 1213 2802 tumen
1233 2755 1333 2811 ballum

284 2841 359 2891 quum
370 2827 461 2876 AEacus
472 2825 497 2874 in
508 2827 606 2890 AEgina,
617 2826 695 2877 insula
703 2827 782 2877 deser·
833 2844 906 2891 quare
913 2829 970 2876 bello
978 2827 1094 2890 (dativa)
1102 2827 1166 2890 quod
1174 2842 1257 2875 omnes
1266 2828 1333 2877 MSS.

284 2905 318 2956 ta,
335 2900 377 2948 ubi
395 2900 511 2949 educatus
527 2909 578 2949 erat
594 2908 619 2949 et
635 2900 782 2958 adoleverat,
832 2910 919 2966 prater
926 2917 968 2951 sex
975 2901 1237 2961 hahent,revocandum
1246 2901 1334 2966 putavi.

284 2974 350 3023 solus
366 2982 436 3024 esset.
469 2974 509 3023 Sic
526 2984 551 3024 et
561 2973 672 3039 Apollod.
682 2975 731 3024 111.
742 2975 785 3025 xii.
834 2975 957 3039 Virgilius,
968 2977 1027 3024 AEn.
1037 2974 1063 3024 ii.
1074 2977 1130 3024 ³15.
1145 2976 1274 3038 glomerare
1287 2992 1333 3023 mo·

284 3048 310 3096 6.
319 3047 361 3095 ubi
371 3047 426 3096 vide
436 3046 558 3111 Heynium
566 3065 573 3108 3
590 3047 784 3105 serrassent,
834 3066 889 3096 nam
904 3051 962 3097 bello
970 3068 978 3109 ;
995 3048 1092 3104 ibidem,
1102 3048 1138 3096 iii.
1152 3049 1211 3097 546.
1224 3050 1283 3096 bello
1298 3065 1334 3096 ar·

283 3120 311 3170 ii.
322 3122 363 3169 29.
377 3119 403 3168 in
418 3136 446 3169 eo
463 3121 589 3185 discrepat,
600 3120 664 3184 quod
679 3121 785 3170 homines
833 3132 928 3170 murator
950 3125 1010 3185 equi.
1054 3121 1128 3185 Regii
1153 3121 1227 3170 nostri
1248 3121 1335 3170 hahent

181 3236 184 3239 .
272 3193 339 3242 illos
353 3208 402 3241 non
412 3208 441 3241 ex
452 3193 563 3249 formicis,
575 3195 617 3242 sed
628 3210 658 3242 ex
669 3201 732 3242 terra
742 3209 784 3242 na·
834 3195 1078 3260 quoquebello,quod
1088 3194 1335 3252 servandumcenseo,

283 3274 321 3316 tos
335 3264 458 3315 mentitur.
490 3267 652 3315 Pestomvero
667 3275 692 3314 et
706 3266 785 3316 formi-
834 3268 962 3318 dummodo
972 3277 1025 3334 post
1035 3279 1109 3317 tamna
1120 3276 1223 3333 ponatur
1233 3284 1335 3327 comma,

284 3355 366 3391 earum
373 3338 535 3395 mutationem,
544 3354 598 3388 cum
609 3339 697 3388 Nostro
703 3337 729 3388 in
739 3340 785 3389 hac
833 3344 904 3392 sicuti
915 3344 939 3392 in
950 3345 1010 3392 libro
1020 3344 1037 3393 i.
1044 3347 1068 3392 5.
1077 3345 1145 3401 Ante,
1152 3359 1215 3392 mara
1225 3353 1248 3391 et
1261 3346 1335 3401 tellus,

284 3411 526 3470 fabulaStrnboniii.
535 3429 560 3476 p.
568 3413 625 3462 576.
634 3413 785 3478 etHyginuS,
833 3426 880 3467 etc.
911 3419 974 3466 Vires
984 3417 1089 3483 saepede
1099 3417 1173 3483 copiis
1183 3417 1334 3467 militaribus.

284 3488 367 3537 fabula
376 3489 416 3536 52.
426 3495 619 3535 commemorant.
653 3488 783 3544 sinceram,
834 3491 1074 3548 Amineaauxiliares.
1101 3491 1196 3554 Quoque
1205 3501 1284 3554 potens
1294 3493 1335 3539 ha·

284 3561 324 3611 cui
341 3560 402 3609 nihil
420 3560 500 3617 aliani,
516 3559 602 3618 vitiosi,
616 3561 642 3609 h.
652 3561 671 3609 l.
687 3561 785 3618 doloris,
834 3567 911 3624 bitus,
928 3566 1033 3613 habebat
1043 3564 1107 3614 enim
1118 3565 1245 3630 imperinm
1254 3565 1334 3615 maris.

284 3633 426 3690 immixtum,
433 3634 603 3698 incorruptum.
620 3633 660 3683 Ab
668 3634 713 3683 hoc
720 3649 784 3684 nunc
835 3639 891 3687 Non
912 3638 1041 3688 admodum
1066 3642 1166 3687 vetareris
1189 3639 1232 3688 illa
1253 3639 1336 3688 classis

285 3723 332 3756 non
342 3706 421 3755 differt
430 3723 543 3757 murum.
834 3712 907 3762 fnisse
917 3712 1018 3762 ridetur.
1034 3715 1094 3761 Eam
1106 3712 1169 3761 enim
1180 3712 1267 3778 effugit
1276 3714 1334 3762 1)ae-

316 3781 375 3828 457.
394 3779 470 3828 crasse
484 3779 569 3842 valet]
598 3781 726 3830 Cretenses
741 3780 785 3830 illo
834 3786 912 3843 dalus,
931 3779 983 3834 eam
1002 3785 1079 3851 ipsam
1098 3787 1128 3834 oh
1145 3800 1254 3843 censam,
1271 3786 1335 3850 quod

284 3860 389 3918 tempore
405 3861 455 3902 arte
467 3852 563 3902 nautica
574 3853 724 3903 excellebant
734 3871 784 3904 om·
833 3859 892 3908 velis
908 3861 1014 3916 carebat,
1028 3875 1082 3924 qnae
1099 3859 1229 3915 invenerat,
1241 3867 1267 3908 et
1282 3859 1336 3924 qni·

283 3925 354 3974 nibus
367 3925 490 3990 gentibus:
509 3927 586 3975 Minos
601 3927 691 3992 primus
707 3928 782 3994 impe·
832 3932 878 3981 bus
894 3933 1005 3982 utebatur
1022 3931 1153 3981 Daedalus:
1172 3931 1226 3980 vide
1239 3933 1336 3996 Goguet

283 3999 422 4049 rinmmaris
430 3999 660 4066 nabuttclanequa
670 4000 785 4052 instructa
835 4023 878 4054 uon
898 4006 1033 4071 Urtprunge
1050 4009 1092 4054 der
1109 4005 1208 4063 Geretae,
1219 4015 1268 4054 etc.
1280 4014 1337 4054 tom.

283 4073 394 4136 purgavit
403 4074 601 4139 mareapiratis:
619 4074 780 4141 Thucydides,
832 4078 860 4127 ii.
879 4095 902 4143 p.
921 4081 979 4129 276.
999 4081 1057 4134 ¹Eat
1074 4095 1130 4143 ergo
1149 4095 1213 4128 nunc
1232 4080 1269 4128 nil
1291 4078 1337 4128 nisi

268 4143 316 4202 Χ14.
326 4145 344 4194 i.
357 4146 389 4206 45
407 4147 550 4206 Herodotus,
560 4147 596 4196 iii.
608 4149 670 4210 1225
691 4149 782 4199 Diodo·
832 4151 953 4215 epitheton
964 4168 1058 4210 ornans,
1067 4153 1118 4201 sive
1129 4167 1265 4202 commune.
1292 4209 1293 4212 Ἴ
