2812 5010
367 316 840 385 METAMORPHOSEON
863 318 955 386 LIB.
978 319 1062 386 VII.
1163 325 1233 391 467

176 487 311 562 Tristis
322 490 424 580 abit;
447 499 472 529 “
489 490 731 590 Stabuntque
745 493 814 566 tibi
825 503 893 567 tua
905 493 1232 594 foederamagno.’'

179 602 310 679 Dixit:
340 618 379 679 et
395 606 525 679 utilius
543 608 685 681 bellum
704 619 812 706 putat
830 633 914 682 esse
929 610 1075 696 minari,

154 731 156 735 '
178 717 302 802 Quam
321 719 463 816 gerere,
484 731 598 820 atque
616 747 704 797 suas
722 724 775 797 ibi
792 748 1095 822 praeconsumere
1107 727 1217 802 vires.

229 834 375 909 Classis
394 838 442 911 ab
461 837 634 936 OEnopiis
654 838 859 911 etiamnum
879 837 1015 938 Lyctia
1032 841 1150 915 muris

179 947 353 1047 Spectari
371 962 541 1050 poterat3
572 977 689 1050 quum
706 953 820 1051 pleno
838 954 987 1027 concita
1004 956 1087 1028 velo
1154 961 1227 1030 491

176 1064 307 1141 Attica
323 1069 462 1167 puppis
481 1070 601 1156 adest,
621 1071 660 1142 in
678 1080 886 1166 portusque
904 1069 1020 1143 intrat
1037 1071 1191 1157 amicos,
1215 1087 1234 1111 ’·

178 1180 273 1264 Quae
288 1181 514 1281 Cephalum,
530 1185 739 1282 patriaeque
754 1183 866 1256 simul
884 1185 1061 1258 mandata
1072 1185 1230 1261 ferebat.

176 1296 344 1371 AEacidae
361 1300 474 1396 longo
487 1302 647 1397 juvenes
666 1311 753 1399 post
770 1311 940 1399 ternpore
957 1301 1079 1374 visum

176 1409 375 1508 Agnovere
392 1425 519 1489 tamen
540 1416 773 1514 Cephalum;
804 1418 1035 1514 dextrasque
1052 1418 1206 1504 dedere,

176 1525 309 1624 Inque.
320 1530 438 1625 patris
455 1531 598 1604 duxere
613 1531 780 1605 domum.
835 1531 1062 1631 Spectabilis
1080 1533 1204 1620 heros

178 1640 230 1715 Et
246 1643 384 1717 veteris
402 1646 569 1720 retinens
588 1647 794 1720 etiamnum
811 1647 970 1745 pignora
986 1646 1128 1733 formae,

177 1756 414 1854 Ingreditur3
444 1786 667 1860 ramumque
685 1774 819 1838 tenens
838 1751 1029 1862 popularis
1047 1763 1166 1849 olivae,

181 1873 233 1946 Et
250 1876 385 1950 dextra
401 1877 573 1975 laevaque
591 1880 686 1953 duos
705 1890 816 1953 aetate
833 1881 996 1953 minores
1155 1882 1231 1951 499

177 1987 304 2087 Major
321 1992 449 2079 habet,
469 1992 611 2092 Clyton
630 2005 669 2069 et
687 1994 831 2082 Buten,
848 1995 1022 2067 Pallante
1040 2004 1199 2067 creatos.

177 2102 389 2203 Postquam
406 2132 613 2206 congressu
630 2109 750 2208 primo
769 2133 839 2182 sua
854 2109 969 2183 verba
986 2108 1154 2181 tulerunt

209 2304 266 2354 497.
283 2305 371 2372 Magno
387 2308 501 2371 nabent]
529 2307 593 2358 Vide
609 2310 640 2359 ad
653 2326 678 2360 x.
728 2325 802 2359 cuns:
820 2308 854 2358 sic
865 2316 932 2358 notat
943 2307 1076 2373 Cephalum
1090 2315 1183 2374 propter
1193 2309 1229 2357 sa·

175 2378 234 2427 547.
278 2379 468 2440 Proconsumere,
496 2390 551 2432 ante
577 2385 677 2442 bellurn,
727 2384 810 2432 hulam
827 2391 966 2448 sequentem
984 2381 1040 2431 inde
1057 2397 1157 2430 eversu
1173 2383 1230 2434 661.

175 2451 241 2515 quod
261 2453 411 2512 moliebatur,
433 2456 554 2506 minnere:
582 2457 632 2506 viii.
652 2459 676 2507 7.
728 2457 769 2506 ubi
784 2454 1035 2520 oblormamrapitur.
1069 2456 1173 2522 Pignora
1187 2472 1230 2504 er·

172 2535 312 2586 praetentare
328 2531 400 2576 eires:
417 2529 508 2588 Livius,
522 2528 573 2579 xxi.
584 2532 678 2580 29.on·
704 2541 706 2545 '
729 2531 840 2597 quisitius
862 2547 934 2595 quarn
954 2530 1032 2594 signa,
1053 2529 1167 2594 vestigia:
1197 2530 1231 2580 vi.

175 2600 349 2650 telihorevires.
729 2607 787 2653 603.
797 2622 914 2653 merorum
923 2607 1021 2668 pignora
1031 2606 1108 2651 demit.
1144 2604 1231 2654 Veteris

210 2673 266 2721 499.
283 2674 369 2736 Lyctio
386 2691 401 2724 a
418 2677 501 2739 Lycto,
515 2677 573 2726 urbe
591 2679 679 2729 Cretae.
721 2678 814 2741 forme,
830 2677 934 2742 pristino
953 2674 1146 2741 pulchritudiuis.
1181 2678 1229 2725 Po-

178 2746 245 2804 Vera·
265 2749 527 2799 Burmannnsetrihus
541 2751 614 2800 MSS.
626 2768 678 2800 rna-
726 2754 826 2814 peloris,
848 2759 953 2817 praestat.
1003 2751 1072 2798 Oliva
1098 2750 1228 2815 popularis,

175 2818 205 2867 lit
216 2831 291 2877 vento,
303 2822 367 2886 quod
383 2824 459 2888 magis
474 2825 511 2888 τῷ
522 2829 610 2874 concito
621 2841 678 2874 con·
727 2827 785 2891 quia
803 2834 860 2875 nata
879 2825 942 2891 apud
955 2824 1123 2880 Athenienses,
1133 2832 1158 2873 et
1176 2824 1230 2876 ideo

176 2894 265 2943 veniat.
289 2897 400 2946 Fmstra:
426 2900 486 2946 AEn.
503 2897 521 2948 i.
538 2901 603 2946 49οε
629 2901 679 2949 Aut
728 2901 815 2966 populo
824 2909 892 2964 grata
899 2898 937 2959 ;si
946 2898 976 2946 ad
985 2897 1078 2961 signum
1088 2899 1230 2963 pacisspec-

174 2978 267 3030 portum
288 2980 358 3028 tenet,
382 2981 424 3019 ont
444 2974 509 3034 pleno
530 2976 600 3030 sebit,
621 2978 679 3022 estio
728 2984 773 3032 tes,
791 2972 915 3037 Virgilius,
933 2973 990 3020 AEn.
1004 2970 1056 3020 viii.
1075 2972 1231 3035 Paciferaeqne

175 3043 240 3100 oelo;
257 3042 316 3093 ibid.
327 3061 351 3091 v.
363 3046 419 3092 281.
430 3047 485 3093 velis
494 3047 554 3093 sebit
564 3049 621 3094 ostio
630 3049 678 3107 ple-
728 3065 818 3095 ramum
824 3047 1025 3108 protenditolivc.
1059 3044 1145 3094 Buten.
1162 3046 1231 3094 Non·

175 3120 221 3165 nis.
246 3117 344 3166 Portum
359 3117 468 3167 intraturi
487 3120 564 3167 solent
582 3119 679 3184 quidem
729 3120 798 3177 nulli,
818 3120 918 3175 Bouron,
937 3118 1002 3167 unde
1020 3118 1149 3176 Menrsius,
1164 3120 1230 3185 Reg.

176 3191 232 3239 vela
248 3191 395 3248 contrahere,
410 3192 452 3241 sed
466 3192 521 3241 vide
538 3194 569 3242 ad
580 3193 611 3243 vi.
622 3195 679 3242 445.
728 3194 804 3243 Attic.
814 3192 839 3241 ii.
851 3194 875 3242 6.
889 3193 948 3241 lacit
964 3193 1063 3256 Brpteo,
1077 3208 1092 3241 a
1106 3209 1154 3258 quo
1167 3195 1230 3258 Bry-

177 3265 209 3313 In
224 3275 346 3328 portusque
363 3270 438 3315 intret
453 3271 543 3316 amicos.
577 3268 678 3317 Codices
729 3267 1232 3333 tadarumfamiliaapudAthenieusesde·

176 3339 252 3388 nostri
270 3333 343 3403 Regii
363 3341 493 3406 simplicius
511 3349 536 3390 et
553 3341 640 3400 lenius,
657 3351 679 3390 et
729 3343 868 3399 scendebat,
891 3350 918 3390 ut
944 3359 959 3390 a
985 3342 1047 3389 Bote
1072 3342 1230 3392 Butadarum.

172 3423 255 3475 portus
275 3417 351 3462 intret
371 3418 462 3464 amicos.
504 3415 586 3464 Lectio
605 3415 680 3464 altera
731 3416 819 3471 Pelles,
828 3414 893 3463 filius
903 3413 975 3462 Nelei
984 3413 1076 3476 quisuit
1086 3414 1157 3462 frater
1167 3415 1231 3463 The-

175 3487 257 3535 nescio
268 3487 326 3551 quid
341 3488 400 3536 rude
415 3496 440 3536 et
452 3496 584 3537 contortum
599 3488 680 3538 hahet.
729 3488 772 3537 sei.
783 3487 841 3537 Vid.
849 3486 968 3551 Hyginus,
976 3485 1057 3534 fabula
1064 3487 1121 3534 244.
1136 3487 1199 3535 Eum
1206 3496 1232 3537 et

178 3561 299 3622 Cephalus,
311 3561 411 3610 Deionis
421 3571 471 3620 aut,
482 3570 509 3612 ut
519 3563 560 3612 alii
571 3563 678 3620 tradunt,
729 3563 791 3610 filios
801 3577 838 3610 res
849 3576 923 3608 novas
936 3558 1061 3607 molientes
1071 3568 1154 3623 postea
1167 3561 1230 3610 'lbe-

176 3634 293 3682 Mercurii
310 3635 381 3692 filius,
397 3637 438 3700 qui
455 3638 576 3694 Procride,
591 3638 680 3687 Erech·
730 3653 784 3685 seus
799 3632 927 3683 interfecit.
950 3634 1055 3681 Pausan.
1072 3632 1148 3682 Attic.
1162 3650 1187 3698 p.
1198 3637 1228 3684 51

176 3707 227 3755 thei
249 3708 330 3763 filiam,
353 3708 377 3757 iu
398 3711 546 3759 matrimonio
567 3711 680 3762 habebat.
730 3712 807 3760 et70.
1046 3744 1048 3747 v

176 3780 259 3830 Fuisse
271 3783 403 3846 Cephalum
412 3784 524 3847 juvenem
536 3784 599 3849 apud
609 3785 679 3849 AEgi-
762 3786 818 3832 501.
836 3783 957 3845 Postquam
971 3781 1230 3844 congresso-Cecropi-

176 3871 262 3904 nenses
280 3872 293 3903 e
311 3872 380 3905 versu
393 3859 449 3906 516.
461 3867 566 3922 apparet.
600 3859 679 3924 Longo
728 3858 783 3920 do]
819 3857 871 3904 Hos
891 3870 972 3904 versus
992 3852 1060 3901 aliter
1081 3852 1179 3903 dederat
1197 3856 1231 3905 cl.

175 3939 225 3990 post
242 3939 348 3991 tempore.
373 3931 412 3979 Ita
424 3939 449 3979 et
459 3930 583 3994 Virgilius,
595 3932 679 3995 Eclog.
730 3930 827 3996 Gierig:
840 3930 962 3993 Postquam
969 3943 1099 3991 congressus
1107 3930 1177 3988 primi
1188 3946 1231 3978 suo

176 4001 196 4049 i.
215 4003 255 4050 30.
274 4003 381 4064 Respexit
401 4014 484 4061 tomen,
503 4014 525 4052 et
547 4005 613 4068 longo
629 4014 679 4065 post
729 4005 929 4061 verberatorem,
949 4003 1096 4063 Cecropidum
1109 4000 1232 4064 Cephalus,

178 4086 276 4138 tempore
287 4080 359 4127 venit.
729 4087 777 4128 etc.
787 4087 811 4128 et
821 4079 873 4126 haec
884 4077 988 4142 subjicit,
998 4083 1014 4104 ‘⁴
1026 4077 1162 4140 Congressns
1170 4076 1232 4126 dixit

211 4151 267 4198 496.
291 4152 446 4215 Spectabilis]
482 4153 566 4201 Formo
585 4151 678 4217 conspi-
729 4169 772 4218 pro
782 4152 1002 4218 congredientibus:
1019 4166 1067 4200 non
1077 4158 1157 4201 tamen
1167 4151 1231 4203 hanc
