2812 5010
258 319 730 387 METAMORPHOSEON
754 319 844 384 LIB.
862 320 924 384 IV.
1056 321 1124 389 323

151 492 261 569 itiem
279 506 380 569 tacto
399 495 550 593 capiant
566 503 609 566 ut
626 494 675 567 ab
693 518 801 583 aere;
831 495 1011 592 quodque
1047 502 1121 571 750

151 635 207 685 ren
226 611 265 684 in
282 636 431 709 aequore
449 621 542 696 erat,
561 609 627 682 fiat
645 633 758 708 super
776 632 929 706 aequora
947 634 1094 688 saxum.

151 725 190 800 Ἰ.
212 727 280 800 ms
291 729 411 801 tribus
423 729 485 800 ille
499 726 603 800 focos
614 726 773 799 totidem
785 727 833 800 de
847 728 992 825 cespite
1003 731 1119 826 ponit,

151 865 224 915 urm
244 843 454 932 Mercurio;
485 845 660 917 dextrum
678 844 759 929 tibi,
778 843 916 918 bellica
933 844 1057 942 virg03

165 955 270 1031 Jovis
288 959 509 1033 mediaest:
539 968 726 1031 mactatur
743 983 858 1033 vacca
876 944 1079 1052 Minervae3

151 1073 222 1147 >edi
237 1074 396 1163 vitulus3
426 1085 556 1147 taurus
574 1074 655 1160 tibi,
672 1100 817 1147 summe
837 1074 1016 1179 Deorum.
1047 1083 1120 1154 755

151 1188 251 1263 tinus
269 1190 547 1278 Andromedan,
567 1202 606 1265 et
622 1191 717 1265 tanti
736 1191 890 1289 praemia
907 1191 997 1265 facti

151 1430 181 1469 est
191 1421 227 1480 iis,
245 1441 299 1488 quae
317 1433 381 1474 tacto
399 1426 430 1474 ab
448 1441 501 1473 aare
519 1433 573 1473 eta
623 1425 663 1473 nbi
678 1433 703 1472 et
714 1442 782 1474 suam
797 1435 821 1474 et
837 1426 917 1475 Procli
928 1427 1068 1476 sententiam
1085 1428 1120 1477 ai·

151 1495 257 1546 Medusa
268 1498 346 1564 eapite
357 1499 493 1548 durescunt.
525 1499 573 1548 Sed
598 1499 601 1504 '
622 1499 676 1547 fert.
708 1501 745 1548 Ex
756 1499 880 1548 Pausaniae
890 1501 1009 1565 opinione,
1020 1503 1124 1551 Medusa

151 1585 174 1618 us
195 1587 248 1635 qua
270 1573 299 1621 de
321 1573 461 1621 curaliorum
485 1580 572 1622 natura
622 1573 668 1621 suit
681 1574 764 1638 regina
778 1575 1075 1640 eorum.populorum‚qui
1091 1576 1123 1626 ad

151 1652 234 1702 antur,
247 1647 328 1711 mytho
343 1647 520 1696 accommodare
531 1664 571 1696 vo·
623 1647 701 1695 lacum
719 1648 864 1696 Tritonidem
885 1647 910 1697 in
927 1649 1011 1698 Africa
1028 1649 1123 1700 habita·

151 1718 190 1767 De
209 1719 238 1768 iis
257 1721 328 1769 etiam
347 1722 411 1769 Plin.
430 1722 494 1770 Hist.
513 1723 571 1771 Nat.
620 1721 688 1769 bant.
714 1723 783 1769 Ausa
792 1721 897 1770 illacnm
908 1722 1136 1791 Perseocongredi„

151 1791 180 1841 [Ι.
196 1793 221 1842 ii.
241 1796 284 1842 ll:
313 1797 392 1844 Bococ
410 1799 513 1845 candida
530 1799 571 1845 sah
621 1795 731 1843 victaest
746 1805 770 1843 et
783 1795 909 1843 trucidata.
936 1797 1036 1845 Perseus
1047 1797 1123 1846 admi·

151 1877 165 1915 rt
175 1871 266 1919 motas:
283 1882 385 1932 erumpas
397 1872 512 1935 corffestim
527 1875 570 1920 du·
621 1877 686 1917 ratus
699 1869 750 1934 ejus
764 1869 872 1925 sormam,
884 1879 957 1934 caput
974 1870 1025 1935 ejus
1039 1886 1123 1936 ampu-

151 1951 191 1990 ·et
200 1947 331 1992 rubescunt.
348 1946 432 2001 Aiunt,
445 1953 510 1994 tacta
520 1963 571 2007 pro·
622 1943 689 2000 tavit,
696 1953 768 2008 atque
779 1959 861 1992 secum
872 1944 896 1990 in
905 1943 1024 1992 Graeciam
1032 1945 1122 1999 attulit.
1225 1954 1228 1961 '

151 2016 290 2079 hpidescere.
326 2019 414 2067 Verum
425 2019 476 2066 haec
488 2028 573 2068 natura
622 2017 664 2065 ubi
681 2018 798 2083 sepultum
817 2027 861 2066 est.
880 2016 1007 2074 Diodorus,
1026 2018 1071 2066 lib.
1087 2019 1121 2068 iv.

151 2089 259 2146 itantum
271 2102 315 2149 est,
325 2110 371 2141 non
383 2093 485 2142 interiori
500 2094 570 2158 parti,
622 2098 712 2148 censet,
722 2091 795 2141 luisse
805 2093 929 2155 Gorgones
939 2091 1039 2140 seminas
1052 2092 1123 2141 belli-

151 2180 188 2213 um
197 2168 245 2215 sub.
254 2183 317 2230 aqua
325 2167 384 2215 dura
392 2167 512 2232 reperitur.
533 2168 571 2216 Vi·
622 2182 689 2214 cosas
698 2165 723 2214 ia
733 2166 824 2223 Africa,
836 2165 1037 2230 quemadmodum
1047 2162 1125 2215 Ama-'

152 2255 192 2304 .q.
202 2244 277 2306 virgo.
294 2240 454 2308 Claudianx.
464 2243 511 2290 169
518 2259 569 2306 sq.:
623 2257 691 2289 zones
707 2241 733 2288 in
747 2240 862 2305 Scythia;
880 2257 920 2289 eas
935 2256 986 2289 esse
1004 2255 1019 2288 a
1036 2241 1123 2290 Perseo

151 2335 153 2357 ι
169 2324 229 2370 erat,
246 2317 299 2362 dnm
315 2325 398 2378 stagno
411 2318 478 2364 subit.
503 2316 570 2362 Pro-
622 2315 763 2364 debellatas.
784 2313 866 2361 Aliam
875 2313 1008 2378 opinionem
1018 2315 1122 2379 amplec-

151 2391 257 2436 tendis:
272 2407 358 2455 guamo
367 2390 433 2454 sitit.
467 2390 531 2438 Hine
543 2393 571 2439 li·
621 2388 678 2437 titur
689 2389 796 2454 Palaeph.
805 2391 846 2437 32.
854 2389 926 2437 aliam
933 2388 1123 2446 etiam'Proelus,

151 2471 181 2510 tta
199 2462 272 2512 dieta.
311 2464 390 2512 Hodie
411 2464 501 2512 curalia
520 2465 571 2513 ani·
622 2461 693 2510 aliam
715 2479 794 2510 rursus
815 2462 952 2526 Didymus3
979 2461 1021 2510 sed
1039 2477 1123 2510 omnes

152 2534 182 2585 lis
199 2537 312 2601 originem
331 2538 418 2587 debere
436 2538 571 2597 creduntur,
621 2553 671 2584 rem
682 2536 818 2602 conjectura
827 2536 921 2600 assequi
931 2543 1054 2584 conantur.
1078 2536 1121 2584 Sa-

151 2625 210 2673 nam
227 2627 279 2658 eam
295 2611 430 2676 opinionem
448 2611 572 2677 impugnat
622 2626 663 2659 cra
672 2612 729 2660 fecit
738 2619 833 2677 propter
842 2610 974 2667 victoriam,
984 2626 1122 2676 quanquam

151 2700 198 2741 ms,
210 2701 280 2750 quem
291 2685 499 2738 videadLinnaei
515 2688 571 2752 Sys·
622 2692 646 2732 et
667 2685 762 2750 nuptias
779 2685 823 2733 illa
843 2685 983 2733 antecedere
1003 2685 1122 2734 solebant.

151 2758 253 2823 Naturae,
265 2767 321 2806 tom.
332 2759 363 2807 vi.
374 2776 399 2823 p.
411 2761 459 2808 643
470 2777 523 2825 sqq.
621 2759 689 2808 Fecit
696 2767 776 2808 autem
787 2759 897 2807 Minerua
903 2766 928 2807 et
937 2759 1062 2816 Mercurio,
1070 2761 1122 2825 qui-

151 2833 255 2880 '—802..
266 2834 365 2886 Medusa
379 2834 483 2896 capnt}
506 2835 572 2883 Inter
621 2833 665 2881 bus
684 2832 770 2880 eximie
787 2848 865 2889 carus,
877 2839 901 2880 et
919 2831 1033 2897 aquibus
1054 2833 1122 2899 adju·

151 2923 158 2954 ι
173 2907 274 2954 Perseus
289 2907 339 2972 ipse
354 2915 441 2965 narrat,
456 2923 504 2972 qua
521 2918 571 2957 arte
621 2915 659 2955 tus
676 2906 701 2954 in
718 2905 869 2972 expeditione
886 2917 969 2956 contra
985 2907 1123 2967 Medusam,

151 2997 183 3030 aar
201 2991 273 3046 caput
291 2981 423 3031 abstulerit.
457 2985 500 3031 Est
520 2983 571 3032 haec
621 2980 686 3045 quod
696 2979 782 3045 reliqui
797 2979 897 3044 mythici
914 2979 1001 3030 diserte
1016 2981 1124 3032 traduat.

151 3074 156 3102 i
169 3071 219 3104 una
235 3071 264 3103 ex
282 3055 458 3120 antiquissimis,
470 3073 542 3120 quam
558 3073 573 3106 a
623 3056 774 3112 Fumantes.
794 3097 797 3102 .
810 3055 896 3103 Denter
906 3055 973 3104 focas
983 3053 1124 3120 assignatur

151 3127 234 3186 icibus,
254 3129 295 3193 qui
315 3129 423 3178 Africam
444 3138 573 3179 extremam
622 3131 753 3181 Minervae..
779 3131 816 3178 Ea
826 3129 890 3189 enim
905 3128 961 3179 Jovi
972 3146 1021 3195 prae
1032 3131 1125 3180 caeteris

151 3209 188 3259 nt,
199 3202 347 3251 hauddubie
358 3211 481 3267 acceptam
494 3204 573 3253 Graeci
623 3205 703 3253 liberis
720 3220 784 3262 cara,
801 3220 905 3253 summos
924 3204 1025 3253 honores
1042 3220 1124 3254 conse·

151 3276 234 3324 ‚rebus
244 3275 401 3325 inseruerunt.
430 3278 573 3327 Narraverat
623 3287 699 3344 quuta
716 3291 753 3328 est
762 3297 769 3339 ;
784 3280 865 3343 ,eique
884 3279 957 3328 etiam
976 3279 1022 3327 hoc
1041 3279 1123 3329 datum

151 3350 310 3416 Pherecydes3
339 3359 482 3410 tractaverat
500 3353 573 3402 etiam
624 3363 682 3411 erat,
693 3361 720 3402 ut
730 3369 822 3417 semper
833 3353 864 3401 ad
875 3351 983 3400 dextram
997 3352 1071 3417 patris
1086 3368 1123 3402 se·

151 3423 202 3488 yles
212 3422 237 3471 in
253 3424 380 3488 tragoedia.
389 3426 520 3482 Phorcidas,
531 3427 573 3490 qui
623 3427 696 3482 deret,
706 3441 750 3474 nec
762 3441 867 3489 unquam
876 3441 891 3473 a
900 3426 975 3473 latere
986 3425 1038 3489 ejus
1046 3425 1122 3474 disce-

154 3495 180 3547 in
190 3499 310 3547 Prometh.
321 3501 368 3547 798
377 3515 429 3564 sqq.
441 3499 471 3548 de
482 3500 573 3564 Gorgo·
623 3499 697 3549 deret.
708 3500 792 3548 Horat.
801 3499 822 3546 I.
832 3497 881 3546 0d.
889 3499 931 3547 xii.
942 3501 973 3546 9:
984 3498 1039 3546 vide
1047 3500 1123 3563 Span-

163 3586 293 3637 earumque
318 3573 435 3621 sororibus
460 3574 574 3623 nonnulla
622 3575 687 3622 hem.
709 3573 740 3622 ad
761 3571 944 3628 Callimachum,
965 3570 1124 3634 h.-Apollod.

151 3680 153 3694 .
178 3645 229 3694 Nos
240 3662 292 3694 eam
304 3646 424 3697 haurimus
433 3662 462 3695 ex
473 3647 573 3696 Hesiodi
623 3664 670 3696 ver.
680 3649 720 3696 29.
728 3655 753 3696 et
764 3646 1036 3695 Lavac.Pal.ver.132.
1058 3647 1123 3694 Ean-

151 3721 570 3786 '0—28535cut.11ereu1.216sqq.;
621 3721 676 3770 dem
686 3721 758 3785 igitur
773 3718 913 3784 dignitatem
923 3719 946 3767 ei
957 3728 1124 3769 concesserunt

151 3793 192 3844 ah.
202 3796 243 3843 22.
253 3811 325 3858 quem
343 3795 463 3843 transtulit
482 3796 571 3860 Hygia.
622 3805 646 3845 et
659 3805 736 3862 poeta
750 3804 774 3843 et
792 3794 911 3854 artifices3
930 3809 1033 3858 namque
1050 3793 1123 3842 etiam

152 3867 179 3918 ii.
192 3870 221 3916 12
231 3887 238 3928 ;
249 3868 359 3933 Apollon.
367 3869 402 3916 ΙΙ.
412 3869 443 3917 ἰν.
452 3871 482 3929 23
493 3869 572 3917 Schol.
622 3871 647 3918 in
658 3871 760 3919 nummis
769 3868 851 3916 multis
860 3867 915 3917 Jovi
929 3866 1068 3933 σύνθρονος
1081 3884 1124 3917 ex-

151 3957 186 3991 m.
201 3942 234 3992 iv.
248 3945 326 4004 15153
349 3943 439 4008 Orphei
455 3959 527 3991 carm.
542 3943 572 3991 de
622 3944 724 3992 hibetur.
759 3941 852 4007 Cuique
869 3941 922 3990 Deo
937 3949 1008 3990 certa
1019 3941 1122 3991 victimae

151 4050 156 4065 .
167 4033 207 4066 xv.
216 4019 249 4066 30
256 4034 309 4082 sqq.
330 4017 439 4066 Studiose
448 4017 573 4083 scriptores
623 4029 690 4066 erant
705 4017 838 4071 resanata,
849 4023 874 4063 et
885 4015 1024 4072 cavebatur,
1036 4031 1066 4063 ne
1076 4016 1123 4063 ali-

151 4093 343 4158 squaesiverunt,
355 4093 413 4158 quid
424 4093 473 4141 veri
488 4093 532 4141 sub
543 4108 573 4141 ea
622 4109 665 4139 ena
673 4093 744 4140 hosio
754 4089 807 4157 quis
814 4090 958 4155 placaretur.
975 4089 1039 4138 Plin.
1049 4089 1082 4138 H.
1089 4089 1123 4138 N.

154 4183 161 4214 r
177 4166 228 4216 uid.
244 4167 348 4217 Pausan.
363 4166 471 4215 Corinth.
482 4185 507 4233 p.
519 4168 573 4215 159.
623 4165 672 4214 viii.
683 4169 724 4215 45.
