2812 5010
388 326 859 399 METAMORPHOSEON
883 328 973 400 LIB.
999 336 1027 400 I.
1187 335 1238 404 77

134 602 137 607 ¹
186 504 337 603 Perque
351 506 507 593 hiemes,
521 517 727 604 astusque,
742 516 781 582 et
795 507 1000 606 inaequales
1015 521 1228 600 autumnus,
1324 576 1328 585 .

186 620 236 694 Et
253 621 368 697 breve
384 647 461 708 ver,
481 621 614 720 spatiis
633 623 761 719 exegit
780 635 941 720 quatuor
959 650 1109 701 annum.

183 735 282 810 Tum
299 739 461 836 primum
480 737 592 812 siccis
609 758 674 810 aer
690 737 897 812 fervoribus
914 750 1023 814 ustus

185 851 373 944 Canduit3
395 865 434 928 et
447 855 569 930 ventis
583 852 722 950 glacies
738 855 921 929 adstricta
933 857 1125 955 pependit.
1158 862 1229 931 120

179 968 280 1043 Tum
295 971 457 1068 primum
467 971 617 1045 subiere
627 969 777 1044 domos:
798 970 932 1044 domus
945 983 1051 1045 antra
1062 973 1226 1061 fuerunt,

182 1083 234 1158 Et
251 1087 360 1160 densi
377 1087 542 1174 frutices
562 1096 602 1160 et
618 1086 753 1159 vinctae
771 1087 911 1160 cortice
928 1087 1053 1184 virgae.

184 1200 340 1276 Semina
356 1213 436 1277 tum
455 1204 616 1302 primurn
634 1201 756 1299 longis
772 1202 946 1278 Cerealia
963 1206 1077 1278 sulcis

177 1316 329 1392 Obruta
347 1328 447 1407 sunt,
466 1318 664 1418 pressique
678 1319 771 1415 jugo
791 1344 967 1416 gemuere
981 1321 1146 1418 juvenci.

227 1434 358 1508 Tertia
374 1446 460 1534 post
477 1437 560 1511 illas
579 1435 762 1508 successit
779 1435 963 1508 Anauon
985 1440 1121 1535 proles,
1153 1441 1223 1511 125

185 1548 327 1624 Saevior
345 1551 518 1649 ingeniis,
539 1563 578 1626 et
596 1550 643 1624 ad
660 1548 811 1623 horrida
827 1551 1009 1650 promtior
1026 1576 1150 1641 arma3

214 1735 270 1783 117.
300 1735 445 1800 inequales]
477 1737 537 1786 Mox
563 1737 680 1794 humidos,
730 1734 768 1783 le.
777 1735 815 1783 Cf.
830 1737 927 1785 Faberi.
936 1735 1140 1800 Arcbaeologiae,t.
1148 1737 1165 1786 i.
1174 1753 1198 1802 p.
1206 1738 1236 1786 9:

178 1823 235 1857 mox
252 1808 329 1858 siccos
338 1828 345 1870 ;
362 1811 486 1860 calidiores
503 1811 629 1868 interdum,
640 1812 680 1861 fri·
730 1809 811 1858 datiis
827 1827 868 1876 pro
882 1810 973 1860 aedibus
989 1810 1060 1859 etiarn
1076 1809 1146 1860 hodie
1159 1820 1231 1860 utun·

179 1880 380 1946 gidioresrursus.
405 1885 507 1933 laamas
517 1885 578 1934 tales
588 1901 680 1935 menses
729 1890 768 1931 tur
778 1883 870 1933 Arabes
879 1884 957 1933 multi.
990 1885 1021 1932 Et
1032 1884 1056 1932 in
1072 1884 1231 1935 aliiscalidio·

178 1954 240 2005 dixit
251 1957 320 2022 Virg.
331 1959 419 2024 Georg.
429 1959 446 2008 i.
457 1961 496 2009 45.
729 1957 793 2007 ribus
803 1958 878 2017 terris,
889 1968 954 2010 tecta
963 1960 1008 2008 sibi
1022 1967 1107 2025 parant
1119 1976 1148 2008 ex
1159 1960 1230 2009 ramis
1246 1997 1248 2002 ,

215 2032 272 2080 118.
297 2032 391 2096 Breve]
416 2035 479 2083 Cum
499 2034 602 2092 delectu,
623 2032 680 2099 quia
729 2033 845 2082 arborum.

178 2112 253 2154 antea
266 2114 384 2154 aternam.
419 2108 510 2173 Exegit,
521 2108 583 2173 exigi
594 2109 679 2158 voluit.
765 2109 819 2156 122.
847 2107 955 2171 Cortice]
983 2107 1071 2165 Cortex,
1090 2107 1230 2173 intelligitur

180 2178 280 2245 Erigere
290 2188 371 2229 autem
381 2187 482 2247 tempus,
494 2190 530 2230 est
545 2198 623 2246 agere,
637 2181 680 2231 de·
730 2188 809 2231 cortex
829 2181 930 2238 interior,
951 2180 1025 2230 liber:
1042 2185 1124 2230 virrcte
1148 2183 1232 2232 cortice

178 2268 245 2318 gere,
264 2260 292 2303 ut
309 2254 398 2304 centies
416 2271 455 2321 ap.
472 2257 524 2305 cie.
534 2257 603 2321 Virg.
617 2256 681 2307 Plin.
730 2259 807 2320 virga,
816 2263 902 2311 crates,
913 2271 926 2303 e
938 2255 1025 2319 quibus
1035 2255 1091 2303 olim
1102 2255 1148 2304 sibi
1158 2272 1229 2322 para·

178 2334 205 2375 et
215 2326 282 2376 alios.
316 2326 364 2376 Sed
375 2329 507 2378 Burmann.
519 2331 601 2379 aliter:
619 2347 682 2380 exae·
730 2336 785 2378 runt
802 2326 909 2378 homines
926 2327 1041 2377 aedificia:
1060 2331 1115 2378 Sen.
1126 2332 1171 2394 Ep.
1182 2330 1228 2379 90:
1251 2373 1253 2378 .

178 2402 272 2466 querit,
280 2412 309 2452 ut
320 2402 346 2452 in
361 2405 459 2453 trutina.
491 2406 592 2454 Lenzius
606 2405 682 2471 expli·
731 2407 852 2467 quamlibet
876 2407 978 2468 virgeam
998 2413 1083 2451 cratem
1109 2413 1231 2454 terruerant

177 2483 233 2524 cat:
251 2475 346 2543 Jupiter
356 2478 479 2542 antiquum
491 2493 531 2527 ver
540 2479 647 2528 extendit
657 2480 682 2529 in
731 2495 809 2526 marra.

178 2558 457 2617 quatuortempestates.
474 2553 610 2602 Nonbene.
625 2554 682 2604 Non
766 2555 820 2602 123.
844 2553 929 2617 Longis
947 2552 994 2600 rim
1014 2550 1127 2616 pingendi
1148 2550 1230 2600 habet.

177 2623 244 2672 euim
261 2641 310 2681 ver,
320 2625 362 2673 sed
377 2643 465 2674 narrem
478 2629 572 2691 exegisse
586 2625 681 2685 dicitur,
733 2629 816 2682 Pressi,
831 2625 930 2675 onerati.
948 2626 987 2674 cf.
1003 2625 1090 2689 Virgil.
1109 2626 1197 2689 Georg.
1214 2623 1231 2675 i.

175 2713 257 2765 neque
284 2703 373 2766 erigere
399 2700 526 2751 extendere
552 2701 679 2766 significat.
731 2704 775 2752 45:
794 2699 846 2750 Cic.
856 2700 888 2750 N.
896 2700 929 2750 D.
941 2698 967 2746 ii.
979 2700 1020 2747 63.
1209 2714 1211 2719 ’

176 2773 269 2834 Spatia,
297 2781 412 2840 tempora.
454 2775 564 2824 Suaviter
589 2792 681 2826 annuas
765 2777 821 2825 125.
833 2776 911 2823 Tertia
919 2783 968 2837 post
979 2773 1052 2835 illas]
1069 2772 1099 2820 In
1108 2771 1153 2820 hac
1161 2777 1232 2822 atate

176 2844 357 2896 vicissitudines
367 2847 487 2897 describit
498 2866 537 2899 xv.
548 2852 594 2899 201
607 2868 660 2917 sqq.
728 2852 793 2918 justo
801 2848 894 2899 brevior
902 2857 945 2906 est,
952 2848 1087 2914 pendetque
1095 2848 1125 2895 ab
1132 2846 1233 2896 Hesiod

213 2921 268 2970 119.
281 2921 340 2970 Tam
346 2925 446 2989 pya'mam
454 2924 539 2987 circu]
557 2926 681 2977 Summum
730 2942 780 2974 ver.
793 2926 839 2973 144
850 2940 903 2989 sqq.
935 2924 993 2971 Erat
1003 2922 1047 2970 hoc
1059 2921 1180 2970 bominum
1191 2936 1232 2985 ge·

177 3001 263 3043 aestnm
291 2995 412 3044 describit.
456 2998 504 3047 Sed
529 2999 682 3063 cogitandum
731 2999 910 3066 ηυεέκμελιᾶν
922 2996 1002 3048 δεινόν
1012 3015 1038 3046 τε
1048 2997 1090 3045 rai
1099 2994 1230 3061 ὄμβριμον,
1261 3029 1264 3034 -

176 3067 681 3137 estvixissepoetamsubcalidioreltalire
732 3077 801 3124 hastis
828 3076 930 3123 terribile
956 3082 978 3121 et
1004 3067 1115 3127 validum,
1136 3070 1233 3119 amabat

177 3141 249 3191 coelo.
331 3202 334 3207 1
731 3148 819 3197 Martis
828 3164 900 3215 opera
910 3147 1061 3210 habebatque
1073 3144 1169 3209 χάλκεα
1179 3144 1232 3194 rari·

213 3218 268 3267 120.
287 3217 411 3282 canduit]
430 3220 522 3269 Candor
532 3221 588 3270 solis
599 3221 633 3271 ita
644 3238 683 3289 ap.
732 3242 787 3289 χεα,
798 3240 859 3273 enea
870 3239 942 3278 ama,
954 3236 1028 3286 quum
1038 3220 1131 3284 nigrum
1145 3221 1231 3269 serrum

177 3290 336 3341 Claudiani.
348 3296 405 3344 219.
416 3303 440 3343 et
450 3297 682 3362 incandescereVirg.
732 3298 836 3347 nondum
856 3298 979 3345 inventum
999 3303 1068 3344 esset.
1101 3294 1140 3342 cf.
1160 3293 1232 3342 Arat.

178 3365 267 3430 Georg.
288 3366 323 3414 iii.
345 3369 401 3417 479.
422 3369 485 3418 Plin.
506 3371 568 3420 Pan.
586 3389 642 3434 ως.
659 3373 683 3422 3.
733 3372 882 3421 Phaen.130.
914 3372 977 3436 Ergo
992 3378 1016 3419 et
1031 3384 1094 3418 nunc
1110 3372 1234 3417 raevbrest

177 3440 271 3489 Hiemis
282 3441 368 3506 frigore
385 3446 566 3510 adstringuntur
575 3463 680 3512 corpora,
730 3447 837 3504 ferocior,
850 3447 961 3496 audacior
970 3447 996 3494 in
1003 3445 1076 3494 bello.

176 3532 232 3564 vere
242 3524 323 3567 autem
333 3518 477 3568 adventante
486 3521 617 3580 salvantem
628 3521 679 3571 rid.
764 3522 818 3570 126.
836 3519 940 3582 Sueba]
958 3518 1073 3575 Ferocior,
1086 3517 1198 3566 audacior
1208 3516 1233 3564 in

176 3589 263 3638 Horat.
278 3591 301 3638 I.
315 3590 363 3641 Od.
376 3591 410 3641 iv.
424 3595 447 3641 1.
481 3594 581 3651 Glacies,
598 3594 677 3644 stiria:
729 3596 800 3645 bello.
828 3593 925 3643 Hesiod.
935 3592 1007 3658 Ἐργ.
1021 3593 1075 3649 145,
1085 3609 1149 3638 arma
1165 3588 1232 3639 inve-

178 3665 293 3714 adrtricta
316 3669 423 3729 pependit
442 3676 550 3725 venuste,
571 3685 613 3734 pro
638 3669 679 3718 ad·
730 3670 765 3718 nit
776 3670 821 3718 boc
831 3685 906 3734 genus
916 3668 1045 3716 hominurn.
1068 3665 1233 3714 AratPhaen.

175 3736 261 3786 stricta
271 3745 317 3787 est.
349 3735 428 3790 Etiam
439 3741 488 3791 ΙΙΙ.
497 3741 569 3791 Trist.
586 3744 624 3791 10.
639 3745 679 3792 21.
731 3747 785 3801 130,
797 3742 822 3791 in
833 3759 950 3792 armorum
965 3751 1085 3790 auctorem
1093 3739 1232 3804 gravissime

174 3813 276 3874 pendens
290 3813 383 3876 glacies.
415 3814 464 3864 Sed
474 3817 549 3865 multo
559 3817 680 3866 venustius
729 3817 856 3867 invehitur.
891 3817 980 3865 Tibull.
993 3815 1015 3864 1.
1025 3814 1060 3863 iii.
1071 3816 1101 3862 47
1113 3830 1167 3879 seq.
1180 3815 1233 3863 hor·

176 3885 265 3951 Virgil.
276 3885 487 3952 Georgium:
506 3891 622 3954 stiriaque
636 3895 680 3940 im·
730 3896 790 3950 ride,
805 3909 877 3942 saeva.
911 3891 1022 3939 Horrida.
1048 3889 1177 3938 Horridum
1195 3904 1233 3938 so-

173 3961 239 4020 peais
249 3963 360 4010 induruit
369 3964 462 4013 horrida
474 3967 555 4019 barbis.
729 3969 808 4017 lemae
820 3966 942 4031 epitheton
952 3980 1077 4020 armorum,
1088 3962 1231 4030 praeliorum,

213 4032 268 4083 121.
279 4034 475 4103 Subimdomos]
489 4041 570 4098 Quum
578 4048 648 4089 antea
656 4041 682 4089 in
730 4042 854 4097 bellorum,
873 4048 1010 4089 castrorum.
1043 4037 1111 4088 Arat.
1133 4039 1232 4104 κακόφ-

176 4107 243 4172 agris
260 4116 285 4157 et
303 4109 370 4159 silvis
386 4112 535 4163 habitassent
552 4114 596 4178 (A.
606 4116 638 4165 A.
656 4115 682 4166 ii.
732 4135 780 4183 γον
790 4114 927 4182 μάχαιραν.
962 4112 1063 4163 Lenzius
1074 4129 1128 4163 vern
1139 4115 1233 4161 harada

177 4181 288 4306 ”ibit
298 4183 370 4308 eltqalim
385 4187 455 4238 hodie
468 4189 604 4240 Caliioruira
616 4192 682 4240 inco·
732 4193 898 4256 interpretatur
915 4187 1042 4246 horrentia,
1061 4189 1150 4245 hastas,
1168 4202 1233 4236 erec-

286 4293 292 4306 .
350 4294 356 4308 .
830 4265 854 4311 D
