2812 5010
258 329 844 420 Muranonpflosnoutpru.
869 331 912 398 V.
1045 333 1114 398 349

53 502 134 579 ‘Vel
152 529 220 579 nos
240 503 425 579 Emathiis
443 505 493 579 ad
510 504 670 580 Paeonas
686 530 807 605 usque
826 506 975 580 nivosos

63 619 256 695 Cedamus
270 621 436 722 campis:
462 623 641 698 dirimant
657 623 862 698 certamina
880 621 1109 722 Nymphae.’'

60 735 187 837 Turpe
204 737 359 837 quidem
377 740 606 813 contendere
624 750 724 829 erat3
750 740 818 813 sed
837 740 971 814 cedere
988 740 1111 814 visum

61 850 247 952 Turpius:
268 856 398 930 electae
412 857 541 952 jurant
558 880 625 955 per
642 855 797 929 flumina
811 854 1014 955 Nymphae,
1034 859 1108 930 316

61 968 257 1068 Factaque
274 970 322 1046 de
339 971 422 1044 vivo
439 973 611 1069 pressere
628 971 762 1046 sedilia
778 995 884 1045 saxo.
906 1002 907 1005 ¹
1021 976 1108 1059 [est,

61 1083 182 1173 Tunc,
211 1086 291 1161 sine
318 1097 418 1162 sorte
444 1087 556 1185 prior,
584 1111 671 1186 quae
698 1112 739 1162 se
769 1098 913 1162 certare
940 1087 1110 1185 professa

64 1200 173 1276 Bella
184 1203 289 1277 canit
304 1203 513 1302 Superum3
534 1203 705 1303 salsoque
718 1205 756 1277 in
771 1204 911 1278 honore
923 1202 1107 1300 Gigantas

62 1315 189 1408 Ponit,
209 1328 248 1394 et
265 1331 447 1395 extenuat
462 1344 689 1417 magnorumv
700 1321 801 1395 facta
818 1319 1006 1409 Deorum,
1033 1323 1108 1392 320

62 1433 332 1533 Emissumque
349 1436 425 1511 ima
441 1437 490 1512 de
508 1438 599 1512 sede
616 1437 800 1537 Typhoea
815 1447 924 1510 terrae

63 1550 261 1626 Caelitibus
279 1551 414 1627 fecisse
431 1562 595 1643 metum;
624 1562 858 1650 cunctosque
876 1550 1027 1625 dedisse

59 1665 185 1765 Terga
201 1667 321 1766 fugae3
349 1671 470 1745 donec
487 1669 607 1745 fessos
625 1670 806 1768 AEgyptia
821 1669 934 1742 tellus

62 1782 230 1882 Ceperit,
250 1795 289 1858 et
307 1798 454 1885 septem
472 1787 657 1862 discretus
675 1787 714 1860 in
730 1785 834 1867 ostia.
846 1785 970 1859 Nilus.
1025 1847 1026 1851 ,

61 1897 150 1974 Huc
164 1925 317 2000 quoque
332 1904 558 2003 terrigenam
571 1903 719 1979 venisse
733 1902 916 2001 Typhoea
933 1911 1069 2008 narrat,

60 2100 214 2154 Macedonia.
231 2105 320 2157 Justin.
330 2105 373 2155 vii.
390 2109 412 2156 1.
444 2106 503 2175 Ejus
515 2124 557 2173 op·

58 2175 144 2240 pidum
155 2177 232 2236 Pelia,
249 2179 327 2244 patria
342 2179 480 2230 Pieridum.
499 2182 557 2230 Par-

59 2258 109 2298 tem
118 2251 269 2302 Macedoniae
285 2255 495 2319 septentrionalem
506 2257 557 2305 Pc-

59 2327 113 2372 οιιιά
129 2328 269 2392 protegebat
282 2343 298 2376 a
312 2328 432 2379 Triballis.
448 2329 511 2379 Plin.
525 2330 557 2380 iv.

61 2400 101 2448 10.
136 2399 235 2458 Niceros,
245 2401 302 2466 quia
313 2402 405 2452 Grecis
418 2403 449 2452 ad
463 2413 557 2470 septen-

59 2473 170 2523 trionem.
209 2477 330 2525 Dirimant
350 2481 493 2536 certomiaa,·
516 2480 556 2542 ju·

58 2547 125 2597 dices
152 2548 252 2598 sedeant
278 2551 420 2601 certaminis.
458 2552 557 2603 Judices

58 2625 212 2688 eligebantur,
222 2624 332 2675 sedentes
342 2628 523 2691 cognoscebant,
532 2634 556 2675 et

50 2700 134 2760 jurati
155 2698 296 2755 sententiam
314 2699 436 2749 dicebant.
469 2701 556 2749 Sediiie

59 2772 111 2820 vino
126 2787 178 2820 acro
193 2772 266 2822 etiam
276 2775 333 2824 AEn.
344 2774 360 2823 i.
374 2774 428 2824 167.
445 2773 470 2823 in
484 2774 555 2825 domo

59 2845 236 2911 Nympharum.
493 2837 494 2847 ¹

91 2921 149 2970 313.
167 2921 240 2979 Tune,
251 2925 299 2972 sine
308 2932 374 2981 sorte,
385 2923 448 2987 eto]
466 2925 496 2974 In
505 2941 556 2974 cer·

56 2996 187 3046 taminibus
201 3007 260 3047 rorte
273 2998 412 3064 plerumque
426 3000 554 3050 constitue·

56 3070 136 3127 batur,
154 3078 207 3120 uter
222 3071 363 3121 certantium
378 3077 441 3135 prior
457 3073 554 3125 diceret.

56 3147 131 3195 Nunc
145 3161 193 3194 une
202 3145 325 3195 Pieridum
340 3146 393 3213 ipsa
404 3147 449 3197 hoc
460 3149 504 3197 sibi
515 3165 552 3198 ar-

56 3227 143 3284 rogat.
165 3220 266 3270 Ienzius
278 3237 334 3270 vero
349 3221 384 3270 sic
400 3221 554 3288 interpungit,

58 3304 123 3352 mac,
134 3297 185 3342 siue
198 3289 266 3352 irate,
279 3300 351 3358 prior,
365 3314 412 3360 quc
427 3315 457 3354 se,
467 3305 517 3348 etc.
528 3306 555 3347 ut

52 3372 120 3430 prior
144 3367 176 3417 sit
195 3377 253 3418 natu
281 3370 355 3435 major
380 3386 422 3420 seu
435 3371 554 3422 maxima.

55 3443 135 3509 Turpe
149 3452 229 3493 autern
248 3444 303 3494 Diis
321 3453 484 3510 argumentum
503 3456 554 3495 erat

55 3516 168 3566 carminis
178 3533 230 3582 seq.
265 3518 553 3577 Portunamnet-

55 3591 112 3641 dere
123 3592 272 3650 honoratum,
283 3594 492 3644 commemorandis
502 3595 553 3660 ejus

53 3666 190 3716 virtutibus.
223 3667 334 3716 Similiter
352 3686 435 3730 ponere
452 3673 478 3718 in
497 3687 551 3734 gra·

56 3744 98 3799 tic,
116 3739 170 3790 Cic.
187 3740 262 3812 ilitio.
273 3743 307 3793 V.
323 3742 357 3792 iii.
376 3745 421 3791 11:
440 3741 490 3792 vid.
509 3744 552 3792 Er·

54 3814 117 3864 nesti
128 3815 198 3866 Clau.
206 3815 261 3866 Cic.
272 3833 297 3866 v.
307 3819 395 3882 gratio.
423 3819 551 3875 Enteauat,

53 3889 182 3941 imminuit.

87 3964 146 4014 321.
169 3965 285 4028 Typhoeus
305 3973 349 4014 aut
371 3966 464 4030 Typhon
491 3968 552 4031 (Tu-

52 4038 141 4103 pone,
162 4036 263 4104 Τυφὼν)
286 4048 415 4088 monstrum
441 4040 553 4098 immane,

606 2107 657 2173 ipae
668 2108 757 2156 coelurn
765 2104 919 2172 oppugnavit,
923 2103 1041 2169 jactisque
1050 2117 1105 2151 cum
1125 2137 1127 2142 .

607 2181 677 2232 sibilo
687 2188 712 2230 et
720 2182 794 2231 boatu
805 2179 963 2229 candentibus
971 2177 1033 2226 saxis
1038 2177 1105 2225 Deos

607 2255 698 2305 terruit.
716 2254 817 2305 Hesiod.
828 2253 873 2302 Tb.
885 2255 933 2302 820
943 2268 1012 2316 sqq.;
1028 2248 1104 2315 Apol·

606 2329 658 2379 lod.
676 2331 700 2379 1.
716 2329 748 2379 vi.
763 2332 778 2378 3
787 2348 795 2390 ;
811 2330 903 2378 Anton.
920 2326 973 2375 Lib.
990 2324 1064 2374 xxviii
1079 2332 1105 2372 et

607 2403 665 2454 xlvii
671 2422 679 2465 ς
696 2403 775 2452 Schol.
784 2401 895 2466 AEschyli
906 2400 937 2448 ad
950 2401 1029 2447 Prom.
1040 2399 1086 2447 351
1096 2415 1104 2458 ;

607 2479 672 2544 Hyg.
683 2479 822 2541 fab.152et
834 2477 888 2526 196.
915 2475 936 2523 E
945 2471 1103 2537 descriptione

606 2552 706 2602 Hesiodi
719 2551 789 2600 facile
800 2557 908 2615 apparet,
919 2556 1001 2596 ventos
1010 2544 1112 2611 procel-⁴

605 2628 677 2685 losos,
694 2635 772 2677 motus
789 2635 857 2675 tertre
873 2625 1028 2686 flammasque
1046 2619 1104 2668 inde

605 2711 755 2768 erumpentes
766 2701 822 2750 huic
836 2699 926 2748 fictioni
937 2697 1050 2762 originem
1059 2693 1102 2744 de·

605 2778 676 2827 disse.
708 2778 776 2841 Fuga
792 2777 900 2824 Deorum
916 2781 1059 2822 mutatorum
1076 2769 1103 2818 in

606 2855 748 2917 AEgyptum,
769 2851 811 2898 ubi
830 2848 873 2897 Dii
891 2849 935 2896 sub
953 2844 1034 2894 formis
1051 2842 1103 2893 ani·

606 2924 723 2974 muntium
743 2924 890 2980 colebantur,
911 2920 993 2970 addita
1012 2927 1055 2975 est,
1074 2925 1103 2966 ut

607 2999 690 3064 religio
715 2998 861 3063 AEgyptiacs
886 2992 1103 3045 accommodaretur

609 3072 708 3120 Groecre.
740 3070 832 3119 Eadem
847 3069 919 3133 igitur
929 3068 1055 3116 tradebant
1064 3080 1104 3116 sa·

606 3146 713 3195 cerdotes
732 3144 851 3211 AEgyptii.
883 3142 1003 3209 Hyginus,
1023 3142 1053 3190 P.
1069 3139 1102 3191 A.

605 3221 681 3272 itae.
819 3234 821 3237 ·
894 3257 897 3267 .

613 3326 615 3331 ι
637 3299 694 3345 325.
704 3294 873 3362 Terrigeaum.]
892 3293 1005 3358 Γηγενής
1015 3289 1102 3339 dicitur

605 3373 678 3421 etiam
693 3371 818 3434 AEschylo.
842 3369 866 3417 A
880 3371 976 3419 Junone
991 3378 1101 3430 procrea·

603 3454 642 3494 tur
656 3446 682 3494 in
696 3445 721 3495 b.
739 3445 764 3493 in
780 3444 861 3510 Apoll.
873 3444 922 3492 306
937 3456 990 3506 sqq.
1005 3440 1046 3488 ubi
1061 3437 1101 3486 hic

603 3519 699 3583 mythus
711 3519 780 3567 aliter
791 3525 906 3566 narratur.
933 3513 982 3572 Qui
992 3513 1017 3561 in
1029 3511 1101 3561 aliam

602 3593 701 3642 formam
714 3600 845 3647 transeunt,
856 3605 885 3638 ea
898 3606 920 3637 se
933 3590 1007 3637 celare
1016 3585 1101 3636 dicun-

603 3675 648 3716 tur.
659 3666 693 3715 vi.
706 3667 761 3714 110.
777 3664 849 3714 etiam
865 3665 926 3720 abdi,
937 3670 972 3718 ut,
983 3662 1005 3711 I.
1015 3660 1101 3711 Amor.

603 3759 627 3791 x.
644 3744 668 3792 3.
682 3742 767 3804 plumis
783 3741 874 3787 abditas
894 3739 960 3785 albu.
1001 3735 1100 3783 Mentiri

603 3815 708 3880 aliquem
726 3813 848 3878 eleganter
871 3810 966 3869 dicitur,
985 3808 1027 3873 qui
1053 3808 1100 3858 lor·

602 3880 667 3942 mm
682 3888 735 3955 ejus
749 3887 835 3937 induit.
861 3886 925 3937 Vide
939 3887 998 3934 Intt.
1013 3883 1044 3932 ad
1054 3882 1100 3932 Sil.

602 3965 628 4014 ii.
640 3965 696 4014 637.
722 3965 928 4022 Queruntautem
935 3955 1101 4014 Grammatici,

603 4048 682 4088 utrum
692 4039 786 4086 mentiri
796 4036 867 4086 etiam
880 4051 917 4084 res
928 4033 1048 4090 dicantur,
1063 4040 1099 4081 at·

54 4111 119 4176 qaod
126 4112 205 4171 Terra,
212 4113 312 4163 devictis
323 4115 467 4179 Gigantibus
478 4115 554 4180 magis
603 4129 650 4178 que
668 4114 697 4162 τὸ
717 4114 826 4160 mentitus
844 4109 934 4174 ubique
952 4107 1029 4167 active
1049 4105 1099 4154 sive

53 4187 233 4311 exchrIbatIaI,Ie
246 4188 345 4238 Tartaro
361 4190 460 4254 peperit.
494 4192 553 4240 Iret
603 4187 747 4327 neutraliqu)
757 4185 921 4254 accipiendum
939 4183 978 4240 sit,
995 4197 1027 4233 au
1044 4195 1099 4245 pas·
