2812 5010
397 323 863 392 METAMORPHOSEON
887 323 977 389 LIB.
1003 325 1030 389 1.
1167 327 1229 390 125

183 497 286 572 Hine
304 497 498 573 dissuadet
515 523 635 573 amor:
665 500 784 573 victus
802 499 923 598 pudor
940 507 1041 572 esset
1058 521 1199 586 amore3

186 614 278 700 Sed,
296 614 428 688 levesi
447 638 581 688 munus
600 615 711 689 soeiae
729 614 953 713 generisque
971 614 1119 711 torique
1151 619 1225 687 620

183 728 313 803 Vacca
330 741 539 827 negaretur,
558 742 705 830 poterat
722 757 796 807 non
812 756 927 806 vacca
944 730 1073 804 videri.
1163 792 1165 796 ,

185 843 330 919 Pelliee
347 845 497 933 donata,
517 871 591 919 non
609 849 778 946 protinus
797 849 902 921 exuit
920 871 1068 920 omnem

186 960 284 1035 Diva
296 972 459 1053 metum;
481 962 682 1061 timuitque
695 965 719 1037 J
722 989 840 1051 ovem,
853 976 893 1038 et
907 963 980 1037 fuit
991 963 1103 1036 anxia
1117 963 1223 1050 furtu

186 1076 319 1152 Donec
347 1077 575 1152 Arestoridae
593 1081 813 1168 servandam
831 1079 986 1153 tradidit
1004 1078 1118 1173 Argo.

188 1193 352 1266 Centum
369 1192 572 1266 luminibus
591 1194 755 1269 cinctum
773 1204 888 1294 caput
902 1196 1025 1291 Argus
1039 1193 1222 1267 habebat:

185 1309 280 1383 Inde
298 1309 377 1382 suis
395 1309 537 1382 vicibus
556 1311 757 1409 capiebant
774 1313 864 1386 bina
881 1312 1066 1408 quietem:
1150 1315 1223 1384 626

187 1425 326 1498 Cetera
342 1425 552 1511 servabant,
574 1437 687 1523 atque
706 1427 743 1499 in
762 1428 923 1501 statione
941 1426 1155 1500 manebant.

187 1539 417 1614 Constiterat
432 1565 671 1640 quocumque
688 1545 812 1632 modo,
833 1544 1029 1642 spectabat
1046 1542 1093 1614 ad
1112 1541 1177 1615 lo:

187 1656 282 1730 Ante
300 1658 430 1729 oculos
449 1656 504 1743 Io,
524 1659 695 1755 quamvis
714 1684 877 1745 aversus
897 1659 1073 1732 habebat.
1090 1702 1095 1712 ·

187 1769 283 1845 Luee
297 1771 388 1843 sinit
399 1771 521 1869 pasci:
538 1798 655 1870 quum
672 1774 736 1847 Sol
746 1775 880 1848 tellure
894 1776 963 1848 sub
975 1775 1051 1846 alta
1061 1784 1130 1861 est,
1150 1775 1223 1844 630

211 2021 270 2068 623.
289 2021 366 2068 Aurio
372 2020 465 2086 furti]
485 2024 523 2071 Ne
538 2024 631 2089 Jupiter
646 2025 676 2074 ad
759 2026 896 2074 oto-626.
906 2023 1023 2086 Centum]
1033 2021 1136 2072 Omnino
1142 2020 1224 2068 multa.

185 2093 374 2143 cousuetudinem
383 2095 433 2161 ejus
443 2097 536 2145 rediret.
727 2101 835 2164 AEschyl.
841 2099 961 2147 Prometh.
967 2099 1023 2146 674.
1032 2096 1138 2153 πυκνοῖς
1144 2094 1225 2151 ὄσσοις

212 2168 269 2217 624.
289 2168 374 2232 Argu]
393 2170 431 2217 De
442 2171 512 2234 Argo,
523 2172 620 2236 ejusque
634 2189 676 2236 ge·
725 2172 848 2239 δεδορκώς,
858 2183 882 2222 et
892 2175 950 2222 571.
960 2173 973 2222 ὁ
983 2172 1108 2238 μυριωπὸς
1118 2168 1222 2232 dobree,

186 2241 288 2306 nealegia
298 2241 354 2290 vide
369 2243 479 2293 Eustath.
491 2244 522 2292 ad
536 2246 633 2294 Homer.
643 2247 675 2294 ΙΙ.
726 2248 790 2311 quod
810 2247 934 2295 Schutzius
955 2246 1043 2310 tropice
1067 2252 1135 2309 putat
1156 2257 1223 2307 posse

187 2321 211 2364 Β.
226 2333 251 2381 p.
269 2317 333 2376 1383
349 2316 428 2365 Schel.
441 2318 524 2381 Eurip.
539 2319 569 2367 ad
590 2320 676 2369 Phoen.
726 2324 801 2367 omnia
828 2322 978 2367 observantem
1004 2315 1144 2381 significare.
1183 2314 1223 2361 Ab

184 2404 225 2438 rer.
236 2391 309 2438 112³.
317 2388 400 2454 ibique
408 2391 636 2457 Vallsenar.Jupiter
646 2410 675 2442 ex
726 2393 807 2457 Eurip.
824 2389 994 2440 Phoen.'1120.
1009 2399 1033 2439 et
1050 2390 1103 2438 eliis
1119 2405 1154 2436 vr.
1174 2405 1223 2434 rra·

185 2464 256 2512 Niobe
273 2462 358 2526 genuit
367 2463 467 2528 Argum,
478 2466 545 2530 cujus
560 2482 675 2531 pronepos
725 2467 830 2525 νόπτης,
849 2467 886 2530 cuj
891 2483 917 2514 us
928 2464 1027 2513 nominis
1038 2479 1133 2513 eausam
1143 2461 1223 2509 Schol·

185 2538 284 2594 Arestor,
295 2544 364 2603 pater
373 2536 432 2601 Argi
449 2535 528 2587 nostri.
561 2539 675 2588 Acusilao
725 2540 798 2587 Hom.
816 2540 847 2587 Il.
868 2545 895 2588 B.
914 2541 967 2588 103.
985 2538 1063 2586 reddit
1079 2537 1148 2591 haue,
1166 2533 1221 2599 quia

184 2621 205 2660 et
219 2611 333 2675 AEscltyl.
348 2613 403 2660 570.
420 2620 471 2660 erat
488 2615 607 2677 γηγενὴς,
623 2613 641 2660 i.
653 2630 675 2662 e.
725 2611 788 2659 rard
800 2613 896 2669 παντὸς
915 2615 959 2660 τοῦ
978 2612 1091 2675 σώματος
1103 2609 1168 2672 εἶχεν
1182 2607 1222 2670 ὀφ-

184 2686 245 2749 eujus
267 2685 335 2748 origo
354 2684 443 2750 ignota.
472 2685 522 2733 Alii
545 2702 592 2734 non
612 2687 674 2734 hunc
726 2683 842 2748 θαλμούς.
860 2684 1014 2733 PlautoAul.
1024 2683 1112 2733 utu.
1123 2683 1221 2730 19.ocu-

184 2761 339 2815 centoculum,
360 2758 401 2807 sed
422 2759 494 2807 alium
515 2760 614 2824 Argum,
635 2760 676 2824 qui
727 2759 785 2806 lem:
802 2766 826 2807 et
841 2759 976 2807 Nemesion.
989 2760 1082 2823 Cyneg.
1094 2758 1133 2805 31.
1144 2757 1221 2804 stella-

184 2847 262 2881 navem
268 2831 473 2896 Argofabricavit,
482 2832 677 2882 Arestorisfilinm
728 2840 764 2879 tus
773 2834 843 2881 oculis
853 2843 925 2881 eustos
935 2836 1039 2898 virginis.
1063 2829 1221 2880 Vetustissimi

182 2907 282 2956 iaciunt:
307 2905 356 2955 vid.
374 2907 478 2955 Gronov.
495 2908 599 2956 Diatrib.
617 2909 677 2958 Stat.
725 2905 848 2972 scriptores
864 2908 886 2956 ei
904 2908 994 2956 dabant
1009 2914 1101 2956 tantum
1118 2914 1165 2953 tres
1182 2912 1223 2951 aut

182 2983 254 3030 diuet
271 2980 357 3028 Burm.
371 2979 442 3028 adit.
457 2981 476 3028 1.
511 2982 588 3045 Hujus
605 2981 675 3030 nostri
725 2990 826 3043 quatuor
836 2982 929 3030 oculos:
948 2982 995 3030 vid.
1006 2981 1062 3030 Seh.
1072 2979 1155 3044 Eurip.
1167 2978 1191 3025 d.
1202 2977 1221 3025 l.

181 3054 236 3118 Argi
250 3052 344 3118 effigies
359 3068 469 3117 expressa
484 3064 535 3102 erat
549 3053 574 3102 in
591 3056 675 3121 clypeo
723 3054 772 3102 Alii
784 3071 865 3104 omnes
874 3056 933 3119 Argi
945 3056 1035 3112 ocules,
1044 3054 1086 3103 alii
1097 3051 1222 3101 nonnullos

181 3126 386 3193 Hippomedontis,
392 3127 473 3192 Eurip.
483 3127 508 3176 d.
517 3129 535 3176 l.
545 3136 569 3176 et
579 3128 605 3176 in
615 3128 673 3193 pha·
722 3137 814 3177 tantum
822 3130 1023 3194 fecemntvigiles.
1040 3129 1123 3186 Quint.
1129 3128 1223 3189 Smyrn.

179 3210 236 3250 retra
251 3200 374 3258 Herculis,
383 3201 466 3258 Quint.
475 3202 568 3267 Smyrn.
580 3219 603 3250 x.
616 3205 670 3252 191.
721 3219 745 3250 1.
764 3205 822 3251 191:
842 3203 1003 3268 ὀφθαλμοῖσιν
1020 3200 1156 3267 ἅμοιβάδον
1174 3199 1221 3248 ὑπ-

179 3273 255 3338 Argus
270 3272 388 3322 universae
404 3273 486 3322 mundi
502 3275 617 3324 machina
635 3287 671 3340 ty·
721 3277 817 3326 νώεσκε.

179 3364 219 3412 pus
229 3356 275 3403 est,
287 3347 356 3412 eujus
368 3355 441 3412 caput
455 3348 511 3396 coeli
527 3365 575 3413 prae
587 3365 612 3398 se
628 3350 672 3398 lert
754 3353 810 3399 627.
829 3351 858 3398 Iu
870 3355 965 3399 statione
973 3353 1220 3410 manebant,tanquam

177 3420 313 3486 imaginem,
324 3420 389 3469 oculi
400 3421 530 3478 stellarum,
543 3438 595 3487 quae
611 3423 671 3472 inle-
722 3423 818 3472 milites.
851 3425 930 3472 Etiam
946 3428 992 3472 suis
1007 3425 1117 3471 vicibuse
1133 3437 1157 3468 re
1169 3433 1220 3466 cas-

177 3494 236 3552 tiora
251 3493 397 3560 despiciunt.
429 3497 457 3543 Io
473 3497 571 3560 ergo,si
588 3506 672 3546 terram
723 3498 794 3546 trensi
804 3498 913 3563 petitum,
924 3498 965 3546 ubi
976 3497 1062 3546 milites
1078 3499 1161 3545 omibus
1172 3500 1219 3541 sta-

177 3568 328 3634 capias,non
343 3567 537 3633 miuusabArgo
552 3579 672 3628 nocturno,
723 3574 797 3621 tiones
814 3581 839 3621 et
854 3573 901 3621 alia
915 3574 995 3620 munia
1005 3572 1101 3620 obeunt.
1135 3567 1220 3631 Virgil.

176 3641 268 3690 vicibus
289 3641 387 3690 alternis
411 3642 540 3707 respicitur,
561 3661 633 3709 quam
659 3663 673 3696 a
724 3647 820 3694 AEneid.
829 3646 863 3695 ix.
878 3647 931 3694 164.
943 3650 1035 3694 oemunt
1050 3647 1114 3700 vices,
1125 3649 1149 3691 et
1160 3641 1218 3688 222.

177 3715 285 3780 Cyclope
295 3715 419 3772 diurnum
428 3725 464 3765 est
472 3717 535 3767 Sole.
566 3717 674 3768 Siracea
723 3731 813 3768 servant
832 3724 896 3768 vices
930 3719 960 3767 lu
976 3722 1072 3767 statione
1088 3719 1217 3765 manebant.

175 3788 212 3845 sit,
228 3789 324 3838 Lunam
341 3798 484 3838 crescentem
501 3790 603 3840 referunt
620 3809 672 3841 eor·
724 3794 776 3841 Hoc
788 3801 831 3850 est,
843 3793 981 3857 vigilabant.
1012 3791 1143 3840 Translatio
1158 3799 1194 3839 est
1204 3805 1219 3836 a

176 3876 222 3911 uua
229 3880 237 3922 3
254 3869 380 3926 nuptaque
395 3871 431 3911 est
440 3863 528 3912 Osiridi
540 3867 607 3930 eujus
623 3882 672 3914 cor·
724 3866 838 3915 militibus
848 3875 949 3931 sumpta,
961 3865 1038 3930 quiin
1050 3864 1150 3914 statione
1162 3872 1218 3911 tune

176 3951 224 3984 nna
238 3935 312 4002 pleno
327 3937 383 3984 orbe
399 3937 507 3985 coeuntia
521 3939 599 3987 Solem
615 3940 674 3989 rele-

176 4018 236 4058 mnt.
271 4011 407 4075 Utrumque
422 4011 544 4061 numinum
560 4013 613 4062 loco
629 4016 672 4062 AE·

175 4083 279 4148 gyptios,
290 4085 384 4142 Persas,
395 4085 499 4150 aliosque
516 4088 615 4135 coluisse
633 4103 673 4135 no·

175 4165 225 4205 tum
235 4166 283 4207 est.

207 4232 285 4280 vol.
302 4231 352 4279 III.

724 3957 818 3989 manere
829 3941 946 3996 dicuntur,
959 3956 1031 4003 quum
1042 3940 1166 4004 diligenter
1176 3953 1216 3986 ex·

723 4015 805 4064 cubias
816 4022 896 4078 agunt.

756 4091 811 4138 630.
828 4091 883 4135 Alta
899 4090 953 4151 est]
973 4090 1030 4137 Erat
1046 4089 1123 4152 Argus
1142 4103 1217 4136 saevus

723 4174 810 4218 custos,
832 4165 936 4229 drparer
958 4165 1036 4228 ὀργὴν
1058 4163 1139 4210 AEsclt.
1162 4164 1218 4209 632.

821 4239 844 4285 Κ
