2812 5010
368 331 837 413 METAMORPHOSEON
860 332 952 399 LIB.
967 332 1030 399 VI.
1157 335 1222 403 425

172 505 196 578 J
199 506 328 581 ustitia
344 507 514 592 dubium,
532 505 714 582 validisne
732 507 920 605 potentior
937 508 1060 582 armis.

175 621 361 706 Quattuor
378 623 442 698 ille
460 624 613 722 quidem
633 626 804 721 juvenes,
823 625 1059 723 totidemque
1076 629 1225 702 crearat

174 738 362 815 Femineae
380 741 512 815 sortis:
542 743 609 815 sed
625 752 704 817 erat
721 765 789 839 par
806 741 924 815 forma
942 743 1114 830 duarum,
1149 749 1222 818 680

175 854 360 954 Equibus
379 858 546 931 AEolides
566 859 759 956 Cephalus
778 869 817 933 te
835 861 996 957 conjuge
1013 859 1116 947 felix,

174 972 318 1061 Procri,
329 974 420 1048 fuit:
442 974 575 1049 Boreae
589 974 730 1049 Tereus
750 975 992 1072 Thracesque
1012 978 1200 1051 nocebant
1211 1005 1221 1067 ;

176 1088 402 1187 Dilectaque
418 1090 483 1163 diu
502 1092 621 1165 caruit
640 1092 744 1166 Deus
765 1093 951 1190 Orithyia,

178 1204 280 1278 Dum
297 1216 416 1302 rogat,
431 1217 470 1280 et
485 1207 659 1305 precibus
678 1210 832 1296 mavult,
853 1233 967 1305 quam
984 1207 1136 1293 viribuS,
1156 1209 1223 1281 uti.
1279 1288 1281 1292 ,

176 1319 249 1394 Ast
266 1321 331 1394 ubi
346 1322 536 1396 blanditiis
556 1323 677 1418 agitur
695 1324 800 1410 nihil,
820 1324 990 1398 horridus
1009 1324 1075 1409 ira,
1150 1328 1223 1396 685

178 1435 273 1520 Quae
291 1438 401 1511 solita
418 1449 477 1511 est
494 1439 559 1524 illi,
578 1438 810 1537 nimiumque
829 1422 1048 1524 domestica,
1066 1449 1198 1524 vento;

178 1562 201 1589 “
222 1552 274 1626 Et
291 1554 460 1640 merito,'’
479 1554 587 1642 dixit,
609 1564 633 1593 “
653 1556 745 1653 quid
764 1556 862 1631 enim
881 1580 966 1630 mea
984 1557 1060 1629 tela
1077 1555 1223 1652 reliqui,

178 1813 208 1860 ab
231 1811 325 1862 homine
350 1813 381 1861 ad
403 1821 500 1861 ventum
525 1814 675 1864 transferunt.
725 1815 913 1880 conjuge,felic,·
941 1814 1021 1864 confer
1038 1814 1081 1864 vii.
1099 1816 1161 1864 696:
1184 1815 1228 1865 luit

179 1885 289 1934 Hermias
306 1902 361 1935 vero
388 1886 526 1936 Platonicus
547 1887 675 1936 Erechthei
726 1889 801 1937 veluti
839 1889 941 1937 formula
978 1889 1092 1938 solennis.
1147 1889 1230 1938 Tereus

177 1960 251 2008 liliam
262 1960 390 2025 Aquilonis
400 1961 489 2026 impetu
500 1978 529 2010 ex
539 1962 587 2011 alto
598 1963 676 2028 dejec-
728 1964 866 2026 Thracesque
886 1966 1011 2022 nocebunt,
1035 1963 1162 2012 crudelitas
1182 1963 1228 2011 Te·

178 2043 227 2084 tam
237 2036 333 2100 periisse
345 2035 428 2092 credit,
440 2044 464 2084 et
475 2036 531 2084 inde
542 2037 677 2094 lactum‚ut
727 2038 762 2085 rei
778 2053 806 2086 ac
817 2037 936 2084 Thracum
952 2039 1044 2094 Borea,
1056 2053 1086 2084 ne
1102 2037 1229 2102 Orithyian

176 2109 299 2159 hominum
308 2127 398 2159 morea
408 2119 479 2159 vento
494 2119 563 2177 rapta
577 2111 678 2159 dicatur.
728 2111 832 2167 duceret,
841 2111 950 2158 nocebat.
973 2111 1045 2158 Deus.
1066 2112 1154 2159 Boreas
1165 2112 1228 2159 enim

176 2183 245 2233 Idem
256 2184 469 2242 docetAcesilaus,
480 2186 593 2234 referente
604 2185 678 2250 Apol·
728 2187 797 2234 Deus
813 2185 953 2240 habebatur,
969 2184 1008 2232 cui
1024 2199 1092 2233 sacra
1110 2184 1230 2233 faciebant

176 2259 284 2308 lodoro.’'
314 2259 387 2325 Apud
396 2260 630 2324 Palaephatum,cap.
638 2261 678 2308 23.
728 2259 909 2325 Megapolitani‚
937 2257 1028 2316 Thurii,
1063 2258 1229 2310 Athenienses.

177 2334 267 2382 Boreas
277 2332 316 2382 hic
328 2341 424 2383 vocatur
438 2332 505 2399 ἀνὴρ
515 2333 559 2382 οὐκ
573 2334 677 2398 ἄσημος.
731 2334 871 2389 Pausanias,
880 2332 969 2381 Arcad.
980 2350 1004 2398 p.
1015 2333 1079 2390 673;
1096 2332 1187 2380 AElian.
1193 2334 1227 2382 V.

178 2408 298 2457 Caeterum
308 2409 360 2456 haec
370 2408 454 2473 rapina
465 2423 575 2473 expressa
592 2415 642 2455 erat
654 2408 679 2455 in
728 2409 761 2457 H.
775 2407 817 2456 xii.
828 2409 872 2469 613
890 2406 979 2456 Herod.
990 2406 1031 2455 vii.
1043 2408 1099 2455 189.
1132 2406 1230 2472 Hymno

178 2497 235 2531 arca
245 2482 352 2548 Cypseli,
362 2482 404 2530 ubi
415 2484 504 2530 Boreas
521 2482 574 2530 loco
590 2481 682 2546 pedum'
728 2499 784 2532 eum
793 2481 922 2530 celebravit
933 2480 1056 2546 Orpheus:
1075 2480 1095 2528 is
1106 2488 1143 2528 est
1153 2480 1179 2529 h.
1189 2483 1229 2531 79.

178 2557 292 2621 anguium
302 2557 391 2606 caudas
402 2557 515 2605 habebat.
549 2555 679 2606 Pausanias
728 2557 888 2606 Athenienses
903 2572 956 2605 vero
973 2557 1003 2604 ob
1018 2563 1110 2621 raptam
1123 2556 1229 2620 Orithyi-

178 2631 257 2679 Eliac.
275 2648 299 2696 p.
316 2632 372 2679 424.
408 2631 547 2679 Erechtheus
565 2631 680 2679 successit
729 2646 770 2687 an,
779 2647 833 2680 eum
845 2631 939 2679 affinem
950 2631 995 2679 sibi
1006 2640 1156 2680 censuerunt.
1183 2633 1229 2680 AE-

177 2704 295 2753 Pandioni
312 2705 328 2752 i.
339 2721 401 2754 anno
418 2707 479 2754 1423
497 2713 552 2753 ante
568 2721 609 2752 aer.
623 2704 679 2753 Chr.
728 2706 816 2763 lianus,
828 2705 853 2754 d.
862 2707 880 2754 l.
891 2706 932 2754 ubi
943 2705 992 2754 vid.
1003 2705 1109 2754 Perizon.

179 2782 215 2829 Is¹
220 2779 315 2845 justitia
332 2796 379 2828 non
397 2780 484 2837 minus,
503 2795 576 2843 quam
595 2779 678 2827 virtute
762 2780 819 2829 685.
837 2781 955 2828 Horridus
965 2780 1024 2843 ira]
1043 2781 1098 2829 Non
1109 2781 1229 2830 malaBo·

176 2853 276 2910 bellica,
305 2854 450 2903 excellebat.
493 2854 590 2902 Summa
606 2852 680 2916 *regis
729 2870 775 2902 reae
792 2853 879 2902 horridi
897 2853 1039 2919 descriptio:
1061 2855 1108 2903 Hic
1127 2856 1190 2904 Deus
1207 2866 1229 2903 et

179 2927 242 2977 laus.
731 2939 841 2978 terreret
857 2933 931 2977 muria
948 2931 997 2977 altu
1015 2933 1104 2988 donau
1122 2931 1230 2996 Propert.

214 3002 271 3051 679.
290 3002 407 3056 Quattuor
415 3001 599 3064 ille—juvenes]
617 3001 638 3048 E
653 3000 680 3048 fi·
730 3002 766 3051 H.
781 3020 822 3051 xx.
834 3005 881 3063 523
898 3002 929 3053 cs.
940 3003 1069 3052 Claudian.
1081 3003 1155 3069 Rapt.
1169 3005 1186 3053 i.
1197 3007 1228 3054 69

178 3075 218 3124 liis
230 3077 334 3140 Cecrops
344 3075 379 3123 lI.
388 3076 501 3124 successit
510 3076 581 3140 patri.
606 3076 680 3129 Quot·
731 3093 784 3141 sqq.
819 3078 956 3134 Domestica,
968 3077 1013 3126 sibi
1027 3079 1120 3144 propria
1132 3086 1157 3128 et
1173 3096 1230 3128 cou-

183 3162 237 3200 tuor
254 3150 349 3216 plurimi
368 3160 510 3200 memorant.
542 3150 680 3208 Pausanias,
731 3160 811 3212 sueta3
828 3168 886 3200 nove
902 3151 1045 3200 sicdictum.
1079 3156 1230 3204 Burmannus

181 3225 207 3274 ii.
229 3228 277 3285 253
297 3225 406 3274 Eustath.
427 3225 458 3273 ad
479 3226 511 3273 ll.
531 3225 561 3274 B.
582 3241 606 3289 p.
624 3226 680 3273 291.
730 3233 807 3290 putat,
823 3225 936 3274 Ovidium
957 3225 995 3273 his
1016 3225 1108 3275 duabus
1124 3230 1230 3285 vocibus,

142 3292 148 3302 ’
178 3300 259 3349 Etiam
269 3299 333 3364 apud
340 3299 511 3365 Apollodorum
519 3300 561 3348 ubi
571 3307 618 3348 tres
626 3309 678 3348 tan·
729 3303 830 3349 solimet
846 3303 974 3356 domestica,
987 3299 1118 3366 exprimere
1129 3304 1229 3352 voluisse

181 3383 233 3422 tum
252 3381 418 3429 memorantur,
436 3374 544 3438 Heynius
563 3373 679 3422 excidisse
729 3375 808 3423 Graec.
826 3374 921 3432 οἰκεῖος,
940 3375 1007 3438 cujus
1026 3375 1074 3422 vim
1096 3377 1229 3440 exposuerit

179 3455 249 3512 putat
266 3455 376 3510 quartum
392 3449 477 3496 OEnea.
511 3449 679 3504 Sortissexus.
730 3447 821 3495 Victor.
831 3447 862 3495 ad
873 3446 1020 3495 Cic.i.Att.
1031 3448 1068 3496 10.

180 3523 211 3570 Iu
228 3521 324 3569 filiabus
334 3520 388 3568 due
406 3520 451 3568 sibi
462 3522 566 3587 equales
576 3520 679 3586 pulchri·
762 3523 817 3570 687.
835 3523 867 3569 Et
883 3525 963 3569 merito
979 3522 1078 3587 abrupte
1095 3521 1186 3588 incipit,
1204 3532 1230 3571 ut

179 3595 294 3651 tudine,e
305 3594 392 3659 quibus
400 3595 497 3644 Procrin
510 3596 578 3644 duxit
584 3594 678 3660 Cepha·
729 3594 762 3643 ix.
774 3594 878 3643 souubi
890 3593 942 3642 vid.
951 3602 1016 3643 nota.
1037 3596 1077 3643 lta
1087 3604 1111 3643 et
1121 3596 1229 3660 Propert.

180 3669 226 3725 lus,
245 3668 346 3718 Deionei
366 3669 436 3726 lilius,
452 3671 515 3717 AEoli
532 3685 613 3735 nepos,
633 3669 679 3719 vid.
729 3671 751 3718 I.
762 3667 818 3716 xvii.
831 3670 854 3716 l.
888 3669 1011 3717 Admonere
1025 3685 1110 3730 preces,
1121 3669 1184 3717 bona
1194 3670 1229 3716 lo·

179 3743 303 3801 Heinsius,
322 3743 352 3791 ad
370 3742 411 3792 vii.
428 3745 493 3803 6723
519 3745 629 3791 Munlrer.
649 3744 680 3792 ad
731 3743 821 3809 quutio,
833 3750 859 3791 ut
874 3741 960 3791 docent
971 3741 1014 3790 viri
1030 3742 1094 3791 docti
1111 3743 1142 3792 ad
1158 3743 1228 3792 Phae-

181 3818 272 3883 Hygini
291 3817 397 3866 fabulam
419 3819 450 3865 14
459 3836 466 3877 ;
483 3833 619 3883 quanquam
640 3818 680 3866 alii
731 3818 838 3874 drum,l.
849 3817 896 3865 fab.
907 3816 956 3864 xix.
968 3818 990 3864 6.
1024 3819 1136 3865 adhibere
1145 3834 1229 3878 preces,

179 3909 236 3942 eum
243 3892 356 3941 Mercurii
364 3891 439 3940 filium
450 3892 616 3949 iaciunt‚unde
625 3893 679 3956 Cyl·
731 3892 791 3940 dixit
806 3893 901 3947 Noster,
912 3889 946 3938 iii.
957 3890 1013 3938 376.
1023 3897 1048 3938 et
1058 3890 1112 3939 Cic.
1123 3891 1156 3938 N.
1167 3891 1201 3938 D.
1212 3891 1229 3941 i.

181 3969 244 4015 lenia
253 3968 335 4028 proles,
344 3966 489 4015 Art.Amat.
499 3967 532 4015 iii.
544 3969 599 4015 725.
627 3966 680 4016 Ori·
731 3968 754 4015 2.
790 3967 841 4013 Vim
859 3964 936 4013 verbis
957 3963 1099 4027 gravissimis
1115 3964 1230 4021 declarat,

179 4039 264 4104 thyian
274 4039 352 4104 rapuit
360 4041 456 4097 Boreas,
465 4040 681 4105 cuipetentifiliam
731 4039 833 4088 maxime
845 4039 870 4087 in
880 4039 934 4086 fine.
967 4039 1028 4102 Ε1ςο
1039 4037 1139 4102 assurgit
1147 4039 1229 4087 oratio.

179 4113 327 4163 Erechtheus
337 4113 394 4163 dare
409 4116 525 4171 noluerat,
537 4115 630 4163 territus
644 4115 680 4162 iu·
731 4113 796 4170 Quia
807 4115 887 4162 nubila
899 4114 973 4174 pellit,
983 4119 1107 4177 propterea
1117 4111 1229 4178 αἰθρηγε-

181 4187 341 4252 auditaTerei
354 4189 453 4238 Threicii
469 4188 616 4255 crudelitate.
652 4189 682 4236 Te
731 4186 811 4248 νέτης,
832 4197 857 4236 et
878 4190 954 4236 clarus
979 4186 1090 4242 dicitur.
1109 4186 1227 4252 concutio,
