2812 5010
395 309 863 378 METAMORPHOSEON
888 309 979 376 LIB.
1004 311 1035 375 Ι.
1175 317 1238 381 121

192 488 288 560 Haec
301 489 447 573 domus,
459 487 540 559 haee
559 486 682 573 sedes,
694 486 776 559 haec
790 495 879 559 sunt
891 488 1100 584 penetralia
1114 491 1238 586 magni

190 603 346 678 Amnis:
359 604 398 676 in
409 602 494 688 hoc,
506 602 675 676 residens
686 601 785 676 facto
793 603 841 677 de
853 604 1026 677 cautibus
1037 616 1155 692 antro,
1165 611 1238 681 575

192 720 317 794 Undis
324 721 410 818 jura
426 719 553 807 dabat,
573 719 839 818 Nymphisque
859 720 1070 795 colentibus
1085 723 1219 797 undas

191 836 435 911 Conveniunt
451 837 540 910 illuc
559 837 753 936 popularia
770 838 925 922 flumina
942 838 1117 935 primum,

195 952 338 1027 Nescia
355 962 560 1049 gratentur,
580 953 868 1027 consolenturne
887 963 1094 1052 parentem,

195 1068 390 1167 Populifer
409 1069 633 1168 Spercheos,
653 1079 692 1143 et
709 1068 933 1166 irrequietus
954 1068 1133 1167 Enipeus,
1168 1075 1240 1146 579

195 1185 471 1283 Apidanusque
486 1210 616 1274 senex,
628 1183 801 1280 lenisque
815 1184 1065 1283 Amphrysos
1078 1197 1116 1258 et
1129 1185 1237 1276 AEas3

197 1301 369 1402 Moxque
388 1326 517 1377 amnes
536 1302 611 1389 alii,
628 1302 706 1400 qui,
727 1324 803 1399 qua
819 1302 905 1375 tulit
921 1302 1084 1400 impetus
1103 1299 1198 1386 illos,

197 1578 222 1617 ut
235 1569 267 1617 ad
282 1567 444 1634 fatigationem
461 1570 551 1619 aurium
567 1586 613 1618 non
626 1569 695 1617 modo
745 1569 787 1633 qui
805 1569 885 1616 subter
903 1568 984 1615 OEtam
1002 1573 1106 1613 montem
1124 1564 1149 1612 iu
1166 1564 1243 1615 sinum
1289 1558 1293 1562 ⁴

195 1659 236 1706 per
246 1642 367 1696 viciniam,
377 1643 418 1692 sed
430 1641 502 1692 etiam
513 1642 648 1692 remotiores
658 1657 695 1690 re·
745 1641 877 1690 Maliacum
894 1642 1042 1695 ¹exoneratur,
1060 1646 1085 1686 et
1103 1638 1171 1702 cujus
1187 1637 1245 1703 ripa

196 1717 278 1780 giones
295 1716 415 1764 audiatur.
444 1717 483 1766 Ita
495 1735 518 1766 v.
533 1716 606 1764 Trist.
623 1716 642 1764 i.
655 1717 695 1764 62.
744 1719 831 1778 populis
846 1716 943 1764 consitae
961 1713 1033 1763 luisse
1051 1712 1167 1769 videntur,
1183 1713 1245 1762 sicut

190 1792 298 1855 jutigare
308 1807 362 1837 sunu
373 1806 432 1838 vose.
748 1791 820 1838 Penei
827 1790 907 1839 lauris
929 1789 1029 1850 Enipeus
1038 1804 1067 1836 ex
1078 1795 1157 1835 monte
1167 1787 1244 1852 Othry

228 1865 286 1913 574.
302 1863 457 1926 Feruentis]
475 1864 587 1918 Antmm,
603 1878 632 1910 ex
648 1878 695 1927 quo
744 1864 871 1913 Thessaliae
882 1863 985 1929 profluit.
1018 1862 1103 1926 Virgil.
1114 1862 1202 1926 Georg.
1212 1861 1245 1911 iv.

197 1937 285 1986 fluvius
306 1938 416 2002 erumpit,
432 1937 508 2002 poetis
525 1936 610 1985 dicitur
631 1937 696 2000 regia
746 1940 802 1987 368.
814 1939 980 1987 vocaturaltus
991 1937 1100 1998 Enipeus.

197 2012 271 2069 fluvii,
288 2019 314 2060 et
330 2011 399 2060 sedes
415 2011 588 2077 Nympharum.
622 2011 651 2058 In
669 2027 696 2060 eo
777 2015 833 2061 580.
851 2015 979 2075 Apilanus,
991 2019 1090 2075 accepto
1101 2010 1131 2058 ad
1142 2009 1244 2059 Pharsa-

198 2103 265 2150 porro
282 2093 350 2135 antro
370 2085 463 2149 fingunt
481 2085 606 2143 thalamos,
625 2101 695 2150 pene·
745 2087 891 2152 losEnipeo,
903 2086 1042 2134 inPeneum
1053 2084 1166 2132 illabitur.
1194 2086 1244 2134 Vo-

173 2150 277 2216 ⁰ualia,
298 2167 323 2208 et
343 2159 448 2223 reliquas
470 2159 586 2223 reginmar
607 2168 695 2225 partes.
746 2169 813 2210 catur
825 2178 890 2210 senen
907 2159 986 2224 (Intra
1003 2159 1029 2206 ii.
1042 2159 1098 2214 243,
1114 2159 1195 2207 Peneos
1213 2175 1247 2206 se·

197 2234 244 2283 Sed
266 2234 342 2283 Penei
359 2233 428 2283 sedes
443 2234 474 2282 ad
497 2236 607 2296 deiectum
627 2233 696 2281 illuni
746 2234 810 2297 nen)
821 2234 885 2300 quod
900 2235 957 2282 Intt.
969 2231 1091 2297 accipiunt
1106 2248 1148 2296 pro
1162 2231 1247 2281 leniter

197 2308 335 2358 collocatur.
368 2307 418 2356 Cur
432 2316 511 2356 autem
523 2315 594 2374 poeta
607 2307 646 2356 hie
662 2317 696 2357 tot
745 2311 845 2370 fiuente;
862 2324 937 2373 eaque
948 2307 1069 2371 interpret.
1080 2305 1152 2354 etiam
1163 2305 1188 2353 in
1199 2323 1246 2355 uno

198 2383 299 2431 vocabb·
310 2380 474 2438 cumulaverit.
484 2391 555 2446 atque
571 2381 629 2430 adeo
641 2396 697 2429 ana·
746 2385 825 2435 vatic.
836 2383 896 2432 cod.
907 2381 1009 2446 ascripta
1026 2388 1070 2429 est.
1099 2379 1137 2427 Sic
1159 2381 1245 2428 Senes.

198 2456 272 2522 phora
291 2456 379 2503 abusus
393 2453 433 2511 sit,
444 2470 491 2502 non
506 2453 605 2519 reperio.
632 2456 697 2503 Num
746 2457 815 2506 Med.
830 2458 886 2505 314.
894 2473 958 2504 senes
971 2455 1057 2511 Bootes,
1068 2452 1110 2517 qui
1121 2453 1188 2502 tarde
1197 2467 1247 2502 mo·

199 2529 306 2587 miratur,
317 2530 390 2579 talem
407 2528 526 2594 dejectum
539 2529 633 2595 placere
647 2545 697 2578 ma·
747 2541 824 2580 vetur.
844 2531 891 2579 Sed
902 2529 943 2578 ubi
953 2528 1078 2594 Apidanus
1094 2527 1248 2592 irrequietum

199 2619 246 2666 gno
267 2602 359 2651 Amnil
378 2603 472 2669 Magni,
494 2601 558 2668 μέγα
576 2605 656 2668 χεῦμα
675 2601 698 2651 ei
748 2604 866 2669 Enipeum
881 2602 981 2668 accepit,
992 2602 1048 2650 satis
1065 2601 1147 2666 rapide
1159 2600 1245 2650 currit:

199 2677 281 2727 tribuit
294 2676 607 2726 Callimach.h.Del.110.
621 2686 645 2726 et
659 2677 695 2726 in-

198 2751 293 2800 terdum
304 2751 356 2800 κατ’
372 2751 462 2815 ἐξοχὴν
472 2751 558 2800 dicitur
560 2754 659 2816 fluvius.

231 2827 291 2874 576.
309 2825 370 2873 Jnru
385 2828 450 2881 dure,
466 2825 589 2890 imperare.
623 2826 695 2889 Nym-

198 2901 258 2961 phis,
269 2899 343 2947 Penei
355 2899 455 2947 filiabus.
483 2899 521 2949 Cf.
532 2898 651 2948 Theocrit.
661 2898 699 2946 ld.

200 2975 216 3021 i.
227 2975 274 3034 66;
292 2973 435 3024 Callimach.
446 2974 471 3022 d.
484 2974 501 3022 1.
512 2990 560 3022 ver.
574 2975 628 3023 109.
663 2975 699 3021 Ex

201 3048 237 3096 his
246 3047 404 3097 memorabilis
413 3046 700 3113 Cyrene,Virgil.Georg.

202 3121 234 3170 iv.
247 3123 305 3170 321.

232 3198 291 3246 577.
311 3198 458 3260 Popularia]
483 3198 544 3255 Quae
564 3206 620 3246 suut
638 3197 700 3261 ejus-

200 3273 256 3321 dem
270 3282 347 3327 terra,
359 3288 443 3336 nempe
457 3270 607 3320 Thessalica.
642 3272 699 3320 Con-

201 3348 308 3397 veniunt.
340 3347 372 3395 Is.
383 3346 491 3402 Vossius,
501 3346 532 3394 ad
544 3347 628 3410 Pomp.
639 3346 700 3394 Mel.

200 3420 226 3469 ii.
244 3423 260 3469 3
278 3428 339 3469 extr.
358 3419 446 3486 accipit
462 3436 512 3484 pro,
529 3410 701 3484 ingrediuntur,

200 3494 302 3559 ideoque
321 3493 472 3559 reprehendit
488 3503 590 3559 poetam,
605 3494 662 3558 quia
677 3501 702 3542 et

200 3569 339 3634 Spercheos,
350 3577 375 3617 et
385 3568 540 3633 Amphrysos,
550 3576 574 3616 et
585 3570 644 3616 AEas
655 3568 701 3616 alio

200 3651 367 3691 exonerentur.
401 3642 448 3690 Sed
464 3645 583 3691 conuenire
599 3642 637 3690 hic
653 3658 701 3690 non

199 3734 252 3766 esse
268 3717 374 3774 influere,
385 3717 497 3774 ostendit,
508 3717 572 3781 quod
582 3716 698 3781 sequitur,

201 3794 300 3855 Moxque
318 3811 392 3841 amnes
410 3795 460 3842 ulii.
489 3794 541 3841 Imo
559 3792 701 3842 conveniunt

201 3866 252 3922 Dii,
264 3866 376 3931 praesides
390 3866 520 3924 fluviorum,
533 3867 558 3914 in
575 3875 642 3914 antro
655 3867 701 3914 Pe·

200 3941 238 3989 uei
266 3941 304 3989 vel
331 3940 475 4004 gratulandi,
499 3942 535 3990 vel
564 3941 701 3990 consolandi

200 4030 285 4062 causa.

232 4090 290 4139 579.
307 4089 448 4151 Spercheos]
469 4090 508 4136 lta
518 4087 701 4152 dictusaorrip·

200 4181 264 4230 χειις,
277 4163 395 4212 festinare.
423 4163 520 4211 Fluvius
531 4161 700 4227 rapidissimus,

746 2681 836 2729 Lucan.
851 2680 884 2728 vi.
904 2680 960 2727 372.
993 2677 1079 2725 Malim
1098 2692 1153 2740 ergo
1173 2693 1246 2726 senem

746 2769 808 2802 nunc
820 2762 947 2808 vetustum,
954 2750 1078 2815 antiquum
1088 2748 1246 2815 interpretari,

746 2829 763 2879 i.
774 2846 797 2878 e.
809 2827 978 2894 antiquissimis
994 2825 1139 2891 temporibus
1156 2834 1246 2884 notum,

747 2904 873 2955 etnomine
882 2903 1030 2968 insignitum.
1051 2902 1152 2965 Dionys.
1162 2901 1249 2966 Geogr.

749 2981 806 3027 417.
830 2977 937 3045 ὠγύγιος
959 2975 1056 3032 Λάδων,
1075 2975 1116 3024 ubi
1137 2975 1249 3026 Eustath.
1268 3002 1272 3009 ·

749 3052 858 3119 ὠγύγιον
868 3051 892 3102 δὲ
902 3051 976 3118 λέγει,
990 3050 1030 3099 διὰ
1045 3051 1094 3110 τὴν
1106 3051 1162 3115 περὶ
1172 3050 1248 3100 αὑτοῦ

749 3127 940 3194 ἀρχαιολογίαν.
970 3126 1066 3175 callim.
1087 3124 1111 3174 h.
1127 3126 1181 3174 Jov.
1201 3125 1250 3177 40:

751 3201 922 3251 παλαιότατον
949 3198 1021 3266 iidup,
1043 3206 1067 3246 et
1085 3198 1109 3247 h.
1130 3199 1186 3247 Del.
1209 3200 1250 3249 71.

750 3275 829 3342 γέρων
839 3275 951 3334 Φεναιός.
985 3273 1096 3330 Accedit,
1104 3273 1167 3338 quod
1177 3274 1249 3323 Vete-

750 3368 787 3401 res
797 3351 881 3399 fluvios
894 3367 941 3398 non
952 3348 1030 3397 minus
1040 3364 1112 3412 quam
1124 3350 1249 3397 Oceanum

751 3426 794 3474 sub
805 3428 863 3473 senis
870 3423 946 3488 effigie
955 3422 1164 3488 representabant.
1185 3421 1249 3470 Hinc

752 3501 959 3548 mustitanum
972 3496 1080 3544 Inachus.
1115 3496 1250 3559 Amphrysos

751 3590 803 3623 eam
810 3573 938 3622 Thessalia
950 3579 1040 3637 partem
1048 3570 1187 3634 perfluebat,
1196 3586 1249 3634 qum

752 3647 870 3696 Phthiotis
885 3647 1017 3695 dicebatur.
1048 3645 1110 3699 AEns,
1122 3643 1163 3707 qui
1172 3643 1251 3692 Plinio

752 3722 784 3769 H.
800 3723 833 3768 N.
849 3721 883 3769 iii.
904 3722 946 3769 23.
968 3720 1028 3766 Aous
1050 3715 1144 3772 dicitur,
1165 3714 1250 3766 fluvius

752 3810 838 3859 parvus
853 3802 876 3842 et
891 3793 1037 3859 purissimus,
1048 3799 1072 3839 et
1082 3790 1154 3856 Epiro
1164 3792 1251 3855 proflu·

753 3885 802 3925 eus,
810 3877 835 3916 et
845 3885 886 3932 per
894 3867 1040 3916 Thessaliam
1049 3865 1074 3912 in
1082 3865 1175 3913 Ionium
1186 3881 1250 3915 mare

753 3959 777 3991 se
789 3941 926 3990 immittens.

784 4018 839 4063 531.
861 4016 965 4076 impetus,
977 4015 1020 4069 vis,
1034 4013 1156 4078 sapiditas,
1168 4014 1250 4062 tribui·

751 4101 788 4139 tur
813 4089 956 4145 fluminibus,
979 4089 1047 4145 mari,
1068 4088 1151 4144 ventis,
1173 4089 1250 4137 coelo:

752 4166 805 4214 vido
818 4166 899 4213 Burin.
911 4164 940 4213 ad
953 4163 1047 4212 Phaedr.
1057 4163 1091 4212 iii.
1103 4161 1162 4227 prol.
1175 4165 1216 4211 59.
