2812 5010
275 340 322 408 72
561 337 611 404 P.
633 336 794 406 OVIDH
818 336 1030 404 NASONIS

279 509 337 589 Os
352 512 492 588 bomini
510 513 671 587 sublime
684 513 812 602 dedit3
841 514 1056 611 coelumque
1073 512 1170 587 tueri
1272 514 1324 585 85

275 630 300 703 J
302 630 410 716 ussit,
429 639 468 704 et
484 639 632 705 erectos
650 631 697 704 ad
713 629 837 704 sidera
854 631 985 704 tollere
1002 630 1142 704 vultus.

280 746 357 833 sic,
371 747 484 819 modo
503 770 588 843 quae
606 746 727 821 fuerat
742 748 844 822 rudis
860 756 900 820 et
917 747 998 821 sine
1016 747 1179 844 imagine
1195 744 1323 830 tellus,

277 861 408 936 Induit
424 862 572 959 ignotas
589 864 782 938 homiuum
799 889 981 938 conversa
996 863 1148 960 figurae.

328 978 383 1053 II.
411 979 563 1052 Aunun
589 981 710 1078 prima
735 991 818 1056 sata
844 990 904 1055 est
929 991 1033 1071 aetas,
1055 1003 1154 1078 quae,
1173 977 1322 1051 vindice

427 1097 541 1184 nullu,

309 1300 351 1348 88.
370 1297 440 1348 Tueru'
454 1298 548 1357 intueri,
562 1307 590 1349 ut
605 1318 630 1350 x.
641 1302 698 1351 889.
707 1303 776 1370 Virg.

276 1376 336 1424 AEn.
343 1374 376 1424 iv.
385 1376 432 1424 451
441 1394 447 1423 ι
466 1376 518 1425 coeb'
527 1392 624 1426 convoca
635 1381 706 1426 tueri.

309 1453 350 1500 86.
365 1451 479 1514 Erotion]
499 1452 605 1502 Ereetam
615 1451 716 1503 hominis
730 1454 775 1504 ior·

275 1541 340 1574 mam
350 1534 420 1590 urget
429 1532 509 1590 poeta.
542 1527 579 1574 Ad
593 1529 677 1584 ridere,
687 1535 714 1576 ut
725 1544 776 1578 cor·

275 1600 372 1665 poribus
380 1600 776 1667 coelestibuscoutemplaudis,Dei

276 1673 434 1739 cognitionem
452 1690 537 1740 capere
554 1676 679 1740 possimus.
716 1677 775 1725 Haec

275 1757 430 1813 respexerunt
440 1749 489 1798 alii.
514 1748 599 1798 Senec.
611 1750 641 1799 de
652 1750 709 1800 Otio
719 1751 776 1815 Sap.

277 1822 326 1870 ³2:
353 1828 370 1850 “
378 1822 432 1871 Nec
442 1821 517 1871 erexit
526 1824 689 1872 tantummodo
700 1823 774 1873 bomi-

276 1913 340 1954 nem,
357 1896 399 1946 sed
418 1896 537 1946 etiamad
554 1899 774 1963 contemplationem

276 1971 377 2029 tactum,
387 1979 414 2020 ut
429 1973 458 2020 ab
475 1979 527 2020 ortu
542 1972 620 2022 sidera
630 1967 655 2021 iu
665 1989 776 2022 occasum

276 2044 382 2095 labentia
402 2046 513 2112 prosequi
532 2057 621 2113 posset,
641 2057 666 2098 et
683 2050 776 2099 vultum

275 2136 346 2169 suum
361 2119 510 2170 circumferre
527 2130 656 2180 comtum,
674 2123 776 2172 sublime

275 2193 333 2243 fecit
340 2193 376 2242 illi
385 2195 482 2260 caput.”
499 2194 581 2253 Silius,
587 2214 626 2245 xv.
634 2199 666 2245 84
675 2216 681 2245 r
694 2199 777 2246 Nonne

276 2272 345 2327 nider,
356 2271 471 2318 hominum
480 2281 509 2319 ut
519 2272 587 2320 celsos
596 2275 626 2320 ad
637 2274 712 2322 sidero
722 2275 775 2321 onl-

275 2354 313 2394 tut
321 2346 446 2394 sustulerit
455 2346 528 2402 Deus,
535 2365 563 2395 aa
569 2348 776 2411 sublimiufinnerit

275 2423 331 2469 oro?
359 2421 419 2470 Inde
440 2420 510 2470 homo
531 2422 622 2472 Grecis
644 2423 776 2488 ἄνθρωπος

275 2493 366 2544 dictus.

310 2570 352 2618 87.
370 2571 425 2619 Sine
434 2571 554 2635 imagine]
567 2569 684 2620 Informis.
711 2571 776 2620 Fast.

226 2638 227 2641 ¹
274 2643 292 2693 i.
301 2643 336 2692 iii.
344 2647 497 2710 ainetmagine
503 2648 578 2694 motet.
600 2645 678 2710 Imago
687 2645 776 2711 passim

277 2735 320 2784 pro
331 2719 413 2776 torma,
421 2727 448 2768 ut
459 2719 494 2768 iii.
505 2722 526 2768 1.

310 2793 352 2841 88.
364 2793 447 2841 Induit
455 2809 568 2851 converto,
576 2809 589 2842 e
598 2793 666 2860 copia
673 2794 775 2859 poetica,

277 2864 378 2931 accepit.

310 2941 410 2990 89-150.
427 2941 505 2989 Aurea
514 2944 599 3004 prima,
612 2941 670 3005 etc.]
683 2941 776 2991 Nobilis

265 3010 344 3066 *locus
364 3014 394 3063 de
413 3017 524 3073 aetattbtts,
541 3015 567 3064 in
584 3031 643 3080 quas
661 3015 774 3081 priscum,

170 3130 173 3136 .
277 3088 342 3154 quod
350 3089 472 3138 effluxerat
482 3090 537 3139 inde
546 3091 577 3139 ab
586 3089 674 3154 origine
683 3091 775 3149 mundi,

240 3168 242 3173 '
276 3177 355 3211 terum
372 3162 519 3220 describere.
541 3165 666 3228 uibusque,
677 3180 718 3229 pro
734 3180 776 3213 cu-

274 3236 363 3301 jusque
373 3237 473 3295 ratione,
484 3253 499 3287 a
540 3237 612 3288 'taliis
622 3239 717 3287 nomina
731 3239 774 3286 irn-

276 3326 372 3375 poucre,
383 3311 487 3376 antiquis
495 3311 570 3377 poetis
580 3312 678 3377 placuit.
702 3312 775 3362 Clau-

277 3383 343 3433 dian.
351 3385 409 3434 xxii.
420 3387 484 3434 446:
497 3387 652 3451 oariofnciem
666 3389 776 3436 distincta

277 3461 369 3508 metallo
385 3460 476 3508 Secuta.
510 3463 565 3519 Quo
582 3461 632 3509 sine
651 3459 723 3510 dubio
742 3460 776 3509 nil

277 3530 343 3582 aliud
361 3532 492 3598 exprimere
513 3534 634 3591 volebant,
657 3534 701 3583 nisi
721 3534 775 3590 hoc.

277 3623 353 3672 genus
372 3607 494 3658 hominum
515 3623 531 3656 a
551 3616 614 3658 statu
632 3609 735 3658 naturali
752 3617 777 3658 et

277 3681 351 3730 animi
366 3682 502 3746 integritate
520 3683 636 3747 gradatim
652 3682 775 3748 delapsum

278 3769 330 3805 esse
338 3757 369 3805 ad
379 3757 441 3810 hauc
449 3764 474 3805 et
481 3755 535 3805 vitae
543 3751 668 3814 rationem.
675 3765 699 3805 et
706 3757 776 3805 vitio·

277 3829 382 3879 sitatem.
400 3833 484 3888 Varro,
491 3831 524 3879 R.
532 3831 564 3880 R.
570 3830 597 3879 ii.
608 3831 671 3880 1.1n
679 3847 777 3880 numero

278 3911 358 3953 autem
375 3905 459 3954 harum
477 3914 583 3963 etatum,
599 3915 683 3972 poetae,
697 3913 724 3954 ut
742 3905 777 3962 fit,

278 3976 341 4027 inter
363 3995 389 4027 se
413 3978 561 4029 dissentiunt.
594 3980 658 4028 Nam
678 3978 777 4028 Hesiod.

271 4045 348 4118 Ἐργ.
373 4053 500 4104 109-208.
516 4054 621 4119 quinque
653 4061 777 4114 recenset;

280 4125 375 4186 Noster,
392 4129 478 4178 omissa
495 4137 548 4194 post
565 4145 657 4178 teneam
674 4129 777 4186 heroica,

280 4210 396 4266 quatuor;
413 4204 508 4262 Aratus,
522 4204 644 4254 Pbaeuom.
663 4206 777 4255 100-184.

824 1313 886 1367 tres;
903 1305 1003 1354 duarum
1011 1310 1103 1352 tautum
1111 1301 1254 1350 mentionem
1264 1298 1325 1348 taci-

824 1390 868 1431 unt
876 1380 963 1446 Virgil.
970 1380 1057 1442 Georg.
1063 1378 1080 1427 i.
1089 1379 1135 1427 125
1142 1392 1194 1442 sqq.
1202 1376 1257 1425 coll.
1264 1377 1324 1424 AEn.

825 1455 875 1505 viii.
887 1457 935 1504 814
949 1472 1004 1520 sqq.
1015 1458 1040 1502 et
1050 1453 1129 1502 Tibul.
1140 1453 1161 1500 I.
1171 1451 1205 1501 iii.
1215 1453 1247 1500 85
1263 1467 1324 1515 sqq3

825 1545 869 1578 nec
879 1528 1005 1594 poenitebit
1022 1543 1076 1576 cum
1089 1526 1127 1575 bis
1140 1526 1248 1574 Lactant.
1263 1526 1325 1573 Inst.

825 1603 873 1652 div.
888 1621 911 1652 v.
927 1607 950 1653 5.
965 1602 1101 1652 contulisse.
1132 1601 1190 1648 Erat
1209 1607 1326 1664 preterea

825 1679 850 1728 iu
859 1677 987 1734 vaticiniis,
997 1684 1082 1726 exacta
1092 1676 1136 1724 hac
1147 1673 1233 1723 misera
1243 1680 1324 1729 aetate,

826 1752 874 1801 tore
892 1751 1096 1817 παλιγγενεσίαν,
1107 1750 1132 1797 h.
1142 1765 1163 1798 e.
1174 1749 1232 1804 fore,
1244 1755 1272 1796 ut
1288 1747 1325 1795 iu·

825 1840 892 1876 verso
907 1826 989 1876 ordine
1003 1827 1084 1875 secula
1097 1824 1141 1873 illa
1156 1824 1234 1872 denuo
1247 1821 1325 1871 revol-

825 1909 910 1949 vantur
924 1908 949 1949 et
964 1907 1116 1948 renoventur:
1133 1897 1182 1947 vid.
1193 1896 1261 1962 Virg.
1272 1894 1326 1944 Ecl.

825 1974 858 2024 iv.
867 1974 949 2039 ibique
959 1974 1089 2040 Heynium,
1100 1973 1126 2020 in
1139 1971 1221 2037 primis
1231 1971 1262 2021 ad
1272 1987 1325 2020 ver.

826 2052 850 2098 4.
872 2049 974 2099 Ovidius
982 2047 1079 2097 Hesiod.
1090 2055 1114 2096 et
1121 2044 1207 2110 Virgil.
1216 2044 1323 2093 maxime

826 2131 921 2172 secutus
931 2122 1055 2187 reperitur,
1066 2120 1225 2183 amniumque
1240 2117 1326 2167 habuit

826 2198 910 2247 Senec.
917 2197 991 2263 Hipp.
1001 2213 1050 2246 ver.
1059 2196 1108 2245 524
1117 2210 1171 2258 sqq.
1182 2193 1251 2241 Med.
1262 2195 1311 2242 330
1317 2211 1325 2254 5

826 2273 911 2321 Octav.
928 2273 975 2320 897
992 2288 1044 2335 sqq.
1060 2271 1148 2318 Ferrea
1163 2278 1221 2316 etas
1241 2282 1326 2317 secun-

825 2344 883 2395 dum
900 2346 1014 2394 Nostrum
1029 2341 1271 2410 periitDeucalioueo
1288 2342 1326 2390 di-

825 2418 900 2468 luvio.

859 2495 899 2543 89.
910 2495 964 2542 112.
981 2495 1059 2542 Aurea
1064 2496 1140 2556 primo
1147 2504 1198 2543 tnta
1206 2501 1239 2541 ert
1248 2491 1324 2554 etan]

825 2570 906 2618 Status
927 2569 1058 2633 primorum
1073 2567 1194 2616 hominum
1210 2566 1326 2615 naturalis

825 2643 972 2700 describitur,
980 2642 1057 2706 qualis
1066 2659 1090 2691 v.
1101 2658 1123 2691 c.
1132 2641 1180 2690 vita
1191 2640 1325 2706 Cyclopum

826 2718 890 2784 apud
906 2720 1003 2766 Homer.
1012 2718 1060 2766 Od.
1072 2715 1102 2767 1'.
1115 2718 1169 2766 106.
1184 2731 1237 2780 sqq.
1251 2722 1325 2779 atque

825 2793 898 2841 etiam
908 2791 977 2840 hodie
988 2792 1115 2840 multarum
1125 2790 1231 2856 gentium
1238 2791 1325 2838 barba-

825 2883 912 2915 rarum.
944 2866 991 2914 Sed
1006 2875 1159 2915 accesserunt
1169 2864 1258 2914 colores
1273 2879 1326 2928 my·

826 2940 884 2988 thici
902 2950 926 2988 et
941 2939 1035 3005 poetici.
1068 2939 1132 2990 Vide
1149 2955 1219 3005 super
1236 2938 1281 2987 hac
1299 2953 1326 2986 re

826 3013 1326 3080 philosophantemPosidoniumap.Seuec.

826 3091 872 3155 Ep.
882 3090 923 3137 90.
956 3090 1031 3145 AEtaa,
1043 3104 1118 3153 genus
1131 3086 1261 3136 hominum.
1272 3087 1326 3135 Cic.

826 3164 859 3211 N.
870 3165 904 3211 D.
914 3162 940 3211 ii.
950 3165 983 3212 68
993 3182 999 3211 :
1017 3179 1113 3210 aureum
1121 3179 1202 3226 genus.
1236 3160 1324 3226 virgil.

826 3237 1101 3302 Ecl.iv.anr·eageus,ex
1109 3235 1210 3285 Hesiod.
1218 3235 1327 3302 χρύσεον

826 3311 905 3378 γένος.
924 3313 992 3378 Virg.
1003 3314 1092 3376 Georg.
1102 3311 1127 3360 ii.
1134 3313 1182 3361 538
1192 3329 1198 3359 ε
1210 3310 1270 3360 adeo
1281 3328 1325 3359 au-

825 3405 877 3436 reus
896 3389 1019 3444 Saturnus,
1036 3387 1080 3435 sub
1099 3402 1146 3450 quo
1167 3401 1238 3434 aurea
1258 3393 1326 3433 aetas.

825 3464 919 3528 Nempe
934 3479 1005 3511 aureo
1018 3459 1213 3528 praestantissima
1223 3463 1325 3526 qdaeque

825 3535 918 3585 dicitur.
952 3538 1005 3585 Hoc
1021 3535 1094 3600 igitur
1111 3534 1232 3601 epitheton
1250 3552 1325 3600 quum

826 3610 908 3676 primm
919 3610 984 3660 aetati
994 3610 1077 3659 datum
1092 3618 1162 3667 esset,
1173 3609 1271 3674 reliqua
1282 3610 1325 3659 de-

825 3684 1327 3745 terioresfacilesuumuomeuinvenerunt;

826 3773 962 3825 quanquam
972 3761 1057 3808 ahenea
1072 3767 1097 3808 et
1104 3758 1189 3823 ferreo
1205 3758 1278 3807 etiam
1294 3760 1326 3808 ab

826 3833 897 3882 armis
907 3833 1004 3882 abeueis
1012 3841 1037 3881 et
1045 3832 1124 3881 ferreis
1132 3832 1180 3880 dici
1190 3840 1327 3897 potuerunt.

830 3908 923 3955 Vindice
944 3908 1017 3962 nullo,
1038 3907 1130 3955 nemine
1150 3907 1239 3955 scelera
1259 3922 1326 3955 coer-

827 3989 905 4030 cente.
937 3978 1023 4044 Virgil.
1033 3979 1131 4029 AEneid.
1142 3980 1182 4029 vii.
1198 3982 1260 4029 203:
1283 3981 1326 4027 Sa-

827 4057 893 4103 turni
908 4064 999 4119 gentem
1014 4057 1077 4104 bartd
1092 4058 1168 4106 uincto
1180 4074 1222 4105 nec
1240 4057 1328 4120 legibus

827 4147 921 4194 equom,
940 4130 1021 4193 Sponte
1038 4146 1080 4180 auu
1100 4134 1223 4195 ueterisque
1241 4132 1287 4181 Dei
1304 4148 1329 4180 ae

827 4214 1017 4254 moreteneutem.
