2812 5010
262 355 734 425 METAMORPHOSEON
756 359 847 426 LIB.
867 360 931 428 VI.
1044 364 1110 430 413
1152 402 1156 409 ·

63 529 242 605 Creditur
252 555 336 606 esse
346 529 432 628 pius
444 531 694 629 ;,laudemque
706 533 890 608 acrimine
901 535 1027 610 sumit.
1041 537 1108 633 [tis

61 643 177 732 Quid,
186 647 288 743 quod
298 646 399 720 idem
406 644 616 721 Philomela
625 647 752 746 cupiti
763 649 978 748 patriosque
988 652 1106 726 lacer-

63 760 356 837 Blandatenens
370 762 557 847 humeros,
571 773 614 835 ut
630 762 825 837 eatvisura
838 788 1013 854 sororem,
1032 771 1106 841 476

60 877 213 975 Perque
224 903 342 968 suam,
350 888 556 976 contraque
566 902 685 968 suam,
694 880 791 977 petit
800 904 922 978 nsque
932 882 1103 959 salutem.

63 994 221 1093 Spectat
238 1019 321 1071 eam
339 995 494 1083 Tereus,
513 1005 880 1094 praecontrectatque
896 997 1080 1073 videndo:

61 1109 295 1210 Osculaque,
309 1122 348 1186 et
364 1113 461 1186 collo
480 1113 883 1189 circumdata'braehia
898 1138 1068 1204 cernens,

62 1225 203 1301 Omnia
214 1252 282 1326 pro
300 1228 472 1316 stimulis,
484 1227 718 1328 facibusque,
737 1230 897 1327 ciboque
915 1230 1048 1305 furoris

60 1340 234 1441 Accipit3
256 1355 295 1418 et
312 1343 460 1442 quoties
479 1345 717 1442 amplectitur
734 1344 798 1418 illa
812 1356 1020 1443 parentem,
1031 1335 1102 1421 481

61 1457 160 1534 Esse
169 1484 305 1558 parens
316 1461 449 1535 vellet:
463 1461 698 1557 nequeenim
709 1460 830 1533 minus
841 1460 979 1558 impius
991 1472 1104 1537 esset.

60 1573 234 1649 Vincitur
252 1577 444 1657 ambarum
458 1577 603 1673 genitor
617 1601 750 1675 prece:
771 1577 923 1673 gaudet,
936 1576 1090 1675 agitque

62 1690 136 1765 Illa
151 1693 249 1790 patri
267 1703 390 1789 grates
406 1720 414 1782 ;
445 1704 484 1768 et
501 1694 730 1769 successisse
747 1693 894 1766 duabus

61 1807 109 1881 Id
126 1818 235 1907 putat
252 1800 393 1896 ir‘iselix,
414 1811 516 1907 quod
534 1811 604 1884 erit
620 1811 778 1907 lugubre
795 1809 953 1884 duabus.
1031 1816 1104 1886 485

60 1923 86 1996 J
88 1947 150 1997 am
166 1926 272 1999 labor
289 1925 448 2021 exiguus
467 1924 613 2000 Phoebo
631 1925 798 1999 restabat
808 1952 817 2014 ;
841 1925 1005 2022 equique

61 2037 451 2139 Pulsabant‘pedibus
470 2039 634 2138 spatium
652 2039 805 2113 declivis
825 2038 993 2138 Olympi.

61 2155 229 2252 Regales
247 2156 368 2254 epulae
386 2156 525 2230 mensis
544 2166 582 2229 et
600 2155 775 2228 Bacchus
792 2155 831 2226 in
849 2178 938 2227 auro
1035 2252 1037 2256 μ

60 2268 240 2347 Ponitur:
268 2271 354 2345 hinc
369 2272 518 2370 placida
530 2273 666 2346 dantur
681 2295 749 2345 sua
762 2294 917 2369 corpora
934 2295 1077 2347 somno.

58 2385 112 2459 At
129 2410 197 2460 rex
213 2386 410 2486 Odrysius,
430 2387 600 2487 quamvis
619 2387 788 2473 secessit,
807 2385 845 2458 in
863 2386 928 2468 illa
1028 2393 1103 2462 490

62 2501 235 2579 AEstuat:
256 2514 295 2579 et
311 2502 486 2603 repetens
501 2504 648 2590 faciem,
660 2513 873 2599 motusque,
882 2525 1102 2602 manusque,

94 2719 151 2767 478.
175 2719 354 2770 Praecmtrecmt
379 2723 483 2779 videndo,
507 2722 559 2788 jam
607 2731 643 2772 ter
661 2731 771 2788 precatus
787 2721 878 2770 luerat:
895 2728 1037 2787 quapropter
1050 2737 1102 2771 rec-

60 2806 126 2841 nuuc
140 2792 251 2842 membris
268 2793 319 2858 ejus
331 2795 468 2860 spectandis
479 2795 558 2845 libidi-
607 2795 663 2852 tius‚
677 2803 755 2844 nostro
769 2793 868 2859 judicio,
880 2794 962 2844 Codex
977 2793 1068 2858 Regius
1078 2795 1103 2843 A

60 2881 117 2916 nem
137 2882 205 2916 suam
221 2868 306 2933 pascit.
338 2869 405 2918 Bene
419 2869 510 2919 dictum
528 2870 559 2920 de
607 2868 680 2918 habet
690 2869 812 2924 ambarum,
823 2867 924 2924 scilicet,
933 2866 1002 2916 Terei
1012 2877 1037 2916 et
1044 2867 1102 2916 Phi-

60 2939 158 2990 homine
178 2941 224 2990 isto
244 2940 344 3007 impuro.
377 2943 470 3001 Cicero,
489 2945 559 2994 Verr.
607 2943 708 2992 lomelae.
734 2942 767 2990 Et
777 2944 911 2998 sucessisse,
920 2948 967 2990 etc.
983 2939 1103 3000 Quoniam

60 3013 94 3063 iv.
105 3016 146 3065 28.
156 3014 191 3064 sic
204 3019 327 3078 precipere
339 3018 419 3066 aculis.
452 3018 499 3066 Sed
514 3035 558 3068 nec
608 3016 733 3082 aliquoties
747 3016 798 3081 jam
815 3015 928 3064 lectorem
944 3014 974 3063 de
988 3014 1054 3064 exitu
1068 3015 1104 3065 rei

59 3089 161 3137 alterum
175 3079 295 3137 insoleus:
311 3089 392 3138 Tacit.
408 3091 457 3139 An.
470 3091 506 3140 iii.
519 3093 558 3141 12.
607 3089 816 3157 premonuit‚haec
827 3089 1026 3155 poterantomitti.
1042 3090 1104 3153 Equi

59 3164 150 3210 numm
164 3178 244 3224 corpus
259 3172 281 3211 et
291 3167 477 3212 contrectandum
487 3167 558 3215 aculis
605 3165 737 3226 pulsabant,
747 3171 794 3214 etc.
805 3177 818 3211 e
830 3161 939 3227 Virgilio,
948 3164 1007 3211 AEn.
1014 3165 1103 3213 x.216.

58 3238 199 3298 pemittant,
214 3235 256 3284 ubi
273 3234 323 3285 vid.
340 3237 434 3286 Ernesti
453 3245 477 3286 et
493 3239 558 3288 Bue·
606 3254 680 3286 cama
694 3237 821 3301 Noatiaaga
836 3237 918 3285 Pluabe
932 3239 1031 3285 audium
1048 3239 1103 3298 pul-

60 3324 126 3358 nem.
145 3308 177 3357 ad
196 3309 307 3359 Lactant.
324 3311 392 3376 Opil.
410 3311 467 3361 Dei.
480 3311 499 3362 i.
520 3315 558 3363 15.

59 3383 119 3440 Fae,
127 3382 191 3448 quod
198 3383 247 3433 rim
257 3384 364 3433 irritandi
374 3385 454 3435 habet.
480 3388 557 3446 eiua,

606 3315 669 3360 sabat
681 3311 811 3375 Olympum.
844 3310 904 3358 Pani
916 3325 958 3375 pro
968 3313 1060 3373 apponi,
1072 3310 1103 3360 de
1209 3366 1211 3371 Ι

607 3387 671 3435 vino.
698 3385 761 3434 Vide
772 3383 905 3442 Heinsium,
917 3383 947 3432 ad
958 3383 1011 3432 Art.
1020 3383 1103 3432 Amat.
1174 3418 1178 3431 .

58 3456 184 3506 alimenta.
211 3457 312 3508 Animus
328 3469 458 3526 commotus
474 3477 556 3510 cumu-

58 3529 254 3581 latverbaetiarb
260 3532 363 3581 diversa.
379 3533 557 3592 Plinius,VIlI.

58 3604 107 3669 Ep.
119 3604 161 3655 xii.
172 3607 193 3654 1.
201 3616 290 3668 portus,
300 3609 371 3664 sinus,
380 3610 498 3670 premium
507 3617 556 3658 stu-

58 3677 189 3728 diosorum.
223 3681 312 3741 Accipit
327 3697 369 3742 pra
388 3683 494 3738 stimulis,
514 3681 555 3731 ha·

58 3751 118 3799 bent
128 3749 461 3804 illaineovimstimulomm.
478 3755 557 3818 Neque
575 3768 577 3770 ·

57 3827 121 3873 enim
130 3828 205 3875 minus
216 3829 299 3889 impius
309 3837 371 3877 esset.
403 3827 502 3877 Etiamsi
513 3845 556 3895 pa-

57 3913 114 3948 reus
134 3907 205 3956 esset,
223 3909 304 3950 tamen
323 3900 397 3950 filiam
417 3917 484 3951 suam
505 3918 556 3950 cor·

57 3972 191 4035 rumperet.

93 4047 152 4095 483.
163 4048 287 4096 Ambacum
295 4065 376 4111 praem·
393 4047 493 4105 scilicet,
503 4064 556 4114 pre·

56 4118 128 4169 cibus
136 4120 241 4170 Procnes
252 4122 356 4171 absentis
365 4130 390 4171 et
401 4121 556 4183 Philomelam

55 4203 86 4242 at
94 4194 185 4242 Tereus
202 4208 304 4260 presens
319 4213 366 4246 non
378 4195 456 4246 miuus
470 4195 556 4248 arden·

93 4268 171 4317 VOL.
181 4268 232 4318 111.

606 3457 623 3509 i.
642 3461 699 3508 231.
733 3458 827 3505 Dantur
847 3474 889 3505 sua
911 3472 1103 3518 corporatorum,

605 3530 680 3597 possis
694 3529 728 3578 ita
743 3544 845 3595 capere:
863 3545 945 3577 somna
955 3528 1042 3576 dautur
1051 3543 1103 3577 cor-

606 3621 663 3669 pora
674 3619 712 3661 ea,
722 3618 776 3667 quae
791 3601 837 3666 ipsi
853 3601 969 3650 debentur
976 3619 987 3662 3-
1000 3616 1102 3666 namque

606 3695 659 3728 auus
670 3693 743 3743 saepe,
756 3675 820 3741 apud
835 3684 918 3740 poetas
931 3675 956 3724 in
966 3675 1057 3740 primis,
1067 3676 1102 3725 sic

605 3760 630 3802 et
639 3751 746 3802 similiter
757 3749 892 3798 adhibetur.

638 3828 694 3875 490.
712 3824 813 3887 Odrysae,
824 3839 881 3887 gens
890 3821 1009 3870 Thracias.
1038 3823 1102 3873 Pau-

605 3899 692 3955 sanias,
709 3896 785 3945 Attio.
802 3913 826 3961 p.
841 3897 889 3957 223
906 3898 992 3944 Senec.
1004 3895 1102 3959 Thyest.

604 3975 669 4022 273:
697 3972 761 4020 Vidit
779 3971 888 4036 infandus
907 3972 984 4018 dorsus
1004 3970 1103 4034 Odrysia

605 4064 699 4096 mensas.
731 4046 825 4094 AEstuat
840 4047 867 4092 in
883 4047 934 4102 illa,
949 4044 1032 4095 misere
1048 4060 1101 4095 earn

607 4129 681 4172 amat.
716 4121 871 4181 Curmamor.

704 4270 744 4318 Zz
