2812 5010
216 2779 217 2783 ’
311 2770 356 2814 oiri
365 2769 513 2830 inultosflere
523 2769 619 2815 dolores.

310 340 376 405 300
603 336 642 400 Ρ.
667 334 828 401 OVIDII
852 333 1085 400 NASONIS·

311 513 468 587 Vertere
486 510 670 583 Maeonios
688 508 899 607 pelagoque
917 509 1137 605 immergere
1154 520 1302 595 nautas,

312 628 362 702 Et
379 626 578 701 laceranda
596 650 673 699 suae
691 625 770 699 nati
788 626 877 699 dare
894 624 1040 699 viscera
1056 627 1176 714 matri,

311 744 363 820 Et
379 745 547 842 triplices
566 742 710 841 operire
727 741 832 815 novis
851 741 1068 839 Minyeidas
1087 742 1176 816 alis:

312 860 377 934 Nil
395 860 533 958 poterit
548 858 572 931 J
575 883 661 945 uno,
680 857 752 930 nisi
770 857 910 930 inultos
928 858 1018 932 flere
1037 858 1210 931 dolores?

311 976 435 1073 quue
449 975 540 1048 mihi
554 975 645 1048 satis
660 975 738 1048 est?
757 975 839 1048 haec
858 999 933 1049 una
947 975 1115 1074 potentia
1128 983 1257 1048 nostra
1270 984 1329 1047 est
1341 973 1354 1046 1

311 1091 533 1189 Ipsedocet,
551 1089 644 1188 quid
662 1113 792 1186 agam;
814 1089 869 1162 sas
886 1101 945 1164 est
954 1102 993 1164 et
1007 1091 1054 1163 ab
1066 1090 1175 1164 hoste
1185 1088 1335 1177 doceri;

311 1205 490 1305 Quidque
508 1205 608 1279 furor
624 1207 758 1294 valeat,
777 1204 952 1280 Penthea
966 1208 1068 1280 caede
1087 1206 1256 1303 satisque

310 1322 368 1395 Ac
386 1347 499 1420 super
510 1322 695 1398 ostendit:
717 1347 783 1396 cur
797 1348 871 1396 non
887 1324 1112 1409 stimuletur,
1125 1332 1264 1419 eatque
1282 1325 1356 1394 430

310 1436 385 1511 Per
403 1447 565 1532 cognata
583 1438 660 1510 suis
679 1439 854 1536 exempla
870 1438 1055 1512 furoribus
1075 1436 1143 1510 Ino
1155 1437 1193 1510 1”

362 1551 433 1626 Est
449 1554 509 1626 via
526 1553 694 1641 declivis,
713 1552 862 1628 funesta
878 1553 1008 1628 nubila
1025 1541 1135 1640 taxo3

313 1669 429 1742 Ducit
447 1669 495 1742 ad
513 1669 675 1742 infernas
693 1694 760 1768 per
777 1679 883 1744 muta
900 1669 1050 1743 silentia
1060 1668 1190 1742 sedes.

313 1784 413 1883 Styx
431 1785 588 1858 nebulas
607 1785 760 1858 exhalat
776 1786 897 1876 iners3
922 1786 1139 1882 umbraeque
1156 1793 1331 1862 recentes

1281 746 1352 814 425

311 2027 433 2076 commode
448 2036 472 2076 et
489 2027 591 2091 graviter
605 2028 705 2087 Bacchi,
717 2030 747 2080 de
759 2031 808 2092 pel·
859 2031 924 2079 dium
935 2030 1061 2079 inferorum
1069 2044 1163 2093 quoque
1174 2025 1357 2092 descriptionem

312 2103 355 2150 lice
365 2100 416 2149 nati
426 2109 450 2150 et
461 2106 513 2150 novi
525 2102 581 2160 Dei,
591 2102 721 2168 potentiam
728 2119 810 2153 secum
859 2103 924 2168 operi
939 2120 981 2153 suo
996 2102 1106 2158 inserere,
1121 2118 1168 2150 non
1185 2101 1271 2149 mirum
1283 2099 1358 2148 videri

312 2183 441 2239 comparat.
477 2175 557 2224 Etiam
583 2192 636 2240 sqq.
655 2192 760 2240 personae
786 2187 810 2226 et
859 2178 938 2226 debet.
970 2176 1018 2226 Sed
1035 2192 1078 2242 pro
1096 2175 1195 2224 consilio
1215 2173 1300 2241 paucis
1316 2173 1357 2222 de·

313 2249 410 2314 tempori
422 2249 603 2298 accommodata
613 2259 678 2299 sunt.
697 2251 811 2302 Maeonr'or.
859 2250 954 2298 iunctus
963 2257 1007 2306 est,
1019 2265 1095 2313 neque
1111 2248 1171 2298 adeo
1182 2247 1239 2297 satis
1249 2245 1359 2296 distinxit

311 2322 345 2371 iii.
357 2325 416 2372 583.
447 2324 546 2381 Viscera,
564 2339 654 2381 carnes,
674 2341 766 2390 corpus.
777 2326 810 2376 iii.
859 2324 929 2373 Erebi
948 2334 1034 2388 partes,
1049 2323 1112 2388 quod
1134 2322 1191 2372 fecit
1208 2322 1279 2386 Virg.
1299 2323 1357 2370 AEn.

313 2398 360 2445 711
376 2413 433 2462 sqq.
467 2397 514 2446 Sed
529 2397 630 2446 formula
646 2401 732 2460 operire
749 2404 811 2448 nonis
859 2400 899 2458 vi;
923 2397 1043 2447 criden
1063 2398 1149 2461 Georg.
1168 2397 1265 2445 iv.469
1286 2411 1357 2460 sqq.;

312 2473 356 2519 olis
370 2487 417 2519 non
428 2471 487 2519 satis
498 2470 624 2519 convenire
634 2470 811 2521 videturiratae.
861 2473 916 2521 cul.
932 2474 999 2531 218,
1021 2470 1100 2520 Tibul.
1116 2472 1137 2518 Ι.
1154 2469 1189 2519 iii.
1207 2471 1255 2531 653
1276 2470 1357 2527 Silius,

313 2546 416 2594 Gravius
426 2561 464 2593 res
474 2545 628 2610 exprimenda
637 2545 727 2595 luisset.
747 2546 811 2594 Juno
860 2545 910 2594 xiii.
929 2547 993 2606 526;
1016 2546 1101 2593 Senec.
1124 2545 1199 2593 Herc.
1217 2545 1276 2592 Fur.
1299 2545 1357 2593 689.

311 2634 367 2666 cum
384 2620 408 2668 vi
417 2637 424 2678 ;
444 2619 544 2667 involvit
564 2618 628 2668 enim
649 2634 686 2674 ea,
706 2635 759 2683 quae
777 2619 810 2668 iii.
864 2620 927 2667 Viam
941 2619 1008 2667 illam
1022 2618 1143 2667 arboribus
1153 2617 1271 2666 consitam
1280 2616 1359 2674 finxit,

311 2694 359 2741 265
370 2709 424 2757 sqq.
437 2692 523 2742 discite
534 2692 617 2741 addita
628 2700 690 2742 sunt.
715 2692 810 2743 Acerba
860 2694 946 2761 partim
958 2692 1068 2758 caliginis
1078 2691 1207 2742 efficienda
1217 2707 1357 2758 causa,par·

859 2768 902 2815 tim
919 2777 1013 2832 propter
1031 2766 1080 2814 luci
1096 2765 1185 2814 Averni
1203 2766 1300 2823 faciem,
1318 2781 1358 2831 per

345 2842 401 2888 4³0.
413 2842 452 2888 Ire
462 2858 503 2902 per
514 2843 621 2903 erenpln,
632 2839 696 2888 idem
707 2841 756 2905 pati
768 2849 810 2890 aut
860 2857 930 2905 quem
946 2849 970 2889 et
984 2839 1061 2906 ipsum
1072 2839 1151 2889 aditus
1163 2840 1193 2888 ad
1203 2840 1302 2889 inferos.
1329 2841 1359 2888 In

312 2912 400 2968 lacere,
419 2913 482 2975 quod
494 2912 543 2962 alii.
563 2914 594 2962 A.
606 2914 637 2962 A.
655 2913 692 2962 iii.
708 2916 754 2963 87:
773 2915 810 2963 Ite
859 2914 922 2963 hunc
939 2930 1008 2962 usum
1026 2913 1145 2979 inprimis
1162 2921 1220 2977 apta
1235 2923 1359 2972 11111111·

310 3002 351 3046 per
369 2988 502 3047 exemplum.
519 3004 591 3051 genos
608 2990 736 3046 omortale,
748 2990 810 3038 Deo·
858 2989 901 3037 bor
917 2988 942 3036 in
959 2987 1072 3045 Arcadia,
1090 2986 1171 3036 Gallia
1186 2994 1211 3034 et
1229 2987 1359 3036 Germania

312 3075 371 3115 rum,
383 3058 509 3106 imitamini
521 3060 595 3110 Dens.
618 3062 654 3110 ΙΙ.
664 3061 735 3109 Trist.
747 3064 810 3111 168:

313 3133 360 3179 Per
370 3143 412 3181 too
420 3150 503 3196 perque
514 3134 626 3197 suifacta
634 3138 738 3197 parentis
748 3147 810 3194 eant,

312 3207 453 3255 aemulentur
472 3208 545 3256 facta.
572 3208 606 3256 V.
622 3209 692 3256 Trist.
711 3208 747 3257 iii.
759 3211 807 3257 27:

313 3281 352 3328 Me
360 3297 453 3343 quoque,
465 3281 533 3344 sifus
543 3291 574 3330 est
586 3284 689 3343 exemplis
702 3286 737 3330 ire
748 3283 808 3331 Deo-

311 3373 364 3403 rum
379 3355 456 3419 (idem
470 3354 543 3420 pati)
557 3356 643 3404 Ferrea
659 3373 704 3405 sors
719 3361 810 3420 premit.

312 3431 457 3493 Quanquam
468 3431 592 3490 exemplum
604 3429 722 3479 interdurn
733 3440 758 3479 et
768 3447 809 3496 pro

311 3502 429 3569 supplicio
438 3502 543 3568 ponitur.
560 3503 655 3553 Phaedr.
664 3504 712 3553 III.
719 3504 751 3553 vi.
760 3507 793 3555 20
802 3523 808 3553 ε

310 3578 419 3640 Justoque
433 3579 558 3626 vindicavit
573 3578 669 3639 exemplo
683 3581 791 3639 impetum
799 3597 808 3638 ;

311 3669 397 3718 nempe
408 3650 466 3716 quia
479 3667 552 3716 poena
567 3662 662 3718 propter
676 3653 810 3719 exemplum

311 3736 347 3775 est
356 3727 497 3775 necessaria.
516 3727 579 3776 Gell.
593 3727 628 3775 N.
637 3727 669 3775 A.
679 3726 713 3775 vi.
724 3728 762 3775 14.
783 3756 787 3764 -

344 3803 402 3849 432.
424 3802 521 3849 Ertaia
539 3804 640 3859 declinis,
660 3803 721 3866 etc]
738 3801 809 3862 luno,

311 3884 338 3924 111
356 3874 381 3922 11.
399 3875 455 3922 509.
476 3874 558 3923 auxilii
576 3874 672 3940 petendi
693 3891 766 3924 eausa
785 3875 810 3927 in

311 3963 415 4011 aequora,
426 3946 460 3995 sic
470 3964 534 3995 nunc
546 3948 576 3996 ad
583 3949 669 3998 inferos
676 3948 808 3997 descendit.

311 4021 415 4069 Sedebat
429 4020 492 4068 enim
506 4022 528 4069 ei
541 4031 598 4070 tunc
609 4039 703 4086 quoque
714 4035 808 4072 senten-

311 4097 359 4143 tia:
372 4096 472 4160 Superos
482 4095 502 4142 si
513 4097 606 4144 flectere
615 4112 715 4160 nequeo,
728 4097 807 4146 Aehe-

312 4177 379 4218 ronta
395 4169 504 4217 movebo.
529 4166 638 4218 Voluisse
654 4178 734 4219 antem
749 4171 807 4221 Ovi·

859 3061 915 3109 olim
931 3062 1051 3126 frequens,
1068 3060 1154 3109 veneni
1173 3060 1360 3126 praesentissimi.

859 3135 993 3184 Dioscorid.
1008 3137 1043 3185 iv.
1060 3137 1107 3195 75,
1129 3135 1180 3184 Jul.
1199 3135 1262 3184 Cres.
1281 3136 1313 3183 B.
1323 3135 1357 3183 G.

859 3209 892 3258 vi.
915 3211 955 3258 31.
995 3210 1059 3258 Hinc
1073 3210 1181 3274 funeta,
1199 3223 1254 3273 quae
1275 3209 1359 3257 lunera

859 3282 925 3340 lacit,
936 3283 1036 3332 letifera.
1054 3284 1205 3332 Burmannus
1215 3281 1360 3344 malletque

859 3369 944 3407 mesta.
977 3359 1055 3422 Hujus
1073 3356 1160 3406 arboris
1175 3357 1261 3405 umbra
1273 3356 1313 3405 via
1328 3357 1359 3406 ad

858 3432 946 3481 inferos
971 3432 1114 3481 reddebatur
1141 3433 1231 3487 nubila,
1248 3431 1358 3488 obscura,

859 3506 931 3555 tristis
945 3506 1082 3570 metaphora
1095 3521 1109 3552 a
1124 3505 1186 3553 coelo
1200 3503 1306 3553 nubibus
1316 3506 1358 3553 ob·

859 3580 931 3630 ducto
939 3581 1022 3646 petita,
1032 3588 1059 3628 ut
1070 3579 1118 3628 xiv.
1129 3580 1185 3628 514.
1196 3588 1266 3626 antro
1276 3580 1359 3626 nubilo

858 3656 926 3703 siloa.
955 3655 1037 3702 Ducit.
1055 3654 1131 3702 Deest
1147 3663 1204 3716 qua,
1220 3662 1248 3700 ut
1264 3651 1283 3701 i.
1303 3653 1357 3702 169.

859 3728 915 3777 Non
932 3727 1004 3792 igitur
1024 3733 1083 3783 erat,
1101 3742 1144 3774 cur
1161 3727 1246 3774 Burm.
1262 3741 1358 3774 versum

859 3819 937 3869 super.
958 3809 1069 3851 tentaret.
1104 3801 1183 3857 Muta,
1199 3799 1258 3850 alta.
1290 3799 1358 3848 Alibi

859 3877 1093 3926 11111111111111111111.ι
1110 3874 1165 3922 vide
1176 3873 1207 3922 ad
1217 3872 1243 3922 ii.
1254 3874 1295 3922 66.

890 3951 1021 4013 43481111
1042 3966 1089 3997 non
1110 3947 1220 4013 objicitur
1242 3946 1311 3996 nobis
1332 3945 1356 3995 in

857 4024 908 4089 ipso
927 4024 1009 4084 aditu3
1026 4033 1062 4072 est
1080 4023 1143 4072 enim
1157 4022 1254 4070 intimus
1271 4022 1373 4070 fluvio·

858 4114 909 4145 rum
920 4098 1088 4158 infernalium
1105 4096 1147 4145 sed
1160 4098 1247 4144 nebulae
1262 4103 1356 4144 tantum

858 4172 910 4236 ejus
924 4180 1144 4228 commemorantur,
1160 4170 1209 4219 late
1224 4169 1274 4218 illae
1289 4185 1356 4234 spar-
