2812 5010
281 320 349 396 roo
576 323 617 390 r.
641 301 804 391 ovrnu
829 321 1045 389 Nasonis
1146 326 1151 333 ·

285 501 525 578 Immoritzzr:
553 500 647 575 latet
664 500 767 588 haec;
796 497 901 572 illam
918 495 1109 596 trepidare
1126 497 1295 572 videres:

287 620 444 717 Sexque
461 616 561 692 uatis
578 617 667 704 leto,
686 615 912 712 diversaque
929 612 1085 687 vulnera
1102 613 1240 712 passis,

288 736 433 810 Ultima
448 735 629 820 restabat,
650 757 765 832 quam
782 741 863 806 toto
880 754 1037 829 corpore
1055 739 1188 818 mater,

286 852 385 926 Tota
394 861 499 925 veste
512 861 658 948 tegens,
676 859 701 889 “
714 848 854 937 Unam,
866 849 1137 946 minimamque
1149 846 1337 943 relinque3

289 968 348 1043 De
364 968 491 1042 multis
505 966 699 1041 minimam
717 965 870 1065 posco‚”
885 965 1072 1052 clamavit,
1094 974 1169 1038 “et
1181 987 1296 1037 unam
1309 960 1341 1037 :”

288 1085 469 1182 Dumque
479 1094 598 1182 rogat,
611 1109 679 1183 pro
693 1108 769 1182 qua
778 1090 899 1178 rogat,
912 1081 1071 1156 occidit:
1092 1082 1185 1155 orba
1202 1080 1341 1154 resedit

290 1200 497 1276 Exanimes
515 1201 612 1275 inter
629 1209 751 1287 natos,
771 1209 969 1295 natasque,
988 1196 1207 1293 virumque3
1268 1199 1339 1268 302

289 1316 531 1416 Diriguitque
549 1317 682 1392 malis:
712 1318 835 1390 nullos
853 1323 979 1388 movet
996 1337 1088 1387 aura
1104 1313 1286 1412 capillos:

288 1433 336 1507 In
353 1436 458 1509 vultu
476 1434 578 1507 color
596 1432 755 1508 estsine
773 1431 977 1528 sanguine:
1006 1428 1150 1503 lumina
1167 1430 1313 1503 moestis

289 1549 403 1624 Stant
420 1551 576 1625 immota
592 1550 719 1646 genis:
741 1549 833 1622 nihil
851 1556 910 1621 est
926 1547 965 1620 in
979 1546 1143 1643 imagine
1160 1544 1248 1619 vivi.
1268 1548 1340 1617 305

289 1665 381 1764 Ipsa
399 1691 551 1764 quoque
569 1665 726 1740 interius
744 1689 832 1739 cum
848 1664 943 1765 duro
961 1663 1091 1759 lingua
1107 1663 1237 1760 palato

291 1781 491 1879 Congelat,
510 1793 549 1857 et
564 1807 670 1856 venae
688 1781 879 1857 desistunt
893 1805 1006 1880 posse
1024 1780 1188 1869 moveri3

292 1897 375 1972 Nec
393 1899 495 1974 flecti
512 1899 652 1986 cervix,
671 1922 742 1973 nec
761 1896 915 1972 brachia
931 1897 1087 1971 reddere
1106 1905 1251 1992 gestuS,
1300 1922 1304 1929 ·

293 2013 376 2089 Nec
392 2041 461 2114 pes
474 2017 527 2092 ire
538 2026 665 2116 potest
677 2042 685 2091 :
699 2016 798 2090 intra
806 2038 960 2114 quoque
970 2013 1115 2087 viscera
1125 2037 1262 2086 saxum
1274 2021 1340 2086 est.

294 2130 379 2206 Flet
391 2143 531 2220 tamen,
544 2143 583 2208 et
599 2133 713 2208 validi
731 2134 966 2208 circumdata
980 2133 1132 2207 turbine
1148 2131 1253 2207 venti
1271 2136 1342 2205 310

293 2246 340 2320 In
358 2250 519 2347 patriam
536 2261 645 2349 rapta
661 2261 741 2341 est3
770 2250 836 2324 ubi
853 2249 931 2323 fixa
947 2248 1145 2322 cacumine
1163 2246 1305 2321 montis

294 2362 480 2464 Liquitur,
494 2377 533 2442 et
549 2367 723 2442 lacrimas
736 2367 943 2443 etiamnum
961 2389 1148 2440 marmora
1172 2373 1340 2440 manant.

327 2626 385 2674 298.
394 2626 481 2676 Ultima
491 2629 599 2686 tutabat,
611 2628 671 2692 etc]
679 2631 717 2678 Ex
725 2624 794 2693 Argi-
846 2628 906 2678 alios
917 2636 1033 2685 auctores,
1043 2625 1133 2677 relictis
1143 2625 1243 2686 Thebis,
1256 2625 1288 2676 ad
1302 2640 1344 2692 pa·
1378 2657 1380 2660 ⁴

294 2714 377 2747 vorum
394 2699 520 2749 traditione
536 2701 590 2750 dure
605 2710 705 2752 servate
720 2711 795 2760 erant,
846 2711 906 2753 111111
927 2702 997 2760 redit,
1011 2711 1037 2751 et
1054 2701 1080 2751 in
1095 2701 1148 2768 ipso
1167 2700 1259 2766 Sipylo,
1275 2717 1346 2766 quun

294 2772 421 2832 Meliboea,
447 2784 531 2840 postea
556 2776 651 2827 Chloris
675 2776 796 2841 dictast
846 2775 900 2841 ipsa
915 2776 960 2826 hoc
975 2792 990 2826 a
1006 2779 1067 2827 Jove
1081 2775 1197 2841 petiisset,
1208 2775 1236 2825 fit
1245 2775 1346 2841 lapidea.

294 2845 405 2912 Amycle,
416 2849 502 2913 hasque
512 2852 628 2917 templum
639 2853 738 2900 Latonas
753 2867 795 2902 ex·
847 2851 983 2901 Secundum
1003 2852 1143 2907 Homerum,
1154 2853 1258 2916 diriguit
1277 2849 1345 2900 etism

295 2930 438 2971 struxerant.
462 2923 521 2972 Vid.
533 2925 673 2982 Pausanias,
685 2926 795 2975 Corinth.
847 2926 957 2992 populus.

295 3012 319 3060 p.
333 2997 386 3044 160.
398 2995 440 3060 qui
451 2996 527 3054 addit,
538 3013 564 3047 se
576 3000 706 3049 Homerum
719 2999 796 3065 sequi,
880 3003 937 3051 306.
946 3001 1058 3066 Lingua3
1069 3015 1123 3065 quse
1132 3007 1219 3066 peccat
1227 2999 1346 3066 pandunt

296 3068 338 3133 qui
376 3070 467 3118 nullam
497 3073 640 3137 superfuisse
675 3084 797 3125 memoret.
847 3092 938 3142 paenas.

296 3142 415 3206 Hyginus,
444 3143 527 3194 tabula
555 3148 594 3196 10.
616 3147 698 3204 tradit,
724 3165 797 3198 unam
879 3153 936 3200 311.
954 3150 1050 3206 illontia,
1063 3147 1148 3216 Sipyli.
1180 3149 1346 3216 Ibiperpetuo

297 3215 403 3273 Chlorin,
421 3226 520 3282 nuptam
539 3221 626 3277 Neleo,
646 3223 797 3287 superstitem
846 3225 904 3274 flere
933 3224 1082 3273 credebatur.
1119 3223 1256 3282 Lacrimsr,·
1279 3224 1346 3288 vulgo

296 3289 377 3347 fuisse,
388 3290 520 3356 eademque
531 3293 624 3343 Chloris
634 3295 736 3344 occurrit
746 3298 797 3346 Ho-
848 3301 948 3348 lacrimis
969 3301 1017 3363 (ita
1039 3313 1135 3363 quoque
1156 3298 1230 3363 Regii
1252 3299 1345 3362 nostri.)

295 3378 371 3420 mero,
382 3365 467 3414 Odn.
477 3368 531 3416 130.
548 3369 707 3433 Apollodorus
716 3379 798 3420 auctor
846 3373 880 3422 At
895 3391 989 3422 manure
1003 3372 1091 3438 passim
1111 3389 1166 3422 cum
1185 3389 1245 3423 casu
1267 3384 1345 3440 quarto

296 3447 341 3496 est,
349 3439 421 3488 etiam
431 3457 506 3500 unum
517 3443 592 3491 fllium
604 3454 731 3503 servatum,
739 3444 797 3496 Am·
846 3447 975 3512 reperitur:
993 3447 1048 3496 vide
1065 3447 1203 3504 Heinsium,
1222 3448 1264 3512 qui
1281 3451 1345 3515 plura

297 3513 395 3580 phioua.
428 3514 467 3564 Sic
485 3515 534 3567 fere
549 3525 574 3566 et
588 3518 797 3570 Elidenses.Psu-
846 3520 946 3586 hujusce
956 3522 1181 3588 syntaxisexempla
1191 3522 1273 3571 refert.
1298 3525 1344 3572 No

296 3603 348 3639 sau.
358 3606 382 3637 v.
392 3607 416 3654 p.
428 3591 484 3638 417.
847 3605 921 3645 strum
928 3589 1044 3663 expressit
1052 3597 1152 3652 Seneca,
1160 3594 1346 3661 Agamemnone,

330 3665 387 3712 303.
400 3665 519 3730 Dlrtgrrit,
531 3674 641 3715 naturam
652 3683 748 3717 saxeam
759 3684 799 3717 ac·
847 3671 904 3719 371.
916 3670 958 3720 ubi
976 3670 1007 3720 de
1021 3669 1113 3718 Niobe:
1132 3670 1184 3718 Stat
1200 3689 1264 3720 nunc
1275 3672 1346 3735 Sipyli

298 3737 370 3801 cepit,
383 3745 411 3787 ut
420 3756 444 3787 v.
455 3741 509 3788 106.
542 3740 590 3790 Sed
606 3740 671 3790 idem
685 3751 710 3791 et
725 3742 755 3794 de
770 3743 799 3793 iis
848 3749 932 3796 uertice
942 3763 1026 3795 summo
1037 3746 1124 3793 Flebile
1135 3758 1224 3802 samm,
1233 3747 1267 3794 Et
1275 3749 1346 3795 adhue

297 3811 402 3876 ponitur,
415 3829 474 3878 quos
485 3831 591 3864 summus
599 3814 666 3864 dolor
672 3824 714 3865 aut
721 3825 799 3871 metus
848 3823 954 3869 lacrimas
959 3819 1189 3883 momnorafundunt
1198 3822 1344 3884 Antiquam-

298 3885 400 3968 in'yadit.
420 3887 464 3936 vii.
485 3890 540 3938 115.
573 3891 656 3954 quue
676 3905 746 3939 sensu
767 3893 798 3940 ab
847 3912 894 3944 var.
905 3894 993 3945 Confer
1001 3895 1139 3959 etPropert.
1147 3893 1238 3944 II.xri.
1246 3897 1270 3945 7.
1287 3897 1345 3945 Fon-

298 3959 366 4043 mitio
384 3959 449 4010 dicta
457 3961 552 4012 videtur
569 3962 649 4012 Niobe
665 3963 798 4030 diriguisse.
848 3979 897 4019 tem
907 3960 995 4018 lab‘ulae
1007 3968 1110 4019 ostendit
1121 3971 1227 4018 Pausan.
1238 3969 1315 4019 Attio.
1324 3987 1346 4035 p.

298 4032 416 4117 V¹d⁰.⁸d
437 4036 491 4085 146.
531 4037 668 4087 Secundum
686 4039 800 4088 Nostrum
851 4047 892 4094 49.
908 4044 949 4094 ubi
962 4056 1049 4103 narrat,
1060 4061 1094 4103 se,
1104 4053 1131 4094 ut
1142 4045 1240 4094 Nioben
1254 4055 1345 4111 specta·

298 4105 389 4156 Thebis
406 4117 498 4158 mutata
514 4119 539 4161 et
557 4121 628 4162 vento
649 4113 674 4161 in
690 4113 799 4180 Sipylum
848 4128 893 4177 ret,
910 4119 1045 4169 ascendisse
1062 4119 1087 4170 iu
1105 4120 1216 4186 Sipylum
1236 4128 1346 4176 montem,

298 4181 413 4232 translata
432 4190 483 4245 cst,
500 4186 564 4251 quod
586 4186 686 4237 mireris.
725 4190 799 4255 Apud
848 4194 930 4258 ibique
941 4191 1028 4244 vidisse
1038 4210 1122 4260 rupem
1131 4192 1345 4261 praecipitemque
