2812 5010
215 564 931 692 'fflmfflmffl

545 823 579 887 S.
596 822 635 888 P.
652 823 697 888 D.

147 1026 463 1103 NICOLAUS
501 1028 757 1104 ELIGIUS
795 1027 1089 1104 LEMAIRE.

92 1487 177 1582 EX
191 1537 233 1579 eo
247 1514 337 1600 quod
348 1513 503 1578 Nasorus
513 1513 653 1579 Carmen
667 1513 730 1580 hoc
745 1515 786 1580 de
800 1537 908 1580 rerum
919 1516 1144 1582 Transfomna·

89 1634 247 1710 tionibus,
260 1655 327 1698 non
344 1632 460 1698 eodem
477 1633 666 1718 inscriptum
682 1635 810 1699 nomine
827 1636 888 1700 tibi
901 1637 1061 1715 obveniat,
1077 1659 1144 1723 quo

89 1753 201 1837 priora
220 1752 288 1816 duo
302 1750 473 1828 volumina,
491 1772 533 1816 ne
553 1751 739 1829 credideris,
756 1751 876 1818 Lector
893 1756 1024 1838 optime,
1040 1764 1143 1818 trans-

89 1871 202 1956 fugam
221 1895 242 1935 a
263 1871 357 1935 nobis
379 1871 537 1935 defecisse
554 1871 657 1934 virum
678 1868 800 1935 consilii
819 1871 922 1935 nostri
939 1872 1141 1956 participem,

87 1989 272 2054 studiorum
306 1989 518 2064 hortatorem,
541 1968 824 2074 aemulatoremque
850 1988 1138 2074 diligentissimum,

88 2105 125 2170 J.
140 2106 184 2170 A.
200 2105 322 2183 Ausa,
335 2105 403 2191 qui,
418 2105 445 2168 si
457 2104 589 2189 quando
605 2127 626 2168 a
644 2103 755 2169 labore
770 2105 914 2192 incoepto
927 2107 1084 2173 desistere
1098 2108 1141 2173 ad

88 2236 219 2310 tempus
244 2235 380 2310 propter
401 2221 618 2288 valetudinem
642 2232 788 2307 cogatur,
813 2246 871 2288 nos
893 2245 1023 2309 quoque
1045 2235 1141 2310 cogat

89 2365 191 2428 opera
215 2344 398 2428 interrupta
421 2351 455 2406 et
480 2340 658 2427 pendentia
681 2340 874 2429 relinquere.
921 2341 1021 2415 Quod
1046 2366 1141 2408 omen

90 2459 150 2523 Dii
166 2469 324 2537 avertant,
340 2481 478 2544 quorum
496 2458 648 2543 auspiciis
667 2458 817 2525 inchoata
835 2483 887 2524 res
907 2470 1027 2538 nostra,
1045 2472 1079 2525 et
1097 2462 1141 2525 ad

90 2579 179 2644 hunc
193 2579 279 2644 diem
292 2576 427 2645 feliciter
441 2579 524 2643 adeo
538 2587 702 2664 provecta,
717 2588 766 2642 tot
785 2576 853 2643 fere
868 2577 929 2641 sibi
943 2577 1139 2655 laudatores,

90 2708 170 2784 quot
186 2698 271 2762 viros
294 2696 519 2763 Univeraitatis
538 2697 674 2763 Gallicae
697 2698 812 2762 studiis
834 2697 977 2764 faventes
997 2698 1140 2784 gratula-

91 2828 161 2893 tur;
184 2826 282 2900 atque
302 2816 340 2879 iis
359 2815 438 2901 ipsis
458 2816 590 2897 fruitur,
606 2816 657 2882 vel
673 2817 779 2894 iratis,
796 2817 853 2902 qui
872 2839 931 2882 nec
950 2817 1140 2882 movendam

91 2933 221 3016 quidem
240 2932 333 2996 nobis
353 2934 435 2997 tanti
453 2930 572 2998 laboris
591 2933 718 3012 molem,
736 2934 918 2999 Dictatoria
936 2935 1139 3011 auctoritate,

91 3073 131 3116 ne
146 3051 302 3127 dicamus,
317 3050 487 3115 subinvida
499 3061 619 3130 mente,
634 3052 938 3136 pronuntiaverant!

132 3168 243 3255 Hujus
257 3168 356 3254 igitur
370 3168 487 3246 laudis,
500 3190 574 3254 quae
589 3193 679 3254 spem
693 3179 883 3254 conceptam
897 3171 1011 3234 muum
1025 3171 1059 3233 in
1072 3193 1139 3234 mo·

90 3288 167 3351 dum
196 3289 413 3374 exsuperavit,
438 3300 564 3374 partem
589 3288 763 3375 legitimam
788 3288 910 3352 referre
936 3297 970 3351 et
991 3289 1085 3371 juvat
1107 3297 1140 3352 et

90 3406 185 3470 decet
208 3406 370 3471 Ovidiano
395 3408 576 3492 interpreti,
600 3409 666 3493 qui,
690 3416 861 3492 postquam
885 3406 919 3469 in
943 3404 1139 3470 Praefatione

89 3524 182 3606 primi
195 3523 364 3590 voluminis
384 3535 449 3590 tam
467 3526 546 3591 scite
561 3548 657 3611 quam
673 3525 840 3611 eleganter
853 3525 984 3588 modum
999 3523 1139 3607 praevius

89 3641 263 3724 aperuerit,
278 3664 345 3725 quo
366 3643 550 3728 corrigendi
563 3653 689 3708 veteres
710 3664 747 3707 ac
763 3641 1009 3726 interpretandi,
1028 3642 1073 3705 sic
1092 3640 1140 3703 in·

88 3768 284 3842 terpretatus
302 3770 365 3837 est,
377 3771 415 3826 ut
431 3783 467 3826 re
482 3763 554 3846 ipsa
567 3763 718 3839 vinceret,
734 3783 830 3849 quem
845 3763 913 3846 jam
929 3758 1058 3846 eloquio
1072 3760 1139 3823 vin-

88 3886 213 3940 centem
227 3889 435 3961 agnoverant,
451 3880 646 3963 quicumque
663 3879 780 3943 Latine
795 3879 909 3943 sciunt.
948 3876 1015 3942 Sed
1030 3900 1072 3942 ex
1086 3877 1137 3940 his

88 4016 162 4076 quae
189 3995 344 4078 praemisit
369 3995 612 4062 Commentariis
641 3999 675 4062 in
701 3996 882 4061 Heroidum
912 3994 1075 4080 Epistolas
1104 4003 1138 4056 et

88 4108 256 4176 Amatoria
278 4112 440 4191 Nasonis,
459 4116 544 4183 satis
562 4137 723 4199 superque
754 4114 812 4177 tibi
841 4114 989 4190 innotuit,
1018 4110 1138 4176 Lector

132 4248 208 4293 von.
224 4250 274 4294 111.
863 4253 882 4292 a
