2812 5010
192 351 257 416 262
482 348 520 412 P.
545 346 705 413 OVIDII
729 344 943 412 NASONIS

197 523 298 608 Quid
307 521 454 596 facitis?
474 521 559 619 quis
577 521 741 594 clamor?
761 518 832 594 ait:
854 542 941 616 qua,
953 517 1080 604 dicite,
1095 528 1233 604 nautae,

196 639 282 712 Huc
300 663 371 736 ope
389 638 566 739 pervenit
595 662 670 734 quo
687 662 748 710 me
765 635 908 711 deferre
925 635 1091 734 paratis?

195 754 301 828 Pone
318 764 471 839 metum,
491 753 666 840 Proreus,
687 764 725 828 et
742 778 836 850 quos
854 752 1070 849 contingere
1086 761 1218 852 portus

1162 870 1235 940 635

196 869 278 944 Ede
295 869 400 955 velis,
419 868 537 957 dixit3
568 879 666 943 terra
683 869 815 943 sistere
832 868 962 966 petita.

196 986 345 1072 Naxon,
367 986 419 1060 ait
438 984 561 1070 Liber,
580 1010 711 1059 cursus
720 985 912 1061 ‘advertite
928 995 1082 1060 vestros,

199 1101 270 1176 Illa
286 1102 377 1174 mihi
395 1102 527 1175 domus
546 1111 625 1190 est;
654 1102 758 1174 vobis
777 1100 846 1174 erit
863 1100 1011 1198 hospita
1027 1100 1152 1174 tellus.
1219 1139 1221 1145 ·

196 1217 271 1290 Per
288 1240 389 1290 mare
406 1215 571 1302 fallaces
591 1240 732 1313 perque
750 1216 874 1289 omnia
889 1216 1041 1289 numina
1054 1217 1184 1312 jurant

199 1331 262 1404 Sic
276 1331 375 1420 iore3
406 1355 542 1427 meque
556 1331 692 1428 jubent
709 1331 819 1429 pictae
838 1331 927 1404 dare
943 1330 1025 1404 vela
1038 1329 1189 1403 carinae.

198 1446 367 1520 Dextera
382 1445 512 1519 Naxos
526 1456 625 1519 erat:
646 1446 779 1519 dextra
792 1446 881 1517 mihi
898 1445 1014 1519 lintea
1027 1445 1143 1532 da'nti,
1164 1448 1238 1518 640

197 1561 298 1645 Quid
315 1561 418 1649 iacis,
433 1586 455 1634 ο
473 1562 654 1635 demens?
673 1561 757 1659 quis
771 1571 809 1635 te
822 1561 932 1648 furor,
944 1552 1237 1659 inquit,Acoete,

196 1675 271 1749 Pro
289 1700 329 1748 se
347 1677 521 1773 quisque,
540 1678 667 1751 tenet?
686 1679 816 1750 laevam
834 1689 943 1776 pete:
962 1677 1128 1750 maxima
1144 1685 1238 1748 nutu

197 1791 291 1865 Pars
303 1792 392 1863 mihi
404 1792 605 1889 significat3
627 1818 726 1891 pars,
739 1793 830 1891 quid
840 1794 941 1880 velit,
954 1816 1041 1867 aure
1055 1799 1237 1864 susurrat.

107 2004 111 2013 Ι
198 1907 409 2005 Obstupui;
440 1908 640 2006 capiatque
658 1911 752 1984 alius
770 1909 1034 1993 moderamina,
1053 1906 1155 1980 dixi:

197 2021 340 2119 Meque
354 2023 558 2098 ministerio
573 2024 800 2120 scelerisque
814 2024 979 2120 artisque
992 2021 1143 2095 removi.
1165 2024 1239 2094 645

198 2137 377 2235 increpor
391 2163 413 2212 a
427 2139 592 2228 cunctis3
612 2150 809 2235 totumque
819 2140 1076 2211 immurmurat
1087 2159 1237 2232 agmen.

199 2251 231 2324 E
251 2253 387 2349 quibus
406 2254 615 2344 AEthalion3
645 2255 699 2328 Te
717 2254 863 2328 scilicet
880 2252 999 2327 omnis
1018 2252 1056 2322 in
1074 2277 1149 2325 uno

196 2367 233 2440 N
236 2380 336 2442 ostra
354 2371 454 2443 salus
472 2369 598 2468 posita
614 2381 683 2458 est,
697 2371 769 2445 ait:
790 2380 830 2443 et
847 2368 948 2442 subit
965 2369 1068 2465 ipse;
1090 2391 1234 2441 meum-

197 2481 338 2581 Explet
355 2508 470 2582 opus;
494 2484 681 2582 Naxoque
694 2485 790 2583 petit
802 2484 948 2558 diversa
966 2483 1108 2558 relicta.
1144 2485 1238 2581 [que

227 2697 283 2744 634.
305 2697 400 2744 Proreus
415 2696 506 2745 Graecis
522 2705 558 2747 est
575 2699 603 2755 is,
617 2714 688 2762 quem
740 2709 806 2763 parte
814 2701 952 2762 pingebatur
963 2707 1003 2747 aut
1015 2699 1083 2746 Deus
1096 2697 1166 2746 navis
1176 2707 1239 2747 tute-

195 2771 271 2818 Ovidr
277 2787 345 2819 versu
356 2772 411 2819 617.
427 2788 498 2833 prore
509 2774 603 2820 tutelam
618 2771 687 2820 dixit.
737 2772 802 2828 laris,
811 2780 851 2820 aut
863 2772 927 2820 aliud
936 2772 1056 2837 quoddam
1066 2771 1168 2836 insigne,
1176 2772 1239 2821 unde

193 2843 233 2890 Ab
243 2842 339 2906 Hygino
353 2842 378 2892 in
393 2844 490 2909 antiquo
506 2845 635 2910 exemplari
646 2847 689 2894 ab·

194 2914 240 2962 luit
254 2915 298 2962 hoc
313 2932 398 2965 nomen
406 2935 413 2976 3
430 2917 510 2981 itaque
525 2919 631 2967 nonnulli
643 2935 687 2983 pu-

193 2987 281 3045 tdrunt,
293 2990 406 3038 Nostrum
420 3006 449 3039 ex
464 2992 557 3041 nomine
571 2991 640 3040 officii
655 2993 689 3042 le·

194 3061 253 3110 cisse
265 3079 348 3111 nomen
358 3064 485 3128 proprium.
510 3066 567 3115 Vid.
578 3067 688 3116 Mnnlrer.

194 3134 225 3182 ad
242 3135 332 3199 Hygin.
361 3137 450 3193 Nason,
461 3138 514 3186 vide
532 3139 621 3186 adver.
633 3141 688 3188 577.

195 3208 271 3255 Nasos
297 3208 375 3257 insula
401 3219 438 3257 est
458 3210 536 3274 AEgaei
557 3211 689 3274 Cycladum

193 3280 331 3338 clarissima,
356 3299 410 3346 quae
435 3292 458 3331 et
476 3284 599 3347 Dionysius
625 3285 690 3334 dicta

194 3353 247 3410 fuit,
259 3363 286 3403 ut
298 3355 375 3419 inquit
388 3356 489 3413 Solinus,
500 3359 538 3406 vel
554 3358 618 3421 quod
635 3358 689 3408 hos-

194 3427 245 3491 pita
272 3429 367 3477 Baccho
390 3428 468 3487 tuerit,
492 3430 533 3494 qui
561 3430 690 3495 Dionysius

193 3503 380 3566 cognominatur,
396 3504 433 3552 vel
452 3505 516 3568 quod
534 3504 584 3554 vini
604 3505 687 3554 fertili-

193 3583 244 3624 tate
255 3577 314 3625 alias
324 3577 444 3642 Cycladas
454 3579 534 3627 vincat
539 3596 546 3639 3
566 3579 627 3627 unde
635 3579 689 3628 Vir-

194 3649 274 3712 gilius,
295 3650 393 3698 AEneid.
410 3650 444 3700 iii.
466 3656 526 3701 125:
549 3655 690 3701 emelotam-

192 3727 306 3788 quejugis
318 3725 409 3774 Neron.

226 3796 282 3843 637.
300 3797 393 3854 Domus,
404 3798 489 3863 patria,
499 3802 593 3863 hospita,
609 3801 690 3866 benig-

194 3885 224 3916 no
239 3886 281 3918 vos
295 3870 395 3936 hospitio
410 3873 520 3938 excipiet.
552 3875 640 3924 Contra
655 3879 692 3924 in·

194 3943 280 4003 hospita
291 3955 357 4002 tectu,
368 3946 385 3994 i.
395 3949 452 3996 ala.
461 3949 502 3996 ubi
510 3949 565 3998 vide
576 3959 626 3999 not.

227 4018 283 4065 636.
302 4019 348 4066 Per
356 4037 417 4068 mare
424 4022 503 4085 jurare
515 4023 621 4072 solebant
631 4040 689 4072 nau-

193 4100 232 4139 tae.
267 4093 348 4141 Omnia
363 4097 467 4151 nemine,
479 4097 538 4144 bene
549 4105 617 4146 notat
631 4097 688 4146 levi-

193 4172 267 4212 tatem
285 4175 417 4215 nautarum.
451 4168 479 4215 In
499 4177 597 4218 externa
614 4187 687 4235 prorae

738 2849 793 2895 navi
807 2861 893 2894 nomeu
909 2855 979 2902 esset,
990 2847 1003 2893 Ι
1015 2846 1086 2894 Trist.
1099 2863 1123 2893 x.
1134 2847 1165 2906 23
1182 2845 1239 2894 hinc

737 2923 798 2981 pieta
820 2923 909 2967 euriae.
946 2919 994 2968 Sed
1020 2919 1137 2968 interdum
1162 2927 1238 2968 totam

739 2993 798 3041 adeo
809 3009 893 3042 navem
904 2993 1039 3058 pingebant.

771 3068 829 3115 642.
847 3067 896 3113 Pro
916 3084 938 3114 se
959 3070 1058 3129 quisque,
1076 3065 1129 3116 aad
1148 3065 1240 3116 ἑαυτὸν

739 3139 847 3198 ἕκαστος,
874 3146 989 3204 quantum
1020 3139 1120 3205 quisque
1151 3149 1241 3206 potest.

739 3214 778 3262 De
793 3214 894 3262 formula
908 3217 957 3276 quis
966 3214 1049 3278 furor,
1059 3214 1114 3262 vide
1131 3213 1162 3262 ad
1179 3216 1238 3263 531.

741 3288 849 3350 Quisque,
862 3296 930 3336 tenet.
962 3287 1043 3335 Nostri
1060 3286 1141 3351 Regii,
1157 3291 1238 3344 timet,·

739 3377 814 3410 errore
823 3361 902 3421 iacili;
914 3377 969 3410 uam
979 3361 1037 3424 quid
1046 3361 1179 3409 timendum
1191 3362 1239 3409 tore

740 3434 862 3483 crederent
872 3451 887 3483 a
897 3435 985 3500 juvene
996 3450 1067 3498 quem
1078 3450 1125 3482 nou
1135 3449 1239 3497 agnove-

737 3518 798 3566 rant,
809 3509 849 3557 isti
862 3519 941 3558 nautae
959 3507 1058 3574 perfidit
1085 3510 1156 3565 Aure,
1167 3509 1240 3574 paulo

739 3582 883 3639 insolentius,
896 3581 1020 3632 inaurem.

771 3657 827 3706 645.
850 3657 1015 3713 Ministerinm,
1033 3671 1085 3706 voc.
1102 3655 1238 3705 nauticum.

740 3729 825 3794 Virgil.
842 3730 939 3780 AEneid.
955 3730 989 3779 vi.
1007 3730 1064 3779 302.
1088 3731 1144 3777 velis
1161 3732 1241 3779 minis-

741 3814 797 3852 trat.
829 3805 867 3853 Sic
887 3814 912 3853 et
930 3804 1007 3854 Tacit.
1023 3806 1087 3852 Mor.
1102 3804 1187 3853 Germ.
1201 3805 1241 3854 44.

742 3880 821 3926 Artem
829 3879 928 3927 Ienzius
937 3878 1103 3943 interpretatur
1112 3877 1141 3926 de
1149 3877 1242 3927 fraude.

742 3954 871 4002 AEtlmlion.
903 3951 1021 4017 Hyginus.
1038 3952 1165 4000 Eulaliae.
1194 3953 1240 4001 Es·

738 4028 787 4087 piet
803 4043 875 4074 meum
890 4043 944 4088 opus
952 4043 962 4084 ,·
979 4025 1042 4074 vices
1058 4040 1124 4074 meas
1141 4025 1242 4090 peragit.

740 4099 1241 4165 Diuersa,locaopposita,contrariameceli

738 4180 830 4236 partem
841 4172 983 4238 spectantia.
