2812 5010
175 339 240 406 368
467 337 506 403 Ρ.
531 331 692 402 OVIDII
715 331 928 400 NASONIS

179 512 274 597 Quae
291 513 361 586 tibi
378 512 596 586 causariae?
614 531 681 583 cur
695 508 759 596 sis,
774 508 978 595 Arethusa,
989 529 1095 580 sacer
1113 505 1223 579 fons?

180 628 406 703 Conticuere
424 629 557 717 undae3
587 650 747 725 quarum
766 625 850 701 Dea
866 623 1018 699 sustulit
1035 624 1111 697 alto
1181 678 1184 683 -

179 744 299 819 Fonte
316 755 442 843 caput,
455 744 669 841 viridesque
686 766 798 816 manu
817 742 958 815 siccata
971 738 1130 838 capillos
1148 742 1221 812 575

180 860 362 934 Fluminis
380 860 463 935 Elei
479 870 626 934 veteres
645 858 807 933 narravit
822 881 989 931 amores:

179 985 204 1016 “
223 977 318 1051 Pars
345 1002 415 1075 ego
434 977 710 1076 Nympharum,
731 999 815 1073 quae
842 983 930 1047 sunt
956 973 996 1044 in
1012 967 1222 1059 Achaide,''

179 1101 204 1132 “
221 1092 311 1167 Una
327 1093 399 1182 fui3
420 1119 490 1166 nee
508 1119 569 1167 me
587 1093 790 1167 studiosius
809 1093 927 1165 altera
939 1090 1058 1163 saltus
1094 1085 1220 1183 [dixit

177 1207 299 1306 Legit,
318 1234 388 1284 nec
407 1209 533 1307 posuit
550 1209 753 1283 studiosius
772 1209 890 1282 altera
906 1230 1048 1280 casses.
1148 1204 1219 1275 579

179 1324 268 1412 Sed,
282 1325 452 1423 quamvis
462 1324 590 1399 formae
601 1348 795 1422 nunquam
807 1323 899 1398 mihi
910 1323 1009 1397 sarna
1018 1320 1142 1420 petita
1150 1329 1219 1404 est,

178 1439 358 1524 Quamvis
376 1441 481 1515 fortis
499 1465 613 1527 eram,
632 1441 804 1514 formosae
822 1464 958 1514 nomen
975 1438 1176 1513 habebam.

176 1665 674 1731 Nymphaiaejusduminelavatur,amore
724 1682 779 1717 eum
790 1665 909 1716 Guarinus
919 1663 997 1713 Italus
1009 1661 1148 1728 celebravit.
1181 1661 1221 1709 Sa·

176 1739 228 1804 ejus
244 1739 346 1788 ardescit
361 1739 537 1805 fugientemque
554 1741 673 1806 persequi·
724 1758 770 1798 cer,
779 1755 903 1789 commuue
914 1738 1036 1805 epitheton
1046 1736 1157 1785 fontium.

176 1816 230 1874 tur3
247 1821 272 1862 et
281 1812 323 1861 ubi
336 1811 379 1862 illa
387 1814 414 1862 in
423 1814 513 1863 fontem
527 1822 639 1872 mutatur,
650 1823 675 1864 et
756 1816 813 1865 874.
825 1815 968 1872 Conticuere,
978 1819 1083 1876 strepere
1093 1809 1219 1864 desierunt,

177 1884 228 1951 ipse
241 1887 267 1935 in
282 1887 386 1953 proprias
399 1887 476 1938 undas
491 1888 598 1945 vertitur,
609 1896 635 1938 ut
649 1905 675 1939 se
724 1890 750 1938 iu
766 1889 878 1940 honorem
889 1887 1008 1954 Nympha
1020 1887 1073 1952 jam
1083 1886 1158 1935 verba
1173 1883 1218 1932 fac-

178 1958 316 2010 eimisceat.
349 1961 436 2010 Confer
448 1961 582 2011 Pausanv.
590 1979 615 2028 p.
626 1964 675 2013 389
724 1972 793 2012 turre.
820 1962 909 2011 Virides
917 1964 1002 2010 sicema
1012 1960 1114 2022 eapitbs,
1124 1965 1152 2008 ut
1161 1957 1219 2005 libro

177 2047 231 2097 sqq.
241 2034 283 2098 qui
298 2043 322 2083 et
336 2033 412 2091 addit,
424 2035 511 2084 fabular
526 2034 582 2084 inde
596 2037 675 2086 locum
724 2035 750 2086 ii.
768 2038 806 2087 12.
822 2039 939 2093 uidentur,
957 2035 1016 2084 Pars
1033 2038 1060 2083 in
1076 2035 1133 2081 mole
1147 2035 1219 2082 went

176 2107 269 2164 datum,
280 2107 337 2172 quia
349 2107 375 2156 in
385 2108 526 2159 Arethusam
540 2108 630 2159 iontem
646 2111 676 2159 il-

177 2181 272 2253 labatur
282 2182 409 2247 Alpheue3
427 2182 457 2233 de
473 2199 520 2249 quo
536 2200 611 2234 errore
625 2184 675 2234 die-

176 2263 228 2306 tum
239 2255 270 2305 ad
278 2272 371 2307 versum
382 2258 439 2308 487.
459 2257 588 2307 Varietatis
595 2275 676 2318 causa,

175 2338 247 2395 poeta
260 2329 337 2396 ipsam
347 2330 490 2380 Arethusam
500 2333 550 2381 lata
564 2349 608 2382 sua
621 2349 674 2382 nar-

173 2414 267 2455 rantem
282 2405 385 2455 induxit.
420 2407 499 2472 Exigit
517 2409 579 2456 alma
600 2409 674 2459 Ceres.

175 2479 245 2529 Saltu
260 2479 324 2528 tacto
338 2479 422 2529 transit
439 2480 470 2530 ad
485 2496 551 2545 seqq.
563 2481 674 2547 Cogitan-

176 2552 234 2601 tlnm
248 2553 329 2617 igitur,
339 2553 459 2611 Cererem,
475 2554 606 2620 impetretis
621 2573 675 2622 pre-

176 2626 253 2683 cibus,
264 2626 288 2674 in
305 2626 411 2676 Siciliam
422 2627 527 2677 rediisse.
562 2630 626 2677 Nutu
642 2646 674 2678 se-

175 2717 234 2750 eum
243 2710 340 2762 receptu.
358 2701 492 2752 Gronovius
502 2703 607 2752 malebat
617 2715 676 2754 mre
694 2757 697 2763 ,

175 2790 255 2825 secura
274 2786 376 2838 recepte,
394 2775 459 2842 quod
476 2777 547 2825 valde
564 2778 677 2843 placebat

175 2848 290 2910 Heinsi03
313 2850 370 2914 quia
387 2864 416 2900 ee
433 2865 480 2900 vox
499 2867 554 2901 cum
568 2853 674 2916 genitivo

174 2923 315 2989 plerumque
325 2922 462 2988 reperiatur,
471 2925 513 2974 sed
524 2926 675 2976 Burmannus

175 3000 255 3045 tuetur
265 2997 405 3047 ablativum.
421 2999 492 3064 Regii
503 2999 576 3048 nostri
586 3000 675 3051 habent

175 3080 362 3133 nutu-recepta.
397 3073 453 3126 Qua
469 3091 538 3122 causo
556 3077 605 3132 eioe,
623 3092 674 3134 cur,

176 3145 229 3193 loco
247 3153 346 3202 mutato,
363 3153 431 3196 extra
445 3147 547 3211 patriam
565 3149 674 3207 cernaris,

176 3234 224 3267 non
237 3227 264 3267 ut
277 3219 371 3278 fluvius,
381 3220 424 3268 sed
439 3228 466 3268 ut
474 3221 542 3282 fons.
576 3222 674 3272 Fontem

175 3292 240 3342 hunc
256 3291 368 3342 describit
385 3293 437 3343 Cic.
449 3296 516 3344 Verr.
527 3294 561 3344 iv.
573 3298 620 3345 53:
644 3299 675 3347 in

175 3369 253 3416 insula
261 3367 340 3432 (parte
349 3369 529 3433 Syracusarum)
539 3379 636 3419 extrema
643 3382 675 3420 est

167 3440 227 3506 fons
242 3457 305 3504 oque
320 3444 403 3499 dulcis,
415 3445 454 3490 cui
471 3460 551 3492 nomen
561 3446 675 3495 Arethusa

175 3525 216 3573 est,
233 3514 362 3564 incredibili
380 3519 549 3581 magnitudine,
568 3520 674 3579 plenissi-

175 3607 225 3640 mus
229 3594 326 3655 piscium
332 3610 340 3638 .·
347 3593 468 3655 quiflrmtu
474 3601 534 3640 totus
539 3596 673 3655 operiretur,

176 3667 221 3714 nisi
231 3669 355 3714 munitione
365 3684 393 3714 uc
407 3667 464 3715 mole
480 3669 581 3729 lapidum
592 3687 607 3716 a
617 3673 676 3718 mari

175 3741 305 3800 disjunctus
315 3749 376 3788 esset.
392 3739 501 3789 Eundem
508 3743 676 3801 nitidissimum,

175 3815 206 3859 od
216 3816 262 3860 ima
274 3815 420 3876 perlucidum
430 3816 609 3878 nominibusque
619 3819 675 3865 cele·

175 3886 326 3934 brutissimum
347 3895 415 3934 vocat
435 3887 533 3945 Seneca,
554 3888 676 3939 Gonsolat.

176 3958 207 4006 ad
217 3959 295 4008 Marc.
305 3961 348 4008 17:
367 3968 392 4008 et
402 3960 448 4010 suit
463 3961 522 4010 adeo
536 3965 675 4013 memorabi-

174 4031 213 4088 lis,
224 4039 251 4081 ut
262 4032 326 4083 Plin.
336 4034 398 4083 Hist.
408 4036 466 4085 Nat.
476 4036 511 4085 iii.
522 4037 537 4084 8
548 4052 568 4085 s.
582 4038 619 4088 14.
630 4039 673 4105 Sy·

175 4120 274 4155 racusas
287 4107 322 4156 ita
336 4116 435 4167 notaret,
448 4111 541 4158 Colonia
557 4112 674 4174 Syracuse

176 4181 228 4227 bum
238 4180 307 4243 fonte
318 4183 441 4232 Arethusa.
467 4184 673 4236 ‘Erecentioribus

723 2110 810 2160 virides
820 2113 905 2159 sicem
916 2111 1016 2171 capillos.
1048 2109 1089 2156 De
1099 2107 1146 2155 hoc
1154 2113 1219 2173 gestu

723 2183 830 2242 dictura,
849 2184 904 2234 vide
924 2188 996 2250 supra
1015 2181 1047 2230 ad
1068 2183 1126 2231 487.
1159 2181 1218 2234 Elei,

724 2260 781 2324 qnia
801 2259 912 2308 Eleorum
930 2257 989 2306 fines
1009 2256 1091 2320 irrigat
1109 2263 1135 2304 et
1151 2269 1220 2320 supra

724 2335 849 2401 Cyllenen,
871 2333 982 2382 Eleorum
999 2332 1094 2389 navale,
1113 2330 1139 2379 in
1158 2345 1219 2379 mare

722 2407 864 2464 infunditur,
875 2406 1001 2455 honoribus
1018 2405 1079 2454 adeo
1090 2404 1178 2454 divinis
1191 2405 1219 2452 ab
1230 2444 1234 2448 ,

724 2480 788 2530 Eleis
807 2481 900 2538 colitur,
920 2495 1060 2545 quanquam
1079 2478 1158 2529 fontes
1173 2479 1220 2544 ejus

724 2555 749 2604 in
759 2555 864 2605 Arcadia
874 2554 1030 2622 reperiuntur.
1046 2554 1153 2603 Pausan.
1161 2568 1184 2603 v.
1193 2568 1219 2618 p.

725 2631 783 2679 889.
800 2645 820 2678 s.
835 2631 900 2688 ³993
916 2627 965 2677 viii.
982 2645 1007 2692 p.
1018 2629 1076 2677 709.
1110 2627 1220 2677 Celebra-

724 2711 763 2753 tus
774 2712 799 2754 et
808 2704 850 2753 ille
860 2703 946 2769 poetis.
971 2703 1057 2751 Senes.
1067 2704 1103 2752 Ν.
1113 2705 1146 2762 Q.
1157 2703 1189 2752 vi.
1198 2703 1220 2750 8.

728 2779 824 2835 Veteres,
835 2777 952 2843 pristinos.

757 2854 813 2902 577.
836 2852 895 2900 Pars
915 2867 954 2915 ego
973 2850 1149 2914 Nympharum,
1161 2850 1219 2914 ete]

723 2925 772 2975 Hic
788 2935 824 2975 est
840 2925 976 2990 exemplum
992 2933 1016 2972 et
1032 2925 1148 2990 simplicis
1158 2925 1222 2975 illius

724 2999 925 3064 venustatisque
936 2997 1083 3048 sermonibus
1092 2999 1221 3062 additgra-

724 3074 791 3130 tiam,
814 3083 839 3123 et
865 3081 955 3122 exacte
981 3073 1130 3128 uenationis.
1164 3075 1222 3123 Pars

723 3165 780 3204 una,
798 3164 855 3197 una.
887 3148 909 3196 E
929 3146 1055 3196 traditione
1075 3149 1178 3214 antiqua
1197 3157 1221 3197 et

725 3223 833 3289 Alpheus
846 3222 891 3272 luit
900 3233 1006 3279 venator,
1016 3216 1083 3288 ἀνὴρ
1094 3223 1221 3289 θηρευτὴς,

723 3305 748 3346 et
765 3296 886 3346 Arethusa
900 3295 1131 3346 venationi-devota.
1162 3297 1220 3346 Haec

723 3369 802 3427 illum,
819 3369 937 3419 connubia
956 3369 1008 3434 ejus
1023 3384 1146 3434 respuens,
1162 3371 1221 3434 fugit

724 3443 749 3493 in
766 3444 869 3493 insulam
883 3444 1016 3508 Ortygiam,
1029 3442 1070 3492 ubi
1087 3443 1113 3500 ἐξ
1126 3443 1220 3510 ἀνθρώ·

725 3534 775 3566 που
792 3517 887 3583 ἐγένετο
906 3516 986 3583 πηγή·
1004 3532 1051 3582 quo
1069 3519 1139 3567 laeto
1150 3518 1220 3567 etiam

724 3590 833 3657 Alpheus
842 3607 890 3657 prae
901 3606 979 3640 amore
994 3598 1137 3641 extenuatus
1150 3592 1219 3641 estin

724 3665 833 3715 fluvium.
860 3665 998 3723 Pausanias,
1011 3681 1036 3731 p.
1054 3668 1113 3716 ³90.
1146 3668 1220 3733 Legit,

724 3740 797 3804 elegit
807 3740 881 3789 saltus
892 3749 959 3805 aptos
969 3739 1000 3789 ad
1009 3740 1156 3792 venandum.
1182 3742 1220 3790 Sic

725 3831 796 3880 supra
805 3814 830 3864 ii.
839 3816 897 3863 448.
908 3817 980 3863 saltus
990 3817 1057 3880 eligit
1064 3826 1137 3878 aptos.

757 3893 813 3941 580.
833 3891 941 3946 Quamvis
948 3891 1041 3956 forme,
1060 3893 1121 3956 ete]
1139 3893 1217 3941 Vena-

724 3965 794 4015 trices
810 3965 928 4031 Nympha
945 3968 989 4013 ne'c
1007 3979 1113 4014 amorem
1130 3974 1217 4020 creant,

724 4056 769 4089 nec
790 4040 976 4097 adeo-formam,
996 4038 1040 4088 sed
1060 4039 1216 4090 fortitudinem

724 4129 766 4163 seu
776 4115 847 4163 robur
856 4113 1020 4163 membrorum.
