2812 5010
173 319 238 384 116
469 316 508 380 Ρ.
533 313 695 380 OVIDII
719 311 932 379 NASONIS

174 492 290 566 Dicor
302 519 311 581 ;
321 501 372 565 ¹et
384 488 584 564 herbarum
596 489 769 586 subjecta
781 486 951 587 potentia
964 488 1088 562 nobis.

174 607 250 683 Hei
268 606 372 695 mihi,
384 608 487 704 quod
501 607 613 679 nullis
629 630 732 680 arnor
747 615 806 680 eat
821 603 1056 679 medicabilis
1073 602 1221 679 herbis!

174 724 210 799 N
214 749 258 800 eo
269 728 428 822 prosunt
436 722 600 810 domino,
614 746 699 820 quae
710 731 870 819 prosunt
879 721 1066 808 omnibuS,
1079 719 1223 801 artes!”

173 841 290 914 Plura
305 840 518 915 locuturum
535 838 667 912 timido
686 836 831 915 Peneia
848 861 961 916 eursu
1148 839 1221 910 525

175 956 289 1053 Fugit
299 983 308 1045 3
337 979 501 1052 cumque
519 955 602 1053 ipso
620 953 734 1028 verba
750 951 971 1051 imperfecta
987 952 1153 1049 reliquit.

173 1072 272 1146 Turn
285 1093 439 1171 quoque
452 1070 532 1145 visa
545 1071 707 1145 decens:
727 1069 923 1143 nudabant
935 1092 1092 1167 corpora
1104 1067 1220 1154 venti,

174 1188 375 1287 Obviaque
394 1187 571 1262 adversas
588 1187 787 1261 vibrabant
803 1187 956 1262 flamina
972 1195 1111 1271 vestes,

175 1302 227 1378 Et
243 1303 335 1378 levis
354 1303 527 1401 impexos
546 1313 644 1377 retro
662 1303 777 1377 dabat
793 1327 883 1376 aura
900 1302 1077 1401 capillos3

174 1420 376 1519 Auctaque
396 1417 515 1492 forma
537 1418 627 1515 fuga
646 1429 726 1493 est:
757 1420 825 1493 sed
846 1419 946 1493 enirn
966 1442 1042 1493 non
1059 1417 1223 1491 sustinet

105 1626 109 1633 ι
324 1535 425 1608 ultra
1148 1537 1223 1606 530

173 1651 340 1726 Perdere
357 1646 561 1725 blanditias
574 1649 723 1746 juvenis
740 1648 867 1723 Deus:
889 1658 1008 1747 utque
1029 1649 1206 1722 movebat

178 1922 252 1982 13'72.
276 1931 352 1982 Primi
360 1932 535 1984 autemmedici
546 1939 615 1981 erant
623 1932 674 1982 clri-
757 1934 813 1982 527.
822 1933 950 1982 Nudabant
956 1949 1058 1994 empore,
1064 1930 1124 1995 ete]
1134 1932 1226 1995 Magna

174 2007 247 2074 rurgi,
263 2008 387 2073 omnisque
403 2023 483 2056 eorum
498 2006 598 2057 scientia
613 2015 673 2065 erat,
725 2006 785 2064 laus,
797 2006 817 2055 si
828 2023 899 2072 quem
910 2006 990 2055 omnia
1000 2006 1101 2055 decent:
1113 2005 1163 2054 viii.
1173 2007 1223 2066 25;

175 2099 243 2132 nosse
264 2082 313 2132 vim
333 2082 467 2132 herbarum.
501 2080 587 2131 Celsus
608 2081 675 2146 praef.
725 2097 751 2129 x.
771 2084 828 2131 590.
860 2081 972 2146 Sequitur
999 2080 1065 2135 alind
1088 2080 1223 2146 exemplum

176 2157 261 2221 ltaque
273 2156 348 2213 addit,
358 2166 379 2205 et
388 2158 571 2211 labarenetc.
586 2155 675 2220 Opifer.
726 2156 857 2221 phantasiae
870 2155 1004 2204 Ovidiana.
1025 2156 1149 2205 Venantes
1160 2161 1225 2204 veste

173 2228 238 2278 Hinc
249 2229 336 2294 Apollo
346 2227 498 2295 βοηδρόμος
510 2237 534 2279 et
547 2226 675 2295 ἅοσσήτηρ
725 2229 791 2278 brevi
810 2244 881 2294 supra
906 2245 969 2293 genu
991 2228 1118 2279 succinctas
1137 2236 1223 2280 erant:

176 2302 358 2369 apudGriacos.
726 2302 796 2366 Virg.
817 2303 876 2351 AEn.
895 2302 912 2352 i.
931 2304 988 2352 320.
1014 2302 1074 2352 Vid.
1096 2302 1225 2368 Spanlrem.

209 2378 268 2426 522.
280 2377 433 2440 Herbarum]
444 2379 510 2436 Quas
521 2374 547 2426 iu
557 2375 676 2425 medicina
726 2377 757 2425 ad
769 2376 864 2427 Gallim.
876 2376 1088 2427 antemittit.

175 2461 285 2518 potentes
302 2453 337 2500 sol
352 2466 366 2502 a
381 2460 444 2502 terra
457 2450 531 2500 elicit.
559 2452 674 2509 Potentia,
757 2453 816 2500 528.
834 2450 1068 2514 Aduersus-entes]
1088 2450 1140 2499 Has
1158 2449 1225 2501 venti

175 2525 220 2584 vis,
240 2527 356 2576 efficacia.
389 2527 457 2591 Virg.
476 2527 536 2574 AEn.
558 2525 599 2574 xii.
619 2527 675 2575 396.
725 2526 859 2582 vibrabant,
879 2538 927 2588 quo
943 2525 1016 2572 verbo
1036 2523 1154 2588 exquirito
1172 2525 1225 2588 pin-

175 2603 233 2649 soire
248 2609 368 2663 potestates
389 2602 518 2656 laborum,
536 2608 560 2648 et
579 2598 620 2648 vii.
635 2602 674 2649 19.
725 2605 813 2663 guntur
823 2596 881 2646 varii
896 2605 974 2646 motus
984 2597 1064 2654 vestis,
1076 2613 1151 2662 quum
1162 2613 1226 2651 nuuc

173 2676 362 2736 potenterherbae.
386 2674 464 2722 Fortes
475 2675 554 2730 huba,
562 2672 673 2722 instaur.
724 2687 817 2722 sursum
835 2671 974 2736 agitaretur,
994 2687 1058 2721 nuuc
1078 2672 1225 2739 expendere-

178 2749 235 2797 534.
724 2754 770 2804 tur,
789 2761 852 2795 nunc
873 2754 934 2794 retro
951 2747 1042 2797 flueret.
1074 2745 1131 2794 Pari
1150 2762 1226 2800 venu-

209 2823 266 2870 523.
279 2822 345 2876 Quod
356 2820 505 2883 nnllir,etc.]
518 2820 610 2870 Eadem
621 2836 673 2869 sen·
724 2829 793 2881 state,
803 2819 831 2869 ii.
843 2821 904 2869 875:
923 2822 1024 2869 tremula
1038 2823 1166 2869 sinuentur
1173 2822 1224 2886 flu-

175 2895 253 2945 tentia
264 2894 378 2944 Heroidd.
389 2913 414 2946 v.
428 2896 489 2944 149:
509 2896 550 2944 Me
563 2898 674 2953 miserum,
724 2897 784 2944 mine
801 2904 877 2943 aedes.
904 2895 943 2945 cf.
955 2903 979 2943 et
989 2894 1022 2944 xi.
1032 2894 1081 2948 470
1088 2912 1096 2955 ;
1114 2896 1180 2945 Fast.
1190 2893 1226 2946 iii.

175 2972 235 3033 quod
252 2988 315 3018 amor
330 2979 424 3019 nonest
439 2971 578 3018 medicabilis
594 2972 674 3020 teron
725 2971 781 3018 585.
809 2969 890 3018 Verba
904 2970 968 3019 obuio
984 2977 1008 3017 et
1024 2968 1227 3034 adommplani-

175 3043 275 3092 Effinxit
293 3052 374 3094 autem
386 3043 467 3093 Tibul.
482 3045 519 3092 II.
536 3044 572 3093 iii.
591 3046 629 3096 12.
646 3045 676 3095 de
725 3041 815 3092 tudinis
829 3057 911 3100 causa,
922 3057 970 3098 non
983 3042 1047 3091 male
1060 3041 1164 3101 additu
1182 3041 1226 3090 red

176 3117 289 3184 Apolline
310 3127 420 3168 amante:
446 3119 495 3168 Neo
515 3122 590 3181 potnit
610 3136 678 3169 curor
726 3116 804 3165 minus
819 3115 942 3181 probanda
957 3115 1087 3165 cumulatio
1101 3116 1227 3165 verborum

176 3208 258 3241 sonore
268 3194 396 3240 salubribus
407 3193 489 3249 herbis,
499 3193 618 3255 Quidquid
627 3204 676 3241 erat
726 3195 796 3248 uenti,
801 3191 911 3256 flumine,
923 3207 992 3239 auro.

176 3268 274 3323 medica,
290 3269 384 3323 manat,
400 3269 549 3324 ortis,omor.
572 3267 677 3332 Propert.
759 3267 815 3317 530.
833 3265 1068 3322 decantantem.
1096 3265 1150 3314 Non
1160 3270 1228 3315 tutti·

176 3340 212 3389 11.
227 3340 245 3388 i.
262 3341 410 3390 592>Onnes
428 3342 536 3390 humanos
550 3350 617 3390 sonat
630 3358 676 3391 me·
727 3356 780 3388 nere
793 3339 914 3402 eleganter
928 3338 1036 3395 dicimur,
1048 3337 1144 3403 adque
1157 3339 1228 3404 perfi'·

176 3416 256 3463 (licina
269 3417 370 3465 dotorn:
388 3415 454 3464 Solos
468 3432 532 3464 umor·
547 3418 618 3464 nenti
632 3434 678 3465 non
728 3414 814 3465 cienda
826 3413 944 3464 nonsatis
955 3414 993 3464 vel
1007 3413 1079 3464 animi
1091 3415 1130 3463 vel
1142 3415 1227 3463 volun·

178 3499 240 3538 amat
251 3492 298 3538 orti
316 3506 370 3539 cern.
728 3488 785 3537 tatis
795 3489 918 3537 habemus.

209 3565 266 3612 524.
278 3567 389 3616 Dominus
405 3562 471 3620 artis,
485 3561 526 3626 qui
542 3576 595 3610 eam
610 3577 678 3612 exer·
761 3562 944 3626 ettennon]
952 3561 1039 3627 Apollo
1046 3559 1109 3610 enim
1117 3559 1228 3620 αἐἰνέος,

177 3646 224 3696 cet,
233 3638 284 3687 xiii.
297 3638 354 3686 138.
377 3634 490 3686 Similiter
501 3637 549 3685 fere
561 3635 677 3702 κοίρανος
725 3646 750 3686 et
767 3635 801 3686 sic
819 3636 892 3686 etiam
906 3637 931 3685 in
949 3637 1108 3684 monumentis
1124 3636 1229 3700 antiquis

176 3711 277 3779 τέχνης,
287 3711 379 3761 Anacr.
391 3712 439 3760 Od.
450 3710 535 3760 xxviii.
544 3713 568 3760 3.
726 3719 915 3776 repraesentatur.
942 3710 1023 3759 Schol.
1039 3710 1100 3758 Stat.
1117 3709 1133 3759 i.
1148 3710 1227 3758 Theb.

211 3790 269 3837 525.
286 3787 373 3836 Timido
391 3804 461 3836 cursu
480 3795 521 3835 aut
535 3789 591 3849 pede
608 3786 677 3851 fugit,
726 3787 783 3835 694.
802 3801 900 3835 causam
917 3784 995 3833 reddit
1013 3783 1084 3840 hanc,
1103 3788 1162 3847 qnod
1183 3788 1230 3846 ipse

178 3860 220 3927 qui
234 3877 282 3927 prae
293 3869 358 3910 metu
373 3860 481 3910 celeriter
495 3861 583 3920 currit3
601 3870 678 3911 metus
726 3863 806 3909 sitsol.
841 3860 878 3908 Sol
895 3868 971 3908 nutem
985 3861 1047 3923 ignis
1060 3862 1151 3921 σεε,ᾳυὶ
1165 3876 1227 3906 non-

178 3932 243 3981 enim
259 3933 301 3981 dat
322 3934 475 3984 celeritatem.
507 3934 547 3983 Sic
566 3944 588 3982 et
605 3936 678 3995 ipsum
726 3953 794 3998 quom
809 3938 910 3984 senescit.
942 3935 1061 3984 Caeterum
1080 3933 1105 3982 iu
1122 3932 1168 3981 hoc
1186 3948 1229 3981 no-

178 4015 232 4071 post
257 4022 282 4056 se
306 4006 426 4072 relinquit,
453 4017 478 4057 et
503 4011 570 4058 verbo
594 4011 676 4071 imper·
726 4008 790 4059 mine
801 4010 862 4058 inest
877 4009 901 4057 h.
913 4009 930 4056 l.
944 4024 1017 4058 causa
1028 4006 1120 4065 furoris,
1132 4024 1180 4072 qno
1190 4006 1227 4055 in-

169 4079 248 4143 fecto,
266 4080 395 4130 orationem
416 4083 468 4148 ejus
489 4083 593 4132 nondum
610 4084 677 4132 abso·
728 4083 833 4149 sequitur
846 4084 982 4150 nympham.
1017 4083 1130 4140 Movelut,
1141 4081 1228 4130 incita·

178 4153 264 4204 lutam.
727 4159 778 4207 bat.
