2812 5010
361 321 829 389 METAMORPHOSEON
852 324 942 388 LIB.
966 324 1036 389 III.
1152 328 1217 394 263

227 494 324 567 Turn
360 494 466 569 Deus
500 494 672 583 illudens,
700 506 879 594 tanquam
914 499 1024 571 modo
1055 498 1218 597 denique

326 610 496 685 fraudem
1144 620 1218 689 650

182 725 359 812 Senserit,
379 752 400 801 e
418 727 537 826 puppi
554 738 711 825 pontum
729 739 947 827 prospectat
965 730 1121 805 adunca.

181 839 228 914 Et
245 841 350 915 flenti
367 842 520 931 similis;
550 842 638 917 Non
655 845 736 916 haec
754 843 844 918 mihi
861 845 982 932 litora,
1002 854 1137 931 nautae,

181 956 422 1047 Promisistis,
442 959 514 1049 ait;
544 985 618 1034 non
635 960 715 1034 haec
733 959 824 1035 mihi
839 971 937 1034 terra
954 971 1084 1055 rogata
1101 971 1180 1035 est:

182 1071 264 1156 Quo
282 1075 400 1147 merui
418 1099 566 1172 poenam
583 1075 708 1150 sactol
736 1099 820 1173 quae
838 1076 955 1172 gloria
971 1086 1095 1150 vestra
1112 1085 1181 1162 est,

182 1186 220 1258 Si
239 1212 397 1285 puerum
409 1191 579 1287 juvenes
599 1191 630 1265 si
648 1192 757 1265 multi
774 1190 899 1265 fallitis
918 1191 1056 1265 unuml
1145 1194 1218 1264 655

180 1301 200 1373 J
203 1304 407 1377 amdudum
425 1306 578 1380 flebam:
604 1306 776 1381 lacrimas
791 1331 922 1380 manus
940 1305 1056 1404 impia
1073 1316 1216 1380 nostras

182 1417 316 1508 Ridet3
347 1430 385 1493 et
402 1419 561 1518 impellit
577 1421 861 1519 properantibus
879 1444 1031 1518 aequora
1048 1407 1171 1496 remis.

181 1531 254 1607 Per
271 1534 340 1607 tibi
357 1560 455 1609 nunc
473 1537 609 1635 ipsum,
629 1562 698 1612 nec
717 1537 816 1611 enirn
833 1536 1050 1634 praesentior
1067 1537 1130 1609 illo

181 1646 249 1720 Est
267 1648 384 1738 Daue,
404 1653 546 1749 adjuro,
566 1664 643 1727 tam
661 1679 721 1727 me
738 1654 807 1727 tibi
824 1677 911 1726 vera
927 1652 1074 1738 referre,

182 1762 304 1847 Quam
320 1767 397 1840 veri
414 1769 554 1865 majora
571 1769 665 1844 fide:
695 1770 799 1845 stetit
816 1793 966 1867 aequore
980 1767 1117 1867 puppis
1144 1772 1217 1841 660

179 1876 289 1952 Haud
307 1872 425 1969 aliter,
445 1907 558 1980 quam
576 1885 607 1957 si
626 1884 768 1980 siccum
786 1886 916 1959 navale
933 1894 1089 1957 teneret.

181 1991 238 2065 Illi
256 1995 482 2071 admirantes
500 2023 686 2073 remorum
702 2001 740 2073 in
757 2001 910 2073 verbere
928 2009 1115 2097 perstant;

180 2109 350 2207 Velaque
361 2113 568 2203 deducunt3
586 2114 810 2213 geminaque
821 2105 891 2213 ope
898 2137 1045 2188 currere
1056 2122 1214 2188 tentant.

181 2222 395 2322 Impediunt
412 2228 559 2302 hederae
577 2253 711 2316 remos,
730 2253 915 2325 nexuque⁴
925 2251 1078 2301 recurvo

208 2450 264 2498 652.
283 2450 336 2499 Nun
346 2453 391 2499 her
401 2453 464 2508 mihi,
475 2451 535 2515 etc.]
552 2453 608 2501 Non
618 2453 670 2502 haec
719 2453 818 2502 Lenzius
825 2460 918 2501 contra:
931 2451 1070 2500 contrahunt
1076 2451 1138 2507 vela,
1147 2458 1218 2499 antea

179 2520 234 2570 mihi
250 2522 321 2571 litora
334 2524 479 2588 promisistis,
491 2541 544 2590 quae
560 2541 606 2574 non
616 2537 671 2575 sunt
719 2543 831 2592 expansa,
843 2535 957 2590 tanquam
972 2525 997 2574 in
1014 2525 1076 2573 vado
1092 2533 1180 2580 essent,
1192 2531 1216 2573 et

179 2595 252 2652 litora,
265 2596 306 2645 sed
320 2614 397 2646 mare:
416 2614 463 2646 non
472 2599 524 2648 haec
534 2608 606 2656 terra,
617 2617 670 2664 quae
719 2599 843 2665 geminatis
854 2599 942 2648 viribus
950 2615 1026 2646 remos
1034 2605 1137 2646 movent.

179 2686 224 2719 non
239 2680 276 2720 cst
292 2678 363 2728 terra,
374 2672 416 2721 sed
434 2689 505 2738 aqua,
518 2673 577 2721 mihi
591 2683 673 2739 rogata
752 2674 808 2724 664.
825 2674 956 2736 Impediunt
974 2675 1059 2720 hederae
1075 2671 1165 2734 remos]
1184 2671 1214 2718 In

178 2752 219 2792 est.
230 2745 312 2793 Burm.
345 2746 446 2795 Lenzius
460 2763 515 2795 vero
530 2756 606 2812 putat,
618 2764 672 2796 eum
721 2746 808 2811 hymno
826 2746 932 2804 Homeri,
950 2747 1031 2794 vinum
1045 2745 1098 2794 fluit
1115 2762 1156 2811 per
1173 2760 1216 2793 na·

179 2819 323 2883 prospexisse
340 2821 391 2884 jam
409 2821 489 2869 Delon
509 2821 672 2886 propinquam.
722 2835 783 2877 vem,
804 2835 856 2868 mox
879 2820 903 2868 in
922 2821 974 2868 velo
996 2819 1136 2881 expanditur
1156 2817 1218 2875 vitis,

178 2893 247 2940 Hanc
255 2892 468 2957 interpretationem
477 2894 574 2960 adjuvat
582 2895 672 2960 Schep-
722 2894 810 2943 malurn
823 2893 898 2958 cingit
913 2893 1008 2950 hedera,
1024 2892 1153 2956 scalmique
1167 2908 1216 2940 orn-

179 2965 228 3029 peri
242 2966 391 3031 conjectura:
407 2978 499 3030 port-um
513 2985 554 3033 pro
568 2978 671 3030 pontum.
722 2982 763 3015 nes
779 2965 869 3015 coronis
885 2974 1006 3014 ornantur.
1039 2965 1164 3030 Hyginus:
1182 2983 1218 3014 rs-

180 3039 235 3093 Qun
249 3041 334 3105 gloria,
344 3049 390 3090 etc.
403 3050 431 3089 ut
445 3041 525 3091 Tibul.
535 3043 556 3090 Ι.
567 3042 616 3091 viii.
634 3044 673 3090 49.
723 3058 767 3088 mos
777 3045 802 3088 in
817 3041 903 3103 thyrsos
915 3043 1019 3097 mrstaoit,
1031 3042 1081 3088 uela
1091 3044 1117 3087 in
1129 3042 1217 3101 pampi-

175 3130 246 3174 pusru
261 3132 308 3177 que
322 3118 398 3179 glorio
412 3118 487 3166 cloto?
513 3116 610 3165 Iuvenes
626 3116 674 3165 dici
723 3133 770 3172 nos,
780 3117 885 3162 rudentes
895 3119 920 3163 in
932 3114 1042 3162 hederam.
1076 3114 1136 3162 Haec
1147 3113 1218 3177 igitur

177 3187 252 3235 solent
262 3196 341 3237 nautae
351 3197 375 3237 et
385 3190 492 3254 remiges.
723 3195 804 3236 auctor
822 3187 922 3252 quisque
940 3203 982 3234 suo
999 3187 1068 3234 modo
1087 3186 1217 3244 exornavit,

209 3262 265 3311 658.
283 3264 383 3312 Proreus
394 3262 671 3328 Donaquinobisuuxi-
721 3259 825 3309 omnium
851 3259 1008 3327 copiosissime
1035 3261 1135 3316 Seneca,
1163 3261 1218 3308 OEd.

177 3335 208 3383 lio
219 3352 261 3384 suo
273 3337 349 3386 adest.
380 3337 427 3385 Sed
438 3337 462 3385 h.
474 3338 490 3384 l.
501 3337 610 3402 ambigue
621 3336 671 3384 dic·
721 3334 909 3383 451-456.ubi
924 3333 996 3382 etiam
1010 3349 1074 3382 mare
1088 3333 1217 3397 inpratnm

178 3415 227 3455 tum
244 3409 344 3467 videtur,
362 3419 386 3458 et
406 3410 475 3460 simul
497 3410 526 3459 de
547 3409 672 3475 presentia
720 3416 833 3456 mutatur.
867 3407 959 3455 Similia
969 3407 1127 3472 phoenomena
1136 3407 1218 3469 legun·

177 3481 278 3545 corporis
292 3483 440 3547 capiendum.
474 3483 670 3532 confirmato.
719 3489 765 3538 tur,
776 3481 808 3529 iv.
824 3481 886 3530 ³94:
905 3481 1032 3531 Claudias.
1044 3497 1069 3528 x.
1083 3482 1140 3527 188.
1167 3481 1217 3529 Ve-

181 3555 232 3603 Veri
239 3558 299 3618 fide,
310 3565 337 3605 ut
354 3557 468 3606 Heroidd.
481 3556 529 3606 xvi.
540 3559 581 3605 60.
618 3558 670 3606 Veri
720 3571 774 3604 nere
786 3554 936 3610 adventante,
947 3563 971 3602 et
982 3554 1109 3602 xxixam.
1118 3552 1215 3601 Baccho

176 3630 212 3677 vir
223 3630 330 3676 habitura
337 3632 424 3692 fldem:
441 3629 495 3678 vide
506 3629 639 3680 Heinsinm.
719 3644 762 3692 per
778 3643 873 3691 aequora
888 3628 959 3675 rubra
972 3626 1107 3691 navigante,
1119 3624 1160 3672 ubi
1175 3641 1217 3672 no-

208 3704 263 3751 662.
276 3705 396 3751 Remorum
404 3709 430 3754 iu
438 3706 547 3768 verbera]
557 3705 673 3768 Pergunt
719 3708 792 3749 strum
808 3701 885 3748 locum
902 3698 1013 3764 respexit,
1030 3701 1055 3747 in
1071 3714 1119 3762 quo
1135 3697 1216 3746 omnia

177 3777 297 3825 verberare
310 3778 672 3842 marelrr'rrrruvdhaHomer.)
720 3777 768 3825 lere
795 3775 885 3823 Bacchi
918 3773 1020 3837 insignia
1051 3772 1216 3820 ostenduntur.

177 3851 253 3898 remis.
286 3850 672 3916 Similiterpiscatoruerberatum·
721 3851 859 3912 Impediunt,
878 3848 985 3912 cingunt,
1005 3856 1032 3896 ut
1050 3862 1102 3910 sup.
1118 3844 1143 3893 ii.
1161 3846 1218 3893 433.

176 3924 394 3989 nemfundu,Virg.
405 3925 492 3989 Georg.
502 3924 519 3973 i.
530 3926 585 3973 141.
617 3926 673 3973 Vela
721 3924 818 3972 Hedera
833 3923 935 3972 brachiis
951 3922 1008 3978 suis,
1019 3921 1069 3970 sive
1084 3919 1217 3976 claviculis,

175 3999 292 4046 deducam
308 4014 337 4045 ex
357 3997 473 4055 antennis,
492 3997 541 4055 ubi,
559 3998 672 4062 quamdiu
721 4014 781 4062 quas
795 3995 908 4062 plurimas
921 3996 982 4044 inter
995 3994 1051 4043 lolia
1061 3993 1155 4050 emittit,
1167 4009 1217 4041 om·

175 4086 233 4134 opus
243 4070 274 4119 iis
284 4087 330 4119 non
338 4081 397 4128 erat,
407 4071 481 4135 ligata
490 4072 633 4136 pendebant,
645 4080 671 4119 ut
721 4071 761 4119 nia
777 4071 920 4135 amplectens
935 4070 997 4118 bene
1016 4085 1103 4132 serpere
1122 4066 1218 4125 dicitur,
1267 4135 1270 4139 .

173 4147 263 4208 gemino
283 4162 330 4207 ops,
349 4145 407 4194 velis
424 4145 546 4210 remisque,
566 4156 671 4194 curram.
721 4144 791 4209 eique
809 4161 878 4193 nesus
893 4142 1035 4193 tribuuntur.
1068 4143 1142 4204 Serpit
1161 4141 1219 4190 adeo
