2812 5010
332 323 802 393 METAMORPHOSEON
827 325 917 392 LIB.
942 324 972 391 I.

1129 331 1176 398 67

132 495 361 594 congeriem
378 499 513 587 secuit,
527 509 751 598 sectamque
768 501 805 573 in
823 501 993 576 membra
1007 502 1153 600 redegit
1164 531 1182 607 3⁸

131 610 325 712 Principio
342 625 492 703 terrem,
511 639 561 690 ne
576 640 652 690 nou
669 616 816 713 equalis
834 618 881 690 ab
900 617 1001 692 omni
1181 621 1182 625 ’

131 728 247 805 Parte
260 730 367 819 foret,
382 733 508 833 magni
526 734 692 832 speeiem
706 733 927 830 glomeravit
938 734 976 807 in
994 734 1108 810 orbis.
1127 739 1176 811 36

129 847 229 921 Tum
246 847 343 924 freta
356 849 530 936 diffundi,
549 850 767 947 rabidisque
785 861 996 927 tumescere
1010 852 1132 927 ventis

127 963 151 1036 J
154 965 262 1051 ussit,
279 975 318 1040 et
335 960 485 1040 ambitae
503 967 736 1043 circumdare
753 968 861 1043 litora
878 978 999 1043 terrae.

129 1080 292 1157 Addidit
307 1092 346 1157 et
363 1082 498 1173 fontes,
517 1084 778 1183 immensaque
796 1095 941 1180 stagna,
957 1085 1160 1183 lacusque;

131 1199 383 1298 Fluminaque
401 1203 565 1301 obliquis
582 1203 702 1277 cinxit
718 1203 880 1277 declivia
892 1203 995 1301 ripis,

125 1315 226 1399 Quae
244 1317 392 1392 diversa
408 1319 654 1418 locispartim
672 1322 870 1396 sorbentur
887 1321 935 1395 ab
953 1321 1048 1418 ipsa,
1125 1324 1176 1395 40

129 1431 176 1505 In
195 1457 298 1508 mare
316 1435 537 1532 perveniunt
554 1437 702 1534 partim,
718 1459 929 1534 campoque
948 1447 1101 1534 recepta

131 1545 334 1622 Liberioris
352 1574 473 1647 aquae,
489 1575 556 1648 pro
573 1550 664 1650 ripis
683 1552 791 1627 litora
808 1553 973 1650 pulsant.

127 1788 186 1839 Fun.
206 1801 234 1839 ut
255 1793 317 1840 hune
339 1793 382 1840 huc
402 1795 514 1842 varietate
533 1796 629 1844 distine-

129 1873 180 1912 tum
195 1867 249 1913 bene
263 1865 339 1916 Greci
348 1866 449 1932 κόσμον,
464 1884 503 1916 nos
519 1869 629 1918 lucentem

126 1941 240 1988 muudum
255 1944 428 1989 nominetenus.
460 1940 539 1991 Etiam
556 1942 630 1993 clau-

680 1802 752 1860 atque
765 1793 804 1842 hie
819 1793 869 1844 illic
883 1809 909 1842 ee
922 1793 1042 1843 insinuare
1055 1793 1081 1842 in
1090 1802 1177 1854 ,terrae

679 1876 707 1918 ut
716 1869 781 1918 sinus
791 1876 816 1918 et
826 1868 912 1917 similis
922 1867 1033 1918 efficiunt.

712 1944 752 1992 36.
768 1943 800 1991 Et
812 1943 885 1991 rabies
900 1950 927 1997 et
937 1944 1027 1991 insania
1041 1941 1175 1994 ventis'lri·

127 2012 193 2063 dian.
203 2014 230 2064 in
239 2014 301 2064 Rus.
311 2014 328 2063 i.
339 2017 365 2064 4.
376 2015 401 2064 h.
411 2033 435 2065 v.
443 2032 500 2065 usus
513 2024 549 2065 est
559 2036 565 2064 z
580 2020 629 2072 dis-
678 2016 759 2065 buitur
768 2034 776 2077 ;
793 2015 848 2064 vide
864 2015 948 2065 Heius.
958 2018 1030 2064 radies
1040 2016 1106 2074 Nori,
1117 2017 1177 2069 Hor.

125 2090 194 2150 positi
195 2087 290 2153 ferdere
301 2093 391 2139 mundi.

161 2165 202 2213 33.
226 2163 312 2222 M,
330 2165 475 2229 ueramque]
494 2165 583 2214 Mirum
604 2164 629 2214 in

127 2238 228 2288 modum
237 2236 326 2288 Noster
334 2239 401 2288 illam
409 2238 572 2305 repetitionem
584 2238 628 2288 ed·

680 2090 700 2138 1.
711 2090 758 2140 od.
766 2090 801 2139 i'ri.
815 2091 855 2138 14.

712 2166 752 2214 37.
769 2165 885 2230 Audite]
899 2164 1074 2230 Quaecingitur
1084 2165 1177 2217 amnti

679 2251 734 2310 Qua
741 2249 831 2300 ratione
838 2251 935 2299 emittm
944 2249 1048 2300 mediam
1054 2250 1178 2315 producet,

129 2312 237 2362 sectavit-
269 2308 310 2364 Cf·
330 2329 392 2364 vert·
417 2316 472 2363 142·
495 2315 628 2377 158·‚l⁶⁶·
676 2324 827 2390 disputatur:
846 2325 901 2375 vide
919 2326 1049 2374 Burmann.
1082 2327 1178 2375 roure

128 2389 186 2440 206.
196 2395 222 2437 et
232 2388 298 2438 alibi.
331 2389 434 2439 Membra
445 2389 541 2439 omnino
551 2399 629 2456 portes

126 2461 248 2512 distincte
259 2463 408 2528 alienissimi,
420 2471 448 2512 ut
457 2466 555 2512 membra
567 2467 627 2514 enri-

127 2555 171 2594 rrae,
181 2539 281 2602 edificii,
289 2540 440 2602 philosophie.
472 2537 536 2601 Vide
546 2555 588 2588 nos
598 2537 629 2588 ud

128 2611 194 2661 Plin.
209 2613 245 2661 II.
260 2614 306 2680 Ep.
318 2613 376 2665 xvii.
385 2615 409 2663 9.
443 2613 562 2664 Cetemm
577 2615 628 2663 An-

126 2701 255 2750 uegetos,
267 2687 309 2752 qui
321 2688 405 2754 etipse
419 2686 528 2748 docebat,
539 2689 569 2738 eb
583 2689 628 2738 ini·

128 2761 163 2810 tio
175 2759 261 2813 πάντα
271 2762 388 2829 χρήματα
394 2762 537 2829 πεφυρμένα
548 2761 627 2821 fuisse,

127 2835 251 2886 addebat:
266 2834 293 2886 ‘0
306 2840 374 2896 Νοῦς
384 2835 409 2887 δὲ
424 2837 487 2888 αὐτὰ
500 2836 575 2903 διῆρε,
587 2840 629 2888 sal

127 2908 276 2975 διεκόσμησε,
291 2914 334 2963 rai
355 2911 380 2960 ir
401 2916 447 2973 τῆς
468 2911 574 2971 ἀταξίας
594 2911 643 2986 dr,

126 2983 201 3040 τάξιν
220 2985 311 3051 ἤγαγε.
344 2986 500 3036 Plutarchum
520 2986 577 3036 vide
598 2987 628 3036 de

126 3058 197 3108 Plus.
207 3059 250 3108 lib.
259 3059 276 3109 i.
286 3076 342 3126 esp.
353 3063 377 3110 3.
401 3111 404 3117 ,

160 3135 202 3182 35.
221 3134 300 3184 ‘Parte
308 3135 384 3200 foret,
402 3135 462 3200 etc]
487 3133 571 3184 Omnis
590 3133 629 3183 hic

126 3208 195 3257 locus
201 3209 330 3272 plurimum
340 3209 413 3259 habet
423 3209 578 3266 manutius
588 3209 629 3259 de·

125 3283 192 3332 lectu
209 3282 330 3348 inprimis
344 3285 477 3332 verborum.
511 3285 557 3332 Pro
574 3283 629 3332 sim·

127 3356 187 3423 plici
197 3357 344 3422 enimfueere
357 3359 460 3422 eutfiert
469 3357 549 3423 posuit
558 3358 631 3406 verbo

124 3449 164 3489 ea,
179 3449 237 3498 qun
252 3432 291 3481 vel
310 3439 419 3481 naturam
436 3431 471 3481 rei
489 3432 629 3497 exprimant,

125 3507 167 3556 vel
182 3506 281 3556 modum
298 3504 493 3572 adspectabilem,
504 3522 552 3571 quo
567 3506 630 3556 faeta

124 3581 165 3630 sit.
181 3582 255 3631 Terra
264 3583 414 3647 glomeratur,
423 3579 483 3629 freta
491 3579 629 3646 diffundun-

125 3665 177 3713 tur,
190 3672 260 3721 sque
274 3658 368 3718 pulsent
384 3655 461 3712 litora,
475 3657 631 3703 extenduntur

124 3729 217 3796 campi,
227 3730 303 3780 velles
313 3732 442 3786 subrident,
449 3736 542 3778 montes
550 3737 632 3778 contra

125 3814 237 3870 surgunt.
271 3805 421 3854 Glonr'ercvr't.
454 3802 506 3853 cic.
516 3803 579 3852 Tim.
592 3804 630 3853 15.

126 3879 192 3928 Deus
202 3882 314 3928 murrdum
322 3882 356 3928 ito
364 3881 474 3936 monuit,
484 3887 512 3926 ut
520 3879 629 3942 niltlfie·

124 3955 148 4000 ri
157 3955 227 4014 possit
241 3955 372 4004 rotundius.
405 3952 439 4001 N.
447 3952 480 4002 D.
491 3951 519 4000 ii.
530 3953 571 4001 39.
583 3961 628 4001 ter-

125 4043 155 4075 ro
172 4028 269 4076 nutibus
281 4030 328 4076 ruis
338 4026 472 4093 (pondere)
487 4027 628 4090 conglobata.

122 4101 180 4150 Jam
195 4109 268 4150 autea
283 4117 351 4167 aque
366 4107 517 4150 coercuerant
528 4101 625 4160 orbem;

123 4192 188 4224 nuuc
196 4176 311 4240 jubentur
318 4175 430 4242 diffundi,
438 4175 510 4225 latius
520 4175 625 4232 extendi,

679 2400 821 2448 circumdare
832 2414 845 2447 e
855 2397 925 2463 copia
935 2397 1028 2463 poetice
1037 2397 1137 2448 dictum.

711 2474 752 2522 39.
766 2472 891 2535 Deultum]
902 2470 1050 2530 Quiaelocis
1056 2469 1179 2524 altioribus

679 2545 802 2605 defluunt3
824 2561 905 2608 prosim
918 2546 1006 2610 fluuios
1025 2544 1067 2592 elii
1087 2543 1178 2596 dicum.

681 2621 783 2682 Obliquus
808 2620 929 2684 eleganter
951 2618 1060 2684 exprimit
1084 2635 1179 2701 θυμω

679 2694 801 2743 fluviomm
822 2702 958 2743 tortuosum.
993 2695 1080 2751 cruet,
1100 2693 1179 2745 iuclu-

679 2767 718 2817 sit.
917 2800 923 2805 -
988 2801 990 2804 -

712 2843 751 2891 40.
761 2843 807 2891 Pro
815 2845 904 2891 diverso
915 2842 977 2897 loeis,
985 2840 1073 2905 Georg.
1080 2842 1113 2891 iv.
1120 2843 1180 2894 367.
1192 2872 1194 2877 -

678 2915 703 2966 in
713 2916 817 2982 pedestri
830 2914 935 2965 oratione
952 2914 1073 2974 usitatius,
1085 2919 1179 2966 diuerrts

678 2990 745 3039 loeis.
778 2990 910 3046 Sortientes,
921 2997 948 3037 ut
958 2989 1086 3039 Arethusa.
1119 2989 1180 3051 Qui-

679 3064 735 3114 dam
745 3065 847 3113 subeunt
858 3072 939 3120 terras,
951 3063 994 3113 sed
1008 3079 1062 3112 mox
1075 3064 1179 3130 reddun-

680 3146 726 3196 tur,
747 3146 774 3187 ut
792 3137 871 3203 Lycus
890 3137 915 3184 in
938 3136 1004 3193 Asia,
1021 3136 1133 3187 Erasinus
1153 3136 1179 3188 in

680 3211 804 3277 Argolica:
822 3211 876 3260 vide
887 3210 951 3259 Plin.
961 3211 993 3259 H.
1004 3211 1039 3258 N.
1048 3210 1086 3258 Π.
1100 3212 1155 3261 103.

713 3286 753 3334 41.
776 3284 845 3333 Alios
868 3285 951 3334 fluvios
972 3283 1039 3333 velut
1060 3284 1179 3352 intercipit

680 3367 749 3416 terra,
761 3358 802 3407 elii
818 3374 893 3423 usque
908 3358 939 3407 ed
953 3371 1017 3406 mare
1030 3359 1179 3423 perveniunt.

682 3433 779 3494 Campis
794 3439 818 3480 et
828 3449 902 3495 equor
912 3445 1087 3496 quamcumque
1102 3431 1180 3496 plaui-

679 3505 736 3556 tiem
754 3504 887 3571 designent.
919 3505 983 3554 Hine
1000 3512 1128 3569 utrumque
1139 3522 1180 3555 vn·

680 3583 734 3630 cab.
746 3581 878 3646 promiscue
889 3595 943 3629 mox
951 3580 981 3628 de
989 3578 1097 3644 planitie.
1107 3578 1178 3644 agris,

680 3670 735 3703 mox
752 3655 782 3704 de
797 3653 921 3719 superficie
933 3661 975 3702 aut
984 3652 1014 3702 de
1025 3652 1098 3701 fundo
1108 3652 1180 3704 merie

680 3728 775 3778 dicitur.
808 3727 899 3777 Melius
909 3738 1061 3778 tameuuunc
1073 3726 1179 3778 abstinu-

680 3802 737 3852 isset
755 3802 780 3852 h.
798 3817 851 3852 voc.
870 3801 926 3865 quia
946 3799 1053 3866 proxime
1073 3799 1180 3866 sequitur

680 3881 770 3927 extendi
781 3893 874 3940 campos.

680 3998 682 4002 ,
712 3954 752 4001 42.
768 3951 914 4014 Liberioris]
939 3952 996 4000 Non
1016 3949 1115 4001 incluse
1136 3968 1180 4002 arr·

678 4028 753 4092 gustis
766 4026 831 4091 ripis.
868 4025 932 4091 Vaga
942 4043 1001 4089 apres
1012 4042 1027 4075 a
1037 4027 1125 4088 Nostro
1138 4042 1181 4094 ap-

677 4102 780 4166 pellatur
789 4099 918 4150 Heroidx.
928 4100 983 4149 1³6.
1004 4101 1051 4148 Pro
1060 4103 1126 4162 ripis,
1133 4107 1181 4154 etc.

677 4193 755 4226 merus
765 4176 832 4226 lusus
841 4174 1019 4240 grammaticus.
1049 4175 1128 4224 Sidere
1139 4182 1180 4224 aut
