2812 5010
385 358 854 428 METAMORPHOSEON
876 364 967 432 LIB.
990 366 1054 433 VI.
1165 372 1230 438 415

185 526 263 605 Vix
281 528 398 622 dixin
427 532 626 632 timuitque
647 559 723 608 suae
743 538 926 634 praesagia
942 540 1091 615 mentis,
1154 548 1228 619 510

188 643 243 717 Ut
259 647 376 725 semel
393 647 570 746 imposita
587 661 645 725 est
661 651 773 750 pictae
791 651 1002 731 Philomela
1018 655 1174 750 carinae3

184 759 468 864 Admotumque
485 766 622 844 fretum
639 771 764 859 remis,
782 772 970 870 tellusque
987 775 1158 873 repulsa:

185 885 211 916 “
230 878 436 970 VicimuS,''
452 883 663 974 exclamat,
694 893 718 924 “
737 910 885 960 mecum
903 913 987 962 mea
1000 901 1087 963 vota
1101 890 1224 965 ferun·

187 990 420 1097 Exultatque
436 998 572 1085 animo,
590 1000 653 1073 vix
671 1010 710 1074 et
726 1024 795 1075 sua
812 1003 949 1098 gaudia
965 1004 1091 1080 differt
1107 1007 1225 1102 [tur!''

187 1108 399 1204 Barbarus;
429 1129 468 1189 et
485 1139 671 1213 nusquam
689 1116 816 1191 lumen
834 1118 1033 1217 detorquet
1050 1122 1097 1195 ab
1116 1121 1192 1195 illa.

187 1224 274 1300 Non
292 1229 413 1317 aliter,
429 1254 552 1329 quam.
563 1256 679 1329 quum
697 1233 856 1330 pedibus
870 1236 1055 1333 praedator
1068 1237 1226 1311 obuncis

186 1342 373 1441 Deposuit
390 1346 477 1421 nido
496 1346 661 1445 leporem
679 1348 702 1422 J
705 1351 783 1423 ovis
799 1352 875 1424 ales
894 1352 934 1425 in·
951 1352 1047 1440 alto;
1150 1356 1222 1427 517

186 1457 303 1533 Nulla
315 1459 403 1556 fuga
420 1474 479 1538 est
495 1475 627 1562 capt03
657 1478 804 1564 spectat
821 1491 890 1541 sua
906 1467 1059 1565 praemia
1072 1478 1210 1566 raptor.

183 1572 346 1673 Jamque
363 1578 435 1651 iter
452 1579 651 1672 effectum3
675 1585 832 1682 jamque
849 1583 888 1657 in
906 1609 974 1658 sua
990 1583 1099 1658 litora
1115 1584 1225 1659 fessis

184 1688 382 1788 Puppibus
400 1695 592 1786 exierant3
624 1721 741 1795 quum
759 1724 826 1772 rex
844 1698 1038 1773 Pandione
1056 1708 1182 1774 natam

184 1804 230 1879 In
247 1810 394 1882 stabula
410 1811 488 1886 alta
503 1813 628 1901 trahit,
647 1814 748 1889 silvis
765 1816 925 1888 obscura
942 1815 1121 1906 vetustis3

183 1921 312 2021 Atque
339 1927 391 2000 ibi
415 1929 630 2026 pallentem,
650 1930 923 2028 trepidamque,
948 1941 988 2006 et
1011 1934 1151 2006 ‘cuncta
1177 1931 1223 2005 ti-

332 2052 511 2130 mentem,
1150 2032 1222 2119 52'2

183 2152 235 2227 Et
248 2155 328 2251 jam
346 2181 432 2230 cum
450 2159 626 2246 lacrimis
646 2160 711 2233 ubi
729 2160 778 2234 sit
794 2184 982 2256 germana,
1002 2169 1208 2256 rogantem,

183 2268 367 2361 Includit3
396 2273 595 2375 fassusque
612 2275 729 2363 nefas,
748 2285 787 2350 et
802 2276 996 2373 virginem,
1015 2284 1053 2350 et
1070 2300 1182 2349 unam

213 2486 269 2533 510.
286 2486 402 2553 Peregre
412 2488 513 2553 mentis]
542 2489 581 2539 De
590 2490 677 2539 talibus
726 2491 854 2546 delectum,
871 2489 928 2554 quia
941 2489 1022 2537 lumen
1038 2488 1112 2536 fixum
1129 2496 1179 2536 erat
1197 2488 1222 2536 in

177 2560 305 2623 presagio,
323 2561 354 2609 cs.
367 2560 400 2608 xi.
412 2562 476 2622 457;
493 2563 588 2612 Homer.
599 2564 631 2612 Il.
648 2570 676 2612 z.
725 2563 774 2612 illo.
806 2564 913 2626 Languet
935 2569 1017 2610 contra
1036 2563 1145 2618 declinat,
1165 2561 1222 2626 qnia

180 2632 241 2691 4863
252 2631 338 2696 Virgil.
345 2634 488 2684 AEueid.xii.
495 2637 534 2684 72.
556 2638 678 2686 Admotum
727 2637 790 2686 furor
800 2635 965 2701 exprimendus
976 2643 1020 2685 est.

170 2706 266 2770 fretum
281 2711 355 2763 remis,
365 2707 468 2756 insolens
484 2709 571 2758 locutio
585 2709 678 2762 videtur
759 2712 816 2761 516.
833 2711 930 2759 Pedibus
940 2711 1030 2758 obuncis
1037 2726 1046 2767 ς
1063 2708 1135 2772 vulgo
1144 2710 1221 2756 aduu-

179 2779 239 2829 Intt.
251 2780 293 2846 qni
308 2798 361 2830 eam
371 2784 409 2832 vel
424 2782 558 2839 emendant,
570 2792 597 2833 ut
612 2788 673 2838 Bur.
723 2790 755 2835 eir
770 2786 807 2850 (et
817 2784 852 2832 ita
862 2783 958 2848 quidem
974 2783 1046 2847 Regii
1056 2782 1128 2830 nostri
1139 2781 1160 2845 ς)
1177 2782 1221 2832 sed

179 2870 290 2913 mannus,
296 2857 334 2905 vel
340 2873 381 2923 per
389 2857 532 2924 hypallagen
539 2858 674 2924 explicant:
722 2859 777 2910 vide
794 2859 965 2912 Romanunm,
981 2857 1011 2905 nd
1029 2854 1164 2920 Virgilium,
1175 2857 1220 2904 ΛΕ·

178 2930 606 2998 sedsinecansa,opinor,utrumque.
624 2939 674 2989 Na.
723 2930 833 2983 neidxi.
847 2932 903 2979 755.
935 2930 998 2978 Jovis
1011 2933 1065 2979 eles.
1098 2929 1221 2979 Drakeub.

179 3003 215 3052 vis
224 3005 344 3068 repellitur
355 3004 470 3062 atellure,
481 3005 523 3053 sed
533 3004 558 3053 id
569 3004 625 3054 dum
638 3008 672 3064 fit,
723 3005 753 3055 ad
771 3004 864 3061 Silium,
879 3002 921 3052 xii.
937 3005 977 3053 56.
995 3020 1024 3052 err
1037 3003 1127 3051 AEliani
1144 3004 1178 3052 Η.
1187 3004 1221 3053 Α.

177 3087 273 3144 propter
282 3072 399 3144 equalem
409 3079 541 3127 etcelerem
551 3081 617 3129 navis
625 3098 675 3131 mo·
724 3077 759 3126 ix.
774 3080 811 3127 10.
831 3085 918 3134 monet,
936 3093 982 3126 non
1002 3093 1095 3126 omnem
1116 3075 1221 3142 aquilam

178 3159 229 3200 tum
240 3159 303 3201 terra
317 3155 395 3215 repelli
409 3160 433 3201 et
448 3155 550 3201 recedere
565 3153 672 3206 videtur:
724 3154 813 3202 dictam
821 3168 872 3200 esse
883 3152 946 3201 Jooir
954 3154 1039 3209 alitem,
1048 3152 1089 3200 sed
1099 3167 1151 3201 eam
1159 3151 1221 3200 dun-

178 3227 259 3275 conser
273 3225 308 3274 xi.
318 3228 373 3276 466.
406 3225 469 3274 Hinc
490 3228 558 3275 tellus
575 3231 675 3290 repulsa.
723 3236 799 3284 taxat,
812 3243 865 3291 quae
883 3241 1004 3291 nunquam
1020 3241 1090 3274 earne
1105 3234 1221 3275 vescatur.

179 3299 244 3349 Huic
262 3300 406 3350 simillimum
428 3310 464 3350 est
484 3301 591 3358 alterum,
610 3303 673 3367 quod
723 3303 813 3352 Verum
824 3301 881 3350 talia
893 3317 939 3349 non
952 3301 1058 3366 urgenda
1068 3309 1122 3348 sunt
1138 3299 1163 3347 in
1178 3316 1221 3365 po·

178 3376 338 3442 impugnatur,
347 3376 441 3441 fretum
459 3378 590 3424 admovetur
608 3381 674 3426 remis
723 3385 770 3425 eta.
803 3375 833 3423 Ire
844 3378 891 3423 alto
898 3393 908 3434 ,·
925 3376 1001 3432 multi,
1012 3378 1040 3423 ab
1050 3376 1105 3430 olto,
1114 3374 1177 3439 quod
1188 3374 1220 3423 ad

176 3467 227 3517 pro,
235 3451 294 3498 remi
304 3449 457 3499 admoventur
466 3450 534 3497 freto.
552 3449 675 3498 Schirach.
723 3449 848 3514 sequentia
856 3449 1005 3498 referendum
1015 3449 1083 3497 soret.

177 3532 255 3590 putat,
269 3524 361 3572 labores
377 3523 492 3588 remigum
508 3522 546 3572 bic
564 3523 674 3581 describi,
756 3523 812 3571 519.
831 3522 953 3587 Effectum,
964 3522 1102 3587 perfectum,
1119 3519 1220 3570 finitum.

178 3596 236 3646 dum
253 3596 343 3646 instant
354 3604 378 3646 et
390 3597 507 3661 repeliunt
521 3612 604 3660 aquas.
633 3598 673 3645 Vi·
725 3597 795 3644 Fessoe
805 3595 880 3660 poetis
890 3596 1007 3660 finguntur
1025 3611 1096 3644 naves
1112 3603 1154 3643 aut
1167 3594 1220 3660 jec-

176 3675 256 3721 rlmur.
299 3672 338 3719 De
359 3670 405 3720 hac
426 3686 484 3721 voce
509 3669 674 3728 exultantium,
724 3678 842 3728 tatae,eut
856 3669 952 3733 longum
965 3667 1010 3717 iter
1024 3683 1133 3718 emensae.
1166 3668 1220 3716 Ste-

177 3745 232 3794 vidc
242 3745 273 3794 ad
283 3744 315 3794 iv.
326 3746 384 3794 356.
724 3746 778 3792 bula
792 3746 842 3792 elta
858 3743 929 3791 etiam
943 3742 1042 3791 Latinus
1052 3742 1163 3798 habebat,
1174 3743 1220 3792 AE·

209 3819 267 3867 514.
286 3819 426 3882 Broteasque
439 3818 591 3881 enimo,etc.]
627 3819 673 3867 Hic
723 3816 902 3866 neid.ix.388.
929 3815 998 3864 Siluia
1011 3817 1104 3864 obseura
1118 3817 1220 3872 vetustis,

176 3907 259 3941 versus
266 3901 389 3960 suspectus
397 3891 502 3947 Heinsio,
511 3892 602 3941 effictus
612 3892 673 3941 Bur·
722 3890 776 3940 ideo
791 3893 898 3947 obscura,
915 3889 971 3953 quia
989 3888 1057 3946 silva,
1072 3888 1097 3936 in
1116 3903 1164 3952 qua
1181 3904 1218 3937 ar-

175 3980 263 4014 manno
279 3967 373 4015 videtur
384 3982 413 4014 ex
425 3965 456 4014 iv.
467 3966 522 4014 350.
538 3973 562 4013 et
577 3965 604 4013 ii.
618 3967 673 4014 863.
722 3965 791 4014 bores
807 3964 879 4016 nulla
894 3979 970 4022 caesae,
991 3963 1142 4012 deusserat.
1160 3963 1219 4012 AEn.

177 4041 313 4103 Deterquet.
337 4040 395 4097 Alii,
416 4043 546 4102 distorquet,
565 4040 673 4102 deflectit,
721 4039 754 4090 vi.
766 4041 826 4089 179:
846 4037 900 4086 Itur
911 4041 936 4086 iu
946 4039 1064 4102 antiquom
1073 4038 1161 4093 silvam,
1171 4044 1217 4085 tto·

175 4123 223 4164 etc.
251 4114 388 4163 Burmanno
398 4113 485 4162 arridet
494 4113 592 4162 duorum
603 4113 674 4163 MSS.
722 4113 956 4178 baleoltofererum.

176 4188 256 4245 lectio,
274 4191 391 4238 declinat.-
416 4188 457 4238 sed
476 4190 591 4250 detorquet
612 4188 672 4237 bene
754 4189 811 4237 524.
828 4183 1165 4251 Nefauneieriemlibidinem.
1186 4183 1218 4232 Et
