2812 5010
266 350 333 414 244
563 349 602 413 Ρ.
628 347 788 414 OVIDll
814 347 1026 414 NASONIS
1128 355 1131 359 '

268 526 364 600 Inde
379 526 474 598 latet
492 523 616 612 silvis;
637 524 819 620 nulloque
834 522 875 599 in
893 534 1023 597 monte
1040 521 1207 611 videtur;
1246 526 1327 596 400

269 641 458 715 Omnibus
474 640 651 715 auditur:
680 664 793 715 sonus
812 649 884 724 est,
904 638 970 737 qui
988 638 1078 712 vivit
1095 639 1133 711 in
1152 638 1228 712 illa.

320 758 383 831 Sic
401 757 513 843 hanc,
533 755 587 829 sic
603 756 707 842 alias,
728 755 840 831 undis
859 764 925 828 aut
941 754 1131 828 montibus
1151 764 1269 840 ortas,

269 872 429 948 Luserat
442 873 503 945 hic
524 871 746 972 Nymphas3
778 870 831 943 sic
851 880 971 947 coetus
990 880 1079 943 ante
1097 870 1235 945 viriles.

268 988 365 1063 Inde
383 1012 515 1061 manus
534 987 672 1084 aliquis
692 988 895 1083 despectus
915 986 963 1058 ad
981 987 1123 1060 aethera
1140 988 1295 1073 tollens

270 1112 294 1142 “
316 1105 380 1178 Sic
394 1102 581 1179 ametiste
595 1103 697 1188 licet,
714 1103 767 1175 sic
787 1127 862 1175 non
877 1102 1044 1200 potiatur
1056 1114 1179 1176 amato
1193 1103 1225 1176 !'’
1245 1108 1322 1176 405

269 1220 453 1296 Dixerat:
484 1220 647 1293 assensit
664 1218 842 1317 precibus
861 1218 1098 1293 Rhamnusia
1108 1220 1236 1317 justis.

318 1337 419 1411 Fons
438 1348 518 1411 erat
536 1335 676 1422 illimis,
695 1335 825 1410 nitidis
844 1345 1044 1431 argenteus
1061 1335 1186 1422 undis,

268 1452 393 1538 Quem
410 1478 535 1550 neque
550 1465 734 1552 posterea,
748 1477 873 1551 neque
888 1463 1008 1551 pastae
1018 1463 1146 1527 monte
1160 1453 1321 1550 capellae

270 1568 530 1665 Contigerant,
548 1568 696 1643 aliudve
714 1593 831 1667 pecus
847 1597 856 1658 ;
887 1592 1001 1666 quem
1024 1570 1128 1643 nulla
1144 1570 1321 1655 volucris,

269 1684 352 1759 Nec
367 1685 446 1759 fera
456 1686 635 1771 turbarat,
649 1710 718 1760 nec
733 1688 864 1784 lapsus
879 1687 926 1759 ab
943 1687 1074 1760 arbore
1086 1711 1225 1760 ramus.
1244 1689 1323 1759 410

271 1801 438 1875 Gramen
455 1812 536 1876 erat
553 1803 665 1889 circa,
681 1804 785 1901 quod
804 1804 998 1902 proximus
1017 1803 1151 1876 humor
1169 1803 1319 1890 alebat3

271 1916 462 2016 Silvaque,
482 1920 561 1993 sole
578 1920 703 1993 lacurn
720 1944 878 2018 passura
895 1929 1090 2016 tepescere
1108 1919 1226 1992 nullo.

267 2032 342 2107 Hic
361 2060 466 2134 puer,
486 2046 525 2110 et
543 2037 668 2109 studio
686 2037 848 2111 venandi
865 2038 987 2109 lassus
1006 2046 1046 2109 et
1062 2045 1170 2123 aestu,

267 2150 496 2241 Procubuit;
526 2151 739 2251 faciemque
760 2155 847 2242 loci,
866 2154 1087 2250 fontemque
1105 2161 1316 2249 sequutus;

302 2417 358 2466 403.
369 2418 468 2476 Ludere,
479 2418 582 2468 ludibrio
592 2419 690 2479 habere,
703 2436 767 2486 sper·
818 2428 863 2469 rat.
873 2418 897 2468 Ι.
909 2418 957 2467 Od.
967 2417 1031 2466 rtxvi.
1043 2420 1066 2466 6.
1095 2417 1182 2464 Monte.
1199 2415 1252 2466 Aut
1263 2417 1321 2468 sub·

268 2506 333 2540 nere.
341 2492 420 2542 Tibul.
431 2494 452 2541 Ι.
460 2493 510 2541 viii.
521 2494 567 2541 71:
586 2495 633 2544 Hie
645 2495 769 2544 Marathus
818 2492 958 2557 intelligitur
975 2496 1000 2540 io
1022 2491 1099 2556 (quod
1115 2489 1258 2539 vocabulum
1278 2490 1322 2539 ha-

269 2569 382 2627 qurmdom
391 2571 480 2616 misem
491 2569 699 2618 ludebatomonter.
721 2569 769 2618 Ne·
818 2569 877 2617 beot
894 2567 1001 2632 plerique
1019 2575 1043 2614 et
1058 2564 1170 2614 omittunt
1184 2563 1258 2612 nostri
1270 2563 1321 2614 Re·

268 2642 328 2687 seiua
348 2643 445 2690 ultorem
461 2651 512 2704 post
533 2652 664 2704 reputasse
685 2643 768 2692 Deum.
819 2640 874 2706 gii)
896 2650 938 2690 aut
958 2657 1020 2688 moos
1044 2655 1107 2688 nunc
1135 2645 1171 2687 est
1197 2636 1273 2687 herba
1295 2639 1321 2688 in

267 2713 406 2778 Superbiam
425 2715 488 2764 enim
506 2715 573 2763 illam
591 2716 668 2766 odisse
687 2717 768 2766 c'rede-
819 2725 914 2775 moote3
927 2715 981 2765 vide
992 2716 1164 2763 Burmannum.
1189 2713 1267 2762 Lanu
1279 2731 1321 2764 vo·

268 2786 355 2836 bantur
367 2789 417 2838 Dii.
445 2790 561 2838 Isidos:
582 2792 695 2848 Oderunt,
709 2792 769 2840 Pbo-
819 2801 887 2840 catur
897 2798 922 2839 et
933 2807 1001 2839 versu
1012 2792 1068 2839 500.
1093 2790 1155 2836 Eum
1166 2788 1251 2851 frigore
1263 2804 1320 2837 sua-

270 2861 311 2916 loe,
322 2878 406 2919 moneo,
411 2864 514 2929 fastidia
526 2864 591 2914 Divi.
617 2865 646 2913 In
658 2864 686 2913 iis
697 2865 769 2930 potis·
818 2880 872 2915 vem
889 2865 1022 2915 describere
1033 2862 1124 2922 voluit;
1140 2861 1183 2910 sed
1198 2863 1237 2910 bic
1247 2873 1321 2926 tepes-

269 2931 355 2981 simum
365 2936 485 2994 Nemesis,
500 2938 569 3002 eujus
585 2939 769 3004 pulcherrimum
818 2956 869 2988 cere
886 2939 1004 3004 displicet,
1020 2937 1077 3004 quia
1095 2947 1157 3000 tepor
1176 2944 1259 3001 gratus
1276 2947 1322 2988 est.

269 3006 363 3070 signum
373 3020 424 3059 erat
433 3012 601 3060 Rhamnusium
612 3029 684 3078 prope
691 3013 768 3062 Athe·
819 3013 909 3063 Melius
927 3013 1011 3061 Horat.
1021 3012 1056 3061 II.
1066 3011 1114 3061 Od.
1127 3028 1167 3060 xv.
1179 3011 1210 3059 9:
1230 3012 1321 3062 Baetu-

269 3095 327 3129 nas:
345 3081 398 3131 vide
417 3085 517 3134 Herder.
531 3085 557 3133 in
571 3086 632 3135 libro
647 3098 770 3137 zerstreute
818 3091 855 3136 dit
870 3091 929 3136 ictus
938 3087 1045 3153 fervidos
1063 3090 1130 3149 spissa
1144 3089 1213 3134 ramis
1228 3088 1321 3137 laureo.

270 3155 383 3213 Bluetter,
400 3158 469 3207 Fasc.
486 3160 522 3207 II.
541 3159 568 3208 ii.
584 3161 608 3209 4.
635 3161 710 3218 Licet,
727 3178 769 3226 pro
817 3161 931 3212 Similiter
941 3161 1003 3210 iufra
1014 3180 1036 3211 v.
1047 3163 1104 3210 389.
1150 3185 1152 3187 ·

269 3229 347 3295 cupio,
357 3230 437 3280 locum
447 3232 519 3282 habet
530 3234 554 3282 in
565 3234 684 3300 precibus.
707 3236 767 3284 Hor.
851 3236 907 3283 414.
919 3236 1028 3298 Sequitur
1038 3235 1116 3284 locum
1126 3233 1155 3292 is,
1165 3233 1207 3298 qui
1217 3236 1320 3284 amoeni-

268 3305 317 3354 III.
328 3304 377 3354 od.
388 3307 461 3355 xxvii.
474 3309 616 3357 13.sitliret
619 3309 691 3373 selis.
717 3310 767 3358 No·
818 3315 869 3357 tate
883 3310 934 3375 ejus
949 3309 1049 3358 allectus
1064 3324 1119 3357 eum
1137 3307 1197 3357 adit.
1227 3308 1283 3359 Cic.
1295 3309 1322 3358 ii.

269 3379 311 3428 stri
323 3379 404 3445 Regii,
416 3380 517 3430 anensit.
817 3385 893 3448 Legg.
912 3386 939 3431 l:
963 3384 1033 3432 Hane
1051 3385 1203 3431 amenitatem
1222 3384 1320 3432 loci-te·

303 3454 360 3503 407.
378 3454 499 3504 Fons'ille
521 3464 571 3505 erat
591 3455 617 3504 in
636 3455 768 3522 Thespien-
817 3475 882 3521 quor.
907 3460 990 3506 Potest
1002 3465 1082 3505 tamen
1092 3465 1199 3519 sequutus
1208 3464 1233 3504 et
1243 3457 1322 3522 expli·
1383 3512 1386 3517 ,

268 3527 331 3578 sium
348 3527 444 3586 finibus,
458 3530 584 3580 Pausania
601 3530 679 3580 adhuc
697 3540 768 3581 aetate
818 3533 876 3589 cari,
890 3532 1007 3598 impulsus
1023 3530 1093 3586 facie,
1109 3538 1205 3596 propter
1222 3529 1320 3580 faciem.

269 3603 376 3652 Narcissi
387 3620 473 3653 nomen
486 3621 577 3670 gerens.
605 3605 707 3655 Claritas
717 3607 769 3673 ejus
821 3604 884 3653 Plio.
898 3622 923 3653 x.
937 3607 982 3671 Ep.
994 3607 1035 3653 94.
1050 3621 1121 3653 mmet
1136 3607 1186 3666 q'us
1202 3615 1322 3668 aequatus.

269 3686 295 3727 et
304 3680 395 3745 puritas
406 3679 430 3728 h.
442 3679 460 3728 l.
476 3689 581 3745 urgetur,
593 3682 649 3746 quia
658 3681 691 3730 sic
702 3689 769 3730 tanto
819 3679 875 3728 Non
891 3679 997 3745 ineptum
1009 3681 1087 3729 lusum
1103 3677 1205 3745 praebuit
1215 3679 1322 3728 vocabu-

269 3751 346 3817 magis
363 3754 462 3802 sormam
476 3753 543 3819 pueri
557 3755 655 3804 reddere
666 3762 768 3820 poterat.
818 3753 868 3802 lum
889 3757 947 3812 ritis,
968 3755 1032 3820 quod
1052 3754 1124 3803 etde
1143 3753 1322 3804 vehementiore

269 3829 407 3890 Argenteus,
419 3827 568 3891 pellucidus:
587 3827 704 3894 ἀργύρεοι
721 3845 767 3877 πο·
819 3829 926 3894 appetitu
945 3829 1040 3878 dicitur.
1067 3831 1158 3885 Altera,
1177 3827 1235 3884 alia,
1258 3827 1323 3876 alius

270 3900 344 3965 ταμοί
361 3908 401 3948 aut
412 3902 495 3965 πηγαὶ
505 3903 578 3950 etiarn
589 3903 652 3967 apud
663 3904 769 3951 Graecos.
818 3904 919 3968 generis.
955 3905 1068 3968 imagine,
1093 3918 1172 3951 amore
1199 3901 1322 3965 imaginis.

271 3974 375 4029 Nitidus,
393 3974 425 4020 nil
446 3974 491 4023 nisi
511 3977 596 4025 clarus.
623 3977 702 4025 Etiam
717 3976 768 4025 He·
819 3977 899 4043 Imago
909 3986 987 4027 autem
990 3980 1075 4044 forme
1085 3978 1101 4025 i.
1110 3993 1134 4043 q.
1142 3976 1235 4032 umbra,
1246 3991 1321 4040 quam

269 4047 656 4116 roid.xv.157.nttidnsfons.
697 4052 768 4105 Quem
817 4067 860 4115 per
877 4068 971 4100 ornnem
989 4051 1043 4100 h.l.
1059 4050 1130 4100 valde
1144 4048 1255 4099 variavit.
1291 4050 1322 4098 In

269 4131 517 4185 macrianensem.
535 4124 588 4173 lons
604 4124 675 4189 plane
691 4125 768 4173 intae-
817 4127 895 4175 verbis
911 4143 970 4188 spem
983 4129 1032 4175 sine
1048 4143 1139 4188 eorpow
1156 4134 1218 4174 amat
1232 4125 1323 4174 frustm

270 4204 324 4246 tus:
339 4196 428 4259 integer
431 4197 498 4259 jhm,
509 4198 604 4246 Lucret.
613 4197 629 4246 i.
640 4200 705 4259 9255
717 4200 766 4246 Ho-
816 4199 1093 4267 haseruntlnterpretes.
1109 4198 1256 4264 Intelllgitur
1264 4210 1320 4246 um·
