2812 5010
293 324 359 389 402
598 329 637 395 Ρ.
662 330 823 399 OVIDII
847 330 1061 399 NASONIS

294 502 465 591 Restitit,
485 515 524 579 et
540 505 691 603 pavido,
712 506 856 581 Faveas
873 506 979 595 mihi,
993 533 1184 584 murmure
1201 510 1299 585 dixit

294 620 386 695 Dux
405 646 532 710 meus;
563 634 602 696 et
619 623 744 708 simili,
765 623 920 711 Faveas
936 649 1007 722 ego
1026 651 1218 702 murmure
1236 627 1328 701 dixi.
1371 673 1373 678 ,

294 738 497 826 Naiadum,
518 739 688 813 Faunine
705 740 801 813 foret
816 752 944 815 tamen
959 766 1024 816 ara
1043 744 1236 840 rogabam,

293 855 538 953 Indigenaene
550 856 645 945 Dei;
667 882 783 955 quum
803 858 895 932 talia
911 859 1078 933 reddidit
1090 860 1252 958 hospes:
1273 865 1345 932 330

293 984 317 1014 ⁴‘
338 975 426 1047 Non
444 975 528 1061 hac,
544 1000 566 1047 o
580 977 742 1072 juveniS,
755 986 974 1049 montanum
989 1001 1130 1050 numen
1145 977 1184 1049 in
1199 1000 1264 1050 ara
1274 987 1343 1050 est.

292 1091 365 1165 Illa
382 1116 489 1165 suam
506 1103 617 1166 vocat
629 1093 738 1180 hanc,
758 1093 819 1167 cui
839 1093 1030 1190 quondam
1048 1094 1152 1189 regia
1168 1093 1192 1165 J
1195 1118 1271 1167 uno

292 1209 435 1284 Orbem
453 1211 668 1298 interdixit3
699 1235 812 1309 quam
830 1211 894 1284 vix
912 1211 1072 1285 erratica
1090 1209 1209 1284 Delos

292 1326 475 1401 Orantem
494 1327 654 1424 accepit,
672 1336 754 1401 tum
772 1351 890 1424 quum
910 1326 1003 1400 levis
1021 1326 1145 1400 insula
1162 1327 1292 1400 nabat.

289 1442 386 1530 Illic,
405 1445 627 1518 incumbens
645 1467 732 1516 cum
752 1441 918 1516 Palladis
937 1443 1070 1516 arbore
1087 1443 1236 1540 palmae,
1269 1447 1340 1516 335

290 1559 421 1634 Edidit
439 1561 556 1635 invita
574 1560 744 1656 geminos
763 1559 908 1633 Latona
926 1583 1099 1632 noverca.
1188 1548 1198 1559 ’

289 1677 390 1750 Hinc
410 1702 563 1775 quoque
580 1676 603 1748 J
607 1700 769 1749 unonem
786 1675 928 1772 fugisse
945 1699 1132 1773 puerpera
1146 1672 1277 1759 fertur,

288 1793 412 1891 Inque
430 1819 498 1866 suo
516 1795 690 1892 portasse
703 1793 799 1880 sinu,
818 1795 893 1866 duo
909 1791 1074 1878 numina,
1090 1803 1221 1866 natos:

286 1909 451 2008 Jamque
465 1909 744 1995 Chimaeriferae,
760 1932 877 2006 quum
891 1910 947 1982 sol
966 1909 1089 2005 gravis
1100 1919 1227 1983 ureret
1240 1933 1338 1994 arva,

289 2026 444 2101 Finibus
463 2028 501 2099 in
520 2026 659 2125 Lyciae,
679 2027 790 2123 longo
810 2027 894 2102 Dea
909 2027 1011 2102 fessa
1026 2027 1155 2101 labore
1267 2030 1339 2098 340

287 2267 340 2310 tant
348 2259 422 2318 venti,
433 2269 460 2309 ut
471 2259 497 2310 ii.
508 2263 564 2311 875.
578 2263 679 2310 tremula
689 2265 786 2311 stnaan-
837 2274 961 2320 errantem,
971 2278 1035 2312 more
1043 2261 1172 2312 Ouidiano.
1189 2263 1270 2311 Etiam
1280 2263 1337 2311 Lac·

287 2335 431 2399 turflamr'ne
441 2345 517 2384 vestes.
837 2337 935 2394 tantins,
950 2337 975 2386 in
992 2338 1146 2402 Argumento,
1161 2347 1276 2386 errantem
1288 2354 1337 2387 me-

320 2411 377 2458 ³27.
397 2409 518 2468 Remtere,
539 2409 676 2468 consistere,
698 2410 787 2460 subsis-
836 2419 913 2461 morat
922 2429 929 2472 ς
945 2420 970 2460 et
987 2413 1017 2461 ah
1035 2415 1151 2460 emantur
1167 2419 1227 2461 uota
1242 2413 1337 2462 latona.

284 2491 344 2533 tere.
382 2484 447 2533 Vide
472 2484 631 2533 Schwarzium
656 2485 687 2533 ad
714 2486 786 2534 Plinii
837 2487 925 2537 Confer
937 2489 992 2536 190.

241 2552 248 2559 ⁸
286 2560 377 2622 Paneg.
395 2575 420 2607 x.
441 2561 466 2607 4.
501 2558 598 2615 Pavido,
617 2560 786 2609 convenienter
868 2563 926 2610 335.
938 2562 1043 2610 Palmam
1054 2560 1128 2609 solam
1143 2569 1277 2611 memorant
1287 2562 1335 2610 Ho-

286 2632 379 2682 dietum
389 2632 497 2696 religioni
508 2634 713 2698 paganorum,qui
724 2644 786 2683 meta
835 2644 922 2692 merus,
938 2635 1026 2700 hymno
1043 2633 1124 2700 Apoll.
1142 2636 1206 2695 1173
1223 2635 1335 2685 Callima·

284 2716 310 2757 et
322 2724 407 2771 pavore
425 2707 491 2756 Deos
508 2707 629 2758 colebant.
663 2709 702 2756 De
720 2725 784 2758 mar·
835 2708 903 2766 chus,
922 2709 947 2758 h.
966 2709 1022 2759 Del.
1033 2710 1097 2757 210:
1116 2709 1159 2757 sed
1175 2709 1259 2775 Eurip.
1274 2710 1335 2761 Hec.

284 2799 359 2839 mure,
374 2781 429 2831 vide
448 2781 480 2830 ad
494 2798 588 2830 versum
606 2784 664 2831 203.
698 2783 785 2832 Faveas
835 2785 892 2834 458.
904 2784 982 2833 oleam
991 2785 1112 2848 (Parada
1122 2784 1237 2847 arborem)
1249 2793 1274 2833 et
1284 2786 1335 2834 lau·

284 2866 310 2908 et
322 2859 435 2920 propitias
448 2860 478 2904 sis
490 2856 597 2923 formula
611 2857 721 2906 solennes
731 2874 783 2924 pre·
834 2875 898 2908 ream
920 2858 997 2908 addit.
1032 2860 1094 2908 Cum
1110 2860 1199 2908 Nostro
1218 2860 1335 2909 consentit

284 2931 394 2982 cationis.
833 2933 913 2984 Schol.
930 2934 1001 2982 Hom.
1014 2933 1045 2981 ad
1059 2933 1091 2981 Il.
1108 2939 1139 2982 A.
1149 2935 1174 2982 9.
1191 2935 1335 2984 Plutarchus

318 3008 375 3055 330.
386 3006 509 3070 indigena,
521 3004 631 3070 χθόνιος,
647 3005 718 3055 homo
731 3007 784 3072 ejus
833 3024 897 3064 vero,
915 3007 941 3056 in
957 3007 1040 3072 Pelop.
1056 3024 1081 3071 p.
1096 3008 1155 3056 236.
1174 3008 1256 3064 tradit,
1275 3009 1334 3058 duos

284 3088 353 3130 terra
368 3088 462 3146 propter
472 3080 557 3130 merita
571 3082 633 3129 inter
645 3081 711 3129 Deos
721 3082 783 3130 rela·
833 3080 911 3130 fontes
920 3097 971 3130 esse
982 3081 1008 3130 in
1024 3081 1102 3142 Delo;
1119 3097 1221 3146 quorum
1234 3084 1333 3133 alterum

283 3163 331 3212 tus.
348 3156 464 3219 Deosque
482 3163 550 3204 terrae
567 3154 676 3204 tutelaris
697 3155 782 3205 factus.
832 3155 1164 3212 Palmam‚altemm01eam
1180 3155 1281 3218 dicaut3
1299 3157 1333 3206 in-

225 3286 227 3290 ·
283 3229 310 3278 Is
324 3231 459 3293 indigetarr',
470 3227 576 3277 invocari
588 3244 630 3293 pro
645 3229 727 3293 patria
744 3244 782 3277 sa·
832 3238 869 3280 ter
884 3230 936 3288 hos,
953 3247 1001 3279 non
1017 3229 1080 3279 inter
1098 3231 1203 3288 arbores,
1214 3232 1333 3298 peperisse

282 3303 341 3360 lute,
353 3303 487 3352 dicebatur.
521 3303 642 3358 Reddidit,
654 3302 782 3367 respondit,
832 3305 958 3354 Latonam.

283 3387 310 3428 ut
320 3393 400 3443 supra.
433 3376 572 3425 Montanum
587 3394 687 3435 namen,·
705 3377 783 3441 qualis
865 3380 923 3427 339.
946 3373 1224 3442 Chimaerifera'vocatur
1249 3379 1332 3444 Lycia,

282 3461 319 3503 est
329 3454 436 3502 Faunus.
833 3451 891 3516 quia
906 3452 939 3500 ibi
952 3453 1072 3508 Chimaro,
1086 3468 1154 3500 mons
1171 3451 1332 3502 indesinenter

290 3574 292 3578 ,
315 3527 373 3576 333.
399 3527 480 3574 Orbem
507 3523 616 3573 revocavi
641 3524 781 3574 auctoritate
831 3524 911 3589 ignem
922 3541 1027 3574 vomens.
1053 3525 1152 3574 Plinii.
1166 3525 1222 3575 106.
1254 3525 1331 3574 Seda

281 3601 435 3668 plurimorum
451 3601 522 3648 MSS.
532 3609 557 3649 et
571 3599 650 3648 Schol.
660 3601 714 3650 MS.
738 3601 780 3648 Se·
831 3596 907 3661 poetis
927 3595 1068 3644 describitur
1091 3602 1118 3644 ut
1140 3609 1271 3648 monstrum
1290 3600 1330 3650 tri·

280 3691 334 3726 nec.
344 3675 376 3723 ad
386 3674 473 3738 Agam.
484 3676 548 3722 371:
567 3690 669 3739 namque
683 3677 780 3724 r‘nterdi·
831 3670 914 3728 forme,
935 3679 1009 3736 caput
1028 3671 1113 3726 leonis,
1135 3687 1220 3736 corpus
1241 3689 1328 3739 caprae,

279 3767 330 3801 aere
350 3758 375 3798 et
392 3749 554 3798 accusativum
575 3749 716 3815 adjunctum
735 3749 780 3798 sibi
831 3745 933 3794 caudam
953 3744 1062 3795 draconis
1084 3744 1184 3802 habens,
1205 3755 1231 3795 et
1251 3748 1328 3812 ignem

280 3824 363 3873 habet.
397 3824 508 3872 Erratiea
520 3825 589 3873 Delos
596 3841 604 3882 ,·
622 3823 677 3872 vide
689 3824 780 3872 adver·
830 3819 939 3870 faucibus
959 3837 1085 3870 evomens:
1108 3819 1206 3870 Lucret.
1224 3839 1250 3871 v.
1274 3825 1330 3872 902.

280 3914 332 3948 sum
346 3899 400 3946 190.
433 3897 521 3946 Confer
537 3897 632 3946 Callim.
643 3897 667 3946 h.
678 3898 737 3946 Del.
747 3901 780 3948 36
829 3894 853 3942 A
876 3896 987 3945 Chimera
1008 3905 1088 3945 autem
1108 3897 1186 3960 Lycia
1203 3896 1229 3946 in
1248 3898 1329 3963 primis

279 3989 334 4037 sqq.
359 3973 553 4036 Orantempotest
564 3972 678 4038 explicari
689 3989 719 4022 ex
728 3974 779 4022 Ho-
829 3968 886 4018 olim
907 3969 1075 4026 memorabilis,
1098 3979 1124 4018 ut
1144 3986 1159 4019 θ
1180 3971 1328 4037 Geographis

279 4045 338 4094 meri
355 4045 442 4110 hymno
463 4046 494 4094 ad
511 4046 593 4111 Apoll.
607 4050 637 4096 51
657 4063 710 4112 sqq.
747 4049 779 4097 Et
830 4055 935 4109 apparet.
960 4045 998 4092 Sol
1008 4048 1093 4111 granu,
1104 4045 1134 4094 de
1145 4039 1214 4094 aestu.
1242 4047 1327 4102 Siccus,

278 4118 684 4185 videturh.hessesignificantius,
711 4122 778 4170 Schi.
828 4120 916 4175 aridus,
927 4127 952 4168 el
962 4117 1075 4178 αὐαλέος,
1087 4120 1117 4168 de
1128 4119 1232 4170 Slllenle.
1257 4121 1326 4168 Colli-

276 4191 371 4243 rachius
392 4200 545 4243 tamencum
566 4195 676 4243 Pontano
696 4196 779 4245 mallet
826 4194 1097 4256 geretilimrutVAffi·
