2812 5010
354 333 1024 408 naunnonrnoseouura.1v.
1082 435 1084 438 ‚
1146 338 1212 407 ars

175 507 326 583 Etcum
344 509 480 584 lenaeo
499 509 657 608 genialis
673 508 839 583 consitor
855 533 950 596 uvae,
1066 508 1211 606 [Evang
1291 513 1296 525 '

175 623 465 722 Nycteliusque,
491 625 720 722 Eleleusque
743 647 893 722 parens,
916 634 956 701 et
980 617 1152 717 Iacchus,
1176 639 1215 707 et

174 736 224 813 Et
242 763 329 836 quae
346 750 528 839 preterea
541 767 608 841 per
627 740 761 815 Graias
778 740 941 840 plurima
955 750 1089 838 gentes

173 854 490 947 Nominahiber,
505 859 644 933 habes:
669 859 739 932 tibi
758 857 858 932 enim
874 858 1139 967 inconsumpta
1152 863 1215 959 ju-

174 970 231 1044 'l'u
250 996 344 1070 puer
355 983 534 1062 -aeteruuS,
553 985 595 1048 tu
611 974 902 1050 formosissimus
921 975 997 1049 alto
1043 979 1214 1073 [ventam

176 1087 416 1187 conspiceris
430 1093 546 1167 coelo:
563 1093 646 1180 tibi,
659 1117 776 1190 quum
794 1092 873 1166 sine
887 1092 1062 1166 cornibus
1074 1080 1214 1182 adstas,

174 1203 394 1302 Virgineum
412 1219 526 1306 caput
543 1219 615 1283 est.
646 1208 782 1282 Oriens
795 1206 864 1281 tibi
882 1207 1015 1294 vietus,
1028 1208 1076 1280 ad
1093 1233 1216 1307 usque

177 1306 339 1394 Decolor
348 1332 516 1397 extremo
528 1348 604 1422 qua
615 1322 798 1420 tinguitur
810 1322 920 1396 India
932 1322 1078 1420 Gange.
1166 1330 1212 1398 21

178 1519 248 1567 Decet
257 1522 362 1569 intumos
371 1524 442 1571 crinis
454 1532 577 1585 senemque
588 1524 671 1581 Deum,
720 1530 827 1580 vocetur,
837 1521 902 1588 apud
912 1521 1046 1579 Horatium,
1058 1523 1080 1573 1.
1093 1524 1143 1574 Od.
1152 1524 1218 1576 xviii.

177 1594 240 1659 apud
250 1594 381 1652 Tibullum,
390 1597 413 1645 Ι.
423 1597 490 1661 Eleg.
500 1597 533 1645 iv.
543 1598 583 1647 ³8.
616 1625 618 1629 ι
723 1596 769 1656 ll;
786 1612 833 1659 quo
850 1595 954 1660 epitheto
964 1595 1067 1661 virgines
1080 1598 1129 1648 lere
1142 1599 1217 1666 insi'g·

210 1668 249 1718 14.
265 1669 361 1718 Leucas
376 1669 430 1719 ἀπὸ
441 1672 486 1720 τοῦ
498 1673 671 1732 bausiator·
722 1670 766 1718 niri
784 1670 868 1718 solent.
903 1671 1049 1732 conspueris,
1064 1688 1107 1737 pro
1122 1691 1153 1732 cr,
1169 1690 1218 1725 non

177 1742 294 1799 culari,a
320 1745 455 1794 calcatorio.
487 1746 592 1794 Genialis
612 1757 672 1805 noa,
721 1743 792 1793 modo
809 1743 994 1801 sonantius,sed
1012 1746 1084 1794 etlam
1098 1747 1218 1799 effleadnr

177 1830 229 1880 quae
240 1817 307 1876 lacit,
317 1826 345 1866 ut
357 1819 427 1882 genio
438 1819 611 1885 indulgeamus,
623 1818 673 1870 leti
721 1816 753 1865 ad
768 1832 871 1866 sentum·
898 1822 963 1869 Nam
982 1823 1080 1883 conspici
1097 1821 1216 1883 dicuntur,

175 1896 199 1936 et
213 1889 302 1939 hilares
317 1891 397 1948 simus,
409 1893 530 1957 egregium
544 1892 605 1943 adeo
619 1908 672 1942 uve
719 1890 764 1956 qui
780 1891 834 1940 dote
852 1891 933 1957 aliqua
950 1901 992 1942 aut
1004 1893 1090 1944 virtute
1105 1895 1217 1961 indgnec,

177 1963 308 2026 epitheton,
328 1967 425 2030 genialis
440 1967 549 2027 platanos
557 1984 566 2025 ‚·
583 1967 616 2016 xi.
632 1968 672 2018 95.
722 1965 820 2015 alionum
830 1966 910 2016 oculos
920 1965 982 2016 lnce
992 1979 1217 2022 convercostenent.

178 2035 261 2100 virgil.
275 2038 366 2103 Georg.
381 2038 398 2087 i.
414 2039 469 2086 302.
481 2042 580 2104 genialis
596 2041 672 2099 biems,
724 2039 784 2087 Coelo
794 2039 906 2088 Bacchus
916 2039 1038 2104 impositus
1048 2048 1103 2106 post
1108 2041 1218 2095 victorias

176 2119 232 2176 apta
250 2111 413 2160 conviviorum
431 2112 553 2163 hilaritati.
586 2115 672 2178 Nycte-
721 2119 810 2174 partas.
829 2129 897 2162 versu
917 2114 974 2161 613·
1003 2114 1095 2179 Regius
1113 2124 1139 2166 et
1155 2117 1218 2167 Bur·

177 2187 230 2243 tius,
248 2187 318 2251 cujus
337 2201 405 2236 sacra
424 2195 496 2238 noctu
516 2189 673 2239 celebrantur.
722 2182 823 2236 mannus
843 2187 935 2252 putant,
955 2186 1069 2237 ovidium
1090 2189 1129 2239 bic
1150 2192 1217 2256 sequi

176 2259 261 2323 virgil.
272 2259 363 2324 Georg.
371 2261 403 2310 iv.
411 2263 603 2312 52l.nocturrrus
611 2263 672 2312 Buc-
721 2274 771 2318 eos,
790 2262 831 2325 qui
846 2261 924 2309 Solem
939 2269 963 2309 et
976 2262 1101 2310 Bacchum
1114 2265 1218 2315 eundem

175 2335 238 2381 chus.
282 2334 380 2390 Eleleus.
403 2336 499 2384 Iacchus
525 2345 550 2385 et
571 2336 672 2386 Eorna
722 2349 773 2384 esse
787 2335 926 2394 tradebant3
944 2349 1014 2400 quam
1031 2335 1146 2386 rationem
1159 2354 1218 2389 sane

178 2408 276 2457 vocibus
295 2409 478 2460 Bacchantium.
503 2411 562 2461 Scil.
583 2413 674 2462 Elateius
722 2410 809 2474 virgil.
824 2411 911 2474 Georg.
925 2409 943 2458 i.
957 2411 1029 2460 5-7.
1044 2420 1158 2474 sequutus
1174 2417 1219 2462 sit.

177 2496 192 2529 a
212 2498 273 2531 voce
294 2482 376 2532 ἐλελεῦ
397 2500 446 2548 qua
469 2485 623 2550 procedentes
643 2486 673 2536 ad
725 2483 818 2532 Cornua
827 2499 901 2548 parva
912 2483 1102 2532 danturBaccho
1112 2500 1159 2533 non
1168 2494 1218 2534 tam

177 2554 252 2620 Orgia
280 2555 431 2615 celebranda,
456 2559 487 2607 ad
508 2559 674 2609 conferendam
724 2559 967 2625 apictoribus,quam
983 2559 1096 2623 apostis.
1124 2560 1218 2626 Deponi

175 2642 289 2693 pugnam,
312 2630 447 2680 utebantur.
482 2632 573 2682 Vinum
594 2643 674 2682 autem
724 2640 849 2698 poterant3
867 2630 988 2681 herebant
1005 2632 1068 2681 enirn
1080 2646 1129 2682 non
1142 2634 1219 2684 inca·

176 2702 284 2751 hortatur
297 2718 325 2752 ac
338 2703 417 2752 reddit
429 2705 547 2755 hominem
559 2707 674 2756 audacem
723 2706 781 2771 pite,
792 2706 833 2754 sed
847 2705 872 2754 in
886 2704 989 2754 filamine
1001 2705 1111 2770 quodam.
1145 2709 1220 2757 Erant

176 2777 207 2824 ad
228 2775 310 2825 omnia
329 2778 504 2841 aggredienda3
520 2781 583 2829 unde
597 2782 673 2830 Hora·
723 2789 803 2829 autem
819 2795 908 2828 cornua
924 2778 988 2844 apud
1003 2779 1104 2829 Veteres
1124 2783 1218 2846 symbo-

175 2850 239 2899 tiust
257 2853 289 2898 ad
299 2852 382 2912 prelia
393 2855 467 2902 trudit
479 2857 593 2903 inermen.
621 2856 672 2905 lac·
723 2853 772 2902 lum
786 2853 915 2918 majestatis
930 2860 954 2901 et
970 2853 1095 2918 potentie:
1112 2853 1220 2908 vialn.

176 2927 232 2974 chus
245 2923 299 2974 α’πὸ
313 2929 360 2987 τῆς
374 2926 473 2991 ἴακχῆς,
484 2929 529 2978 hoc
545 2937 609 2978 esta
625 2931 674 2979 cla·
724 2927 856 2975 Bartholin.
871 2926 902 2974 tle
920 2925 1032 2975 Unicum.
1051 2941 1104 2992 cap.
1122 2929 1139 2976 2
1154 2938 1178 2978 et
1194 2933 1219 2981 3.

176 3015 250 3048 more.
283 3000 351 3048 Euan
370 3017 417 3050 vox
437 3011 473 3052 est
494 3019 542 3068 qua
563 3004 674 3053 Bacchus
724 3000 1220 3068 fflncBacchuscornigeurepatoesspae-

176 3072 226 3138 ipse
237 3072 392 3137 significatur.
599 3073 601 3077 ’
722 3074 805 3139 φόρος,
821 3074 980 3140 ταυρόκερως.
1006 3075 1045 3122 De
1061 3078 1164 3140 virgineo
1181 3095 1219 3126 ca·
1297 3103 1299 3108 .

174 3160 180 3166 ·
211 3149 249 3196 17.
258 3147 450 3207 Nominu,Lr'ber,
458 3151 544 3214 habea]
555 3152 673 3215 Repente,
721 3151 770 3219 pite
780 3148 834 3197 vide
849 3149 880 3197 ad
893 3147 927 3196 iii.
939 3149 994 3196 607.
1027 3150 1155 3214 Ariosque.
1172 3155 1219 3202 Us-

178 3221 252 3270 veluti
268 3221 344 3271 lurore
360 3224 472 3289 abreptus
489 3231 514 3273 et
532 3226 590 3290 ipse,
602 3225 674 3274 Libe·
724 3238 771 3287 que
782 3223 812 3272 ad
824 3238 876 3272 eam
888 3231 981 3279 terram,
992 3237 1049 3286 qua.

177 3312 229 3344 rum
253 3296 390 3361 alloquitur.
427 3298 539 3348 Similiter
561 3299 673 3349 Claudia·
756 3299 797 3345 21.
814 3299 910 3347 Decolor
926 3297 1104 3360 actaeonem]
1122 3299 1161 3346 De
1178 3313 1220 3346 ex-

178 3387 229 3428 ous,
249 3370 330 3418 xxxiv.
347 3372 379 3420 29
389 3390 397 3432 ;
414 3372 472 3422 sorte
493 3390 522 3422 ex
544 3374 675 3425 imitatione
718 3369 843 3436 peditione
862 3370 954 3419 Bacchi
971 3369 1065 3426 Indica,
1083 3370 1151 3434 cujus
1169 3387 1219 3419 cre-

179 3443 268 3493 Nostri.
296 3444 466 3510 inconsumpto,
476 3447 583 3512 ἄφθιτος,
592 3463 675 3513 perpe·
718 3445 767 3492 bra
785 3445 848 3509 apud
867 3452 949 3508 poetas
966 3442 1063 3498 mentio,
1073 3442 1124 3491 vid.
1139 3444 1220 3491 Nonni

179 3527 228 3576 tua,
246 3525 343 3567 aeterna.
361 3520 441 3569 Tibul.
460 3522 481 3570 Ι.
497 3521 531 3570 iv.
547 3523 596 3570 37:
620 3523 677 3571 Solis
725 3518 870 3582 Dionysiaca
880 3525 905 3565 et
913 3517 986 3564 Diod.
995 3517 1042 3564 Sic.
1050 3516 1092 3563 lib.
1103 3516 1135 3564 iv.
1152 3517 1222 3565 Liber

173 3602 263 3640 aterno
275 3602 307 3640 est
321 3593 402 3642 Ptoeoo
413 3594 544 3658 Bacchoque
554 3599 676 3658 juventus.
725 3601 792 3656 pater
808 3592 897 3656 primus
913 3589 1017 3639 omnium
1035 3604 1089 3637 cum
1107 3589 1220 3646 exercitu,

175 3665 274 3715 Dicitur
300 3666 414 3716 luventas
440 3669 496 3718 Dea
528 3669 677 3734 juventutis,
725 3665 750 3713 in
760 3681 806 3729 quo
814 3665 923 3713 mulieres
931 3669 1100 3727 quoqueerant
1108 3662 1222 3718 furentes.

179 3739 240 3788 hanc
259 3739 331 3804 igitur
346 3757 436 3799 vocem,
454 3743 530 3808 magis
549 3743 676 3808 poeticam,
726 3738 751 3786 in
769 3738 864 3786 Indiam
884 3738 1003 3800 ingressus
1024 3734 1104 3793 fuisse,
1121 3751 1222 3800 eamque

179 3829 232 3862 eum
244 3814 343 3864 Heinsio
353 3816 492 3865 servandam
503 3832 598 3866 censeo.
624 3816 676 3864 Ad·
727 3812 855 3876 subegisse,
863 3826 891 3859 ac
900 3818 992 3875 gentem
1000 3809 1172 3874 nulliunquam
1181 3809 1223 3859 ho-

179 3885 243 3936 ditur
263 3905 329 3950 puter,
349 3905 404 3938 nam
431 3889 510 3939 media
530 3898 566 3939 est
586 3889 678 3938 Bacchi
726 3886 817 3934 minum
833 3885 966 3940 obnoxiam,
977 3898 1005 3931 ac
1016 3883 1067 3931 sola
1076 3883 1156 3947 quiete
1167 3899 1223 3933 con·

181 4032 215 4082 iii.
242 4035 300 4082 773.
339 4035 419 4084 Fuisse
447 4044 526 4084 autem
553 4035 677 4084 Bacchum
728 4030 1223 4099 hsseacpolluisse,indequemagnificen-

173 4106 370 4169 fcrmosissimum,
389 4109 459 4158 docet
473 4108 629 4166 Brulrhusius,
647 4109 678 4158 ad
729 4108 843 4156 tissimum
864 4106 1009 4174 triumphum
1030 4105 1160 4172 reporthrse
1178 4107 1225 4155 ier·

181 4181 305 4232 llbuhlI.
319 4183 354 4230 iii.
370 4185 411 4231 35.
447 4182 509 4231 Hinc
527 4192 552 4231 et
568 4185 679 4232 candidus
729 4191 776 4230 tur.
822 4182 917 4230 Decolor
941 4180 971 4228 de
999 4178 1076 4228 colore
1098 4177 1179 4229 vitiato
1200 4181 1237 4229 οῖ’
