2812 5010
180 339 245 405 112
471 341 511 406 P.
535 340 705 419 ovlml,
722 339 933 407 NASONIS

182 513 296 588 Multi
313 515 416 589 illam
433 516 598 613 petiere:
628 515 692 589 illa
708 525 880 590 aversata
897 525 1085 614 petentes,

180 630 388 730 Impatiens
405 656 620 731 expersque
637 633 716 719 viri,
736 655 930 706 nemorum
950 632 1033 705 avia
1050 631 1209 716 lustrat3

181 747 217 822 N
220 773 264 823 ec
283 749 374 846 quid
393 748 557 847 Hymen,
570 750 663 847 quid
683 749 809 834 Amor,
822 749 915 848 quid
933 749 1010 822 sint
1022 748 1223 832 connubia,

333 876 452 939 curat.
1155 867 1231 936 488

182 980 293 1080 Saepe
312 991 418 1080 pater
435 982 549 1057 dixit:
579 993 602 1022 ‘⁶
625 984 817 1058 Generum
835 983 938 1068 mihi,
958 982 1047 1068 filia,
1064 978 1227 1057 debes.”

181 1094 291 1195 Saepe
308 1107 416 1196 pater
432 1099 550 1174 dixit:
581 1109 605 1138 ‘⁴
625 1099 754 1173 Debes
773 1099 876 1185 mihi,
892 1109 992 1184 nata,
1011 1095 1209 1195 nepotes.”

179 1211 262 1300 Illa,
280 1214 384 1288 velut
396 1215 551 1302 crimen,
569 1217 687 1290 taedas
705 1240 822 1290 exosa
834 1216 995 1315 jugales,

179 1328 344 1405 Pulchra
360 1334 572 1408 verecundo
590 1333 818 1407 suffunditur
835 1355 901 1406 ora
917 1333 1073 1419 rubore;

180 1446 302 1545 Inque
319 1451 438 1547 patris
456 1449 604 1523 blandis
622 1450 767 1523 haerens
785 1449 930 1523 cervice
949 1446 1111 1532 lacertis,
1150 1448 1224 1518 485

156 1629 158 1631 ,
180 1572 204 1601 “
221 1563 281 1637 Da
299 1564 389 1638 mihi
407 1577 602 1665 perpetua,
622 1566 768 1664 genitor
785 1564 990 1651 carissime,
1011 1563 1119 1648 dixit,

178 1679 403 1777 Virginitate
416 1682 512 1757 frui:
542 1683 647 1758 dedit
662 1684 735 1757 boc
753 1694 861 1782 pater
876 1692 963 1755 ante
983 1678 1155 1754 Diunae.”

179 1794 249 1868 Ille
268 1797 422 1894 quidem
440 1799 679 1896 obsequitur:
702 1808 725 1838 ‘⁴
735 1799 818 1873 ¹Sed
834 1808 873 1872 te
890 1799 1004 1872 decor
1021 1798 1105 1881 iste,
1114 1793 1224 1892 quod

331 1923 451 2011 optaS,
1111 2007 1112 2011 Ἰ

182 2026 278 2102 Esse
287 2039 411 2118 vetat3
431 2040 594 2128 votoque
612 2040 677 2105 tuo
695 2041 761 2105 tua
774 2029 894 2104 forma
907 2026 1132 2127 repugnat.’'
1151 2029 1226 2098 489

182 2142 349 2218 Phoebus
368 2156 489 2234 amatr
519 2147 685 2245 visaeque
699 2147 805 2244 cupit
818 2144 1007 2219 connubia
1020 2141 1223 2240 Daphnes3

177 2407 278 2458 illustrat
297 2410 423 2476 Spanhem.
442 2411 473 2459 ad
484 2410 554 2460 ‘cut
574 2427 597 2476 p.
616 2411 673 2460 688.
723 2410 915 2475 preferebantnn
922 2416 950 2458 nt
957 2406 1100 2456 Plutarchus
1109 2405 1192 2455 scribit
1202 2405 1227 2454 in

179 2484 267 2532 Ponere
277 2494 301 2534 et
312 2501 440 2548 componere
448 2485 541 2550 proprie
549 2484 581 2533 de
590 2492 674 2535 ornatu
723 2484 921 2533 Problematibus.

178 2556 325 2622 capillomm.
756 2560 811 2607 484.
829 2557 940 2623 Srqfundi
950 2556 1037 2605 dieitur
1047 2554 1077 2604 de
1086 2557 1173 2605 rubore
1183 2571 1225 2604 ora

210 2632 266 2680 479.
283 2631 407 2694 impatiens
422 2632 489 2696 oiri]
509 2633 675 2682 Reiormidans
723 2640 829 2682 notante.

177 2704 373 2755 consuetudinem
396 2706 448 2762 viri,
470 2720 548 2770 neque
562 2700 674 2755 ¹nubens.
756 2708 813 2755 485.
831 2707 933 2763 Herere,
953 2713 980 2755 ut
999 2704 1153 2767 ponderatis
1175 2718 1224 2752 am-

176 2780 241 2828 Fau.
255 2779 287 2828 vi.
304 2782 360 2830 288.
373 2796 447 2845 quum
462 2779 515 2828 dne
534 2781 675 2846 nupsissent,
724 2781 842 2847 plexibus.

180 2853 216 2902 De
232 2856 304 2902 tribus
320 2856 439 2916 impatiens
456 2857 540 2902 restitit
557 2872 605 2904 uua
619 2855 674 2904 uiri.
758 2856 814 2903 486.
832 2855 871 2902 Du
886 2855 942 2901 mitt
954 2853 1084 2916 perpetuu]
1103 2853 1160 2917 Ipsa
1175 2851 1226 2900 haee

179 2927 286 2990 Expertes
306 2931 381 2975 pirum
406 2930 488 2990 poetic
513 2929 585 2977 etiam
612 2929 675 2995 apnd
725 2936 780 2978 snut
800 2930 873 2978 verba
892 2929 978 2976 Diunae
994 2927 1032 2976 ud
1053 2929 1138 2977 Jovem
1159 2927 1225 2992 apud

177 3003 261 3050 Horat.
272 3001 320 3048 ΙΙΙ.
331 3001 379 3049 Od.
393 3002 442 3050 xiv.
456 3003 494 3050 10.
509 3016 539 3050 ex
553 3003 674 3051 emendat.
725 3003 968 3065 Callim.h.Dian.6.
985 3001 1031 3060 Δός
1039 3019 1080 3067 μοι
1088 3001 1227 3066 παρθενίην

178 3074 298 3137 Cuningh.
327 3069 478 3122 Inde'antem
491 3075 675 3139 laumsquoque
725 3078 834 3135 αἰώνων,
848 3079 933 3134 ἄππα,
945 3074 1088 3142 φυλάσσειν.
1121 3076 1160 3124 Du
1170 3077 1227 3125 mai

177 3159 239 3198 casta
250 3147 336 3197 dicitur
347 3163 361 3196 a
373 3145 452 3197 Tibul.
463 3149 512 3197 111.
524 3149 556 3198 iv.
565 3151 605 3198 23.
628 3150 675 3197 Ne-
725 3153 822 3202 solenne
843 3153 869 3201 in
889 3149 1078 3217 precationibus:
1102 3149 1152 3198 viii.
1169 3151 1227 3200 851.

176 3239 264 3270 morum
280 3225 341 3279 avio,
356 3238 397 3287 pro
415 3239 504 3271 nemora
523 3226 584 3280 ανὶα,
599 3224 675 3272 forma
725 3228 809 3276 Horat.
825 3228 847 3276 Ι.
862 3228 907 3292 Ep.
921 3226 970 3274 xvi.
986 3226 1031 3274 61:
1051 3225 1090 3272 Da
1106 3226 1163 3272 mibi
1172 3225 1226 3290 fai-

176 3295 290 3360 loquendi
298 3296 391 3352 Graeca,
399 3311 470 3360 quam
481 3312 526 3344 non
534 3296 609 3345 solum
619 3313 675 3362 poe·
725 3302 779 3357 iere,
790 3304 917 3365 dajustum
927 3309 1072 3362 sanctamque
1081 3300 1164 3348 videri.

177 3377 208 3417 tae
219 3369 675 3436 Latini,sedetiamprosaieiscriptores
758 3376 815 3423 488.
832 3374 878 3423 Ille
894 3376 983 3438 quidem
1000 3373 1149 3436 obsequitur]
1168 3372 1227 3421 Mox

176 3443 337 3493 imitatisunt.
370 3444 458 3494 Justin.
469 3445 535 3493 XLI.
546 3443 562 3493 i.
576 3446 675 3495 ll:·Ut
725 3449 829 3514 aspergit
852 3457 922 3514 poeta
945 3445 1131 3515 aliquid,.unde
1155 3448 1228 3496 lector

175 3521 338 3567 perimmensa
350 3518 674 3584 tautumoeprrp'uudecam·
725 3521 815 3571 exitum
826 3522 860 3571 rei
870 3521 976 3570 divinare
987 3520 1068 3584 possit.
1101 3519 1170 3568 Facit
1180 3519 1226 3568 hoc

173 3613 262 3660 porum,
274 3612 352 3644 verrom
362 3598 429 3643 etiam
443 3596 562 3657 prerupta
575 3595 676 3653 critiam,
727 3597 814 3645 Noster
827 3611 955 3662 saepecum
971 3593 1033 3650 aliis,
1046 3603 1167 3659 preeunte
1179 3594 1229 3642 Ho-

176 3673 328 3733 mnntiumque
348 3671 424 3717 ardua
446 3672 614 3731 occupaverint,
635 3669 676 3718 ubi
727 3687 805 3719 mero:
823 3687 847 3718 v.
868 3686 890 3718 c.
908 3669 938 3717 11.
956 3673 985 3718 Β.
1004 3668 1110 3717 36-40,
1144 3668 1227 3726 Decor,

176 3744 230 3792 vide
246 3744 349 3793 Gronov.
363 3752 388 3792 et
402 3743 549 3791 Bueneman.
566 3741 597 3790 ad
614 3744 675 3792 Lue-
727 3743 893 3810 pulchritud03
913 3743 956 3792 sed
976 3742 1037 3791 illud
1057 3742 1229 3807 significantius

171 3825 237 3866 tunt.
246 3816 325 3866 Instit.
337 3817 453 3866 div.VII.
464 3816 499 3864 iii.
509 3819 549 3866 25.
570 3817 678 3882 Epoetis
727 3826 776 3866 est:
805 3816 915 3882 exprimit
939 3817 1003 3865 enim
1030 3817 1100 3864 simul
1127 3817 1228 3880 gratiam

179 3892 289 3957 exempla
313 3892 431 3955 congessit
452 3891 537 3940 Heius.
559 3891 590 3939 ud
616 3891 640 3938 h.
661 3892 678 3939 l·
729 3892 857 3956 quandam,
867 3890 931 3939 unde
945 3891 994 3939 fere
1005 3888 1093 3940 Veneri
1104 3899 1129 3939 et
1138 3890 1228 3939 Gratiis

178 3967 238 4015 Avia
255 3973 334 4031 autem
352 3974 408 4014 sunt
425 3973 516 4015 remota
533 3973 558 4014 et
574 3965 675 4022 deserta,
725 3968 791 4015 decor
805 3964 922 4014 tribuitur.
955 3966 1015 4013 Mox
1031 3979 1081 4012 ver.
1091 3965 1147 4013 527.
1157 3979 1226 4028 nym-

132 4043 133 4048 ’
175 4039 256 4106 qualia
266 4040 347 4088 amant
356 4040 487 4090 securitatis
497 4054 570 4088 causa
579 4041 642 4088 iere.
725 4038 871 4103 phadeceur.

207 4116 264 4163 483.
283 4113 360 4164 Terias
361 4113 476 4180 jugatos]
494 4113 605 4179 Nuptias.
623 4115 673 4162 No·
757 4113 813 4161 490.
832 4113 972 4176 connubia]
992 4109 1149 4168 Concubitus,
1159 4118 1186 4158 nt
1194 4110 1227 4158 xi.

176 4189 213 4239 vis
221 4187 284 4238 enirn
295 4189 375 4255 nuptis
382 4188 487 4253 quinque
495 4188 558 4237 faces
568 4203 672 4237 accense
723 4187 779 4236 226.
813 4186 852 4235 Ita
862 4190 1002 4253 conjugium,
1015 4186 1063 4236 xiv.
1074 4186 1138 4246 298;
1155 4185 1226 4249 Virg.
