2812 5010
303 332 367 398 148
596 330 635 395 Ρ.
660 329 822 396 OVIDII
846 331 1058 398 NASONIS

302 506 420 602 Finge
436 506 546 579 datos
565 528 713 580 currus:
741 508 836 604 quid
854 507 966 603 agas?
994 506 1184 605 poterisne
1202 509 1335 580 rotatis

301 620 447 695 Obvius
466 620 519 694 ire
537 622 645 719 polis,
658 647 713 694 ne
731 633 768 696 te
787 623 885 696 citus
903 621 1047 696 auferat
1065 621 1174 696 axis?
1302 628 1347 697 75

302 736 476 811 Forsitan
494 747 532 810 et
549 737 655 810 lucos
673 735 762 824 illic,
782 739 984 834 urbesque,
1004 737 1213 835 domosque

302 851 505 951 Concipias
524 853 659 939 animo,
679 852 913 951 delubraque
931 853 1024 927 ditia
1041 852 1150 926 donis

302 968 420 1043 Esse:
449 992 516 1067 per
533 968 687 1042 insidias
705 968 776 1042 iter
794 980 863 1056 est,
883 967 1096 1065 formasque
1115 968 1300 1044 ferarum:
1342 974 1344 978 ⁴

301 1083 432 1182 thue
448 1084 547 1157 viam
565 1094 708 1170 teneas,
728 1085 906 1182 nulloque
924 1108 1047 1158 errore
1061 1085 1244 1173 traharis;

300 1197 377 1274 Per
394 1209 522 1273 tamen
540 1200 685 1274 adversi
704 1199 884 1296 gradieris
903 1221 1043 1273 cornua
1059 1199 1186 1286 Tauri,
1301 1205 1347 1274 80

299 1313 596 1414 Haemoniosque
616 1339 736 1404 arcae,
754 1315 985 1413 violentique
1003 1339 1068 1389 ora
1086 1314 1236 1403 Leonis,

301 1432 485 1530 Saevaque
503 1432 660 1506 circuitu
680 1441 896 1505 curvantem
913 1431 1067 1506 brachia
1083 1432 1198 1529 longo

301 1547 496 1647 Scorpion,
505 1557 620 1646 atque
632 1548 741 1622 aliter
749 1557 967 1621 curvantem
977 1549 1131 1622 brachia
1142 1547 1347 1622 Cancrum.

330 1747 372 1797 74.
390 1747 508 1796 Poterisne
519 1751 609 1804 rotatis,
622 1746 681 1810 eto]
700 1747 795 1796 Coelnm
846 1747 883 1796 dae
894 1755 961 1796 sunt.
992 1747 1066 1795 Tauri
1076 1746 1169 1811 signum
1181 1748 1217 1796 sol
1230 1747 1348 1812 ingredie-

298 1828 405 1870 movetur
419 1820 483 1870 circa
494 1823 568 1884 pube:
585 1821 610 1869 hi
626 1837 681 1886 ergo
692 1830 746 1871 sunt
756 1839 796 1872 ve·
846 1823 917 1871 batur
936 1821 960 1869 iv
978 1822 1035 1871 Kal.
1051 1822 1127 1883 Maii3
1144 1821 1232 1871 Manil.
1248 1823 1267 1871 i.
1285 1824 1348 1874 516:

297 1895 475 1946 lntirotoecoeli.
508 1898 797 1946 Jamobvinmirerotatis
849 1898 938 1960 Quique
958 1899 999 1945 sub
1015 1899 1089 1945 everri
1106 1907 1260 1945 numerantur
1277 1899 1350 1946 siam

294 1973 354 2032 polis
370 1977 407 2019 est
423 1970 441 2020 i.
450 1987 475 2036 q.
486 1971 557 2035 paulo
574 1980 639 2028 ante,
651 1974 731 2034 rapido
749 1974 797 2020 orbi
849 1971 930 2020 Tauri.
963 1971 1028 2036 Hyg.
1048 1971 1144 2020 Astron.
1166 1969 1202 2019 iii.
1226 1972 1275 2019 20:
1301 1972 1349 2021 Hie

297 2053 381 2113 eontra¹
389 2047 451 2093 evehi
457 2063 467 2104 ,-
485 2061 540 2094 nam
550 2060 591 2111 per
600 2047 659 2107 polos
672 2062 736 2097 nunc
746 2062 798 2095 om·
846 2047 937 2095 Taurus
948 2048 1042 2094 aversa!
1049 2049 1125 2093 oritur
1136 2054 1159 2094 et
1169 2047 1261 2094 occidit.
1285 2046 1350 2095 Hinc

297 2119 353 2167 nino
380 2118 469 2168 coelum
501 2119 668 2185 intelligemus.
714 2114 798 2170 Molein
847 2120 961 2184 Scaliger,
979 2119 1009 2168 ad
1026 2118 1113 2168 Manil.
1131 2135 1157 2184 p.
1174 2121 1200 2168 9.
1218 2118 1350 2176 contendit,

298 2203 397 2242 rotatum
412 2194 486 2244 lrabet
503 2193 566 2242 Plin.
578 2195 642 2243 Hist.
658 2197 717 2245 Nat.
729 2195 797 2258 ii.a;
848 2204 872 2245 et
882 2195 921 2244 hie
933 2193 1139 2258 camsilegendum
1149 2209 1210 2243 esse.
1242 2192 1349 2243 Atnune

298 2267 425 2317 Claudian-
435 2286 460 2317 v.
472 2269 528 2317 527.
538 2272 594 2317 dum
610 2279 668 2318 rotet
683 2279 746 2318 aetra
758 2288 797 2332 po·
848 2286 895 2319 non
919 2268 1041 2334 queritur,
1063 2269 1180 2333 quomodo
1207 2268 1233 2316 in
1260 2268 1350 2317 coelum

297 2344 342 2399 lue,
352 2341 394 2391 ubi
411 2343 510 2393 Gesner.
521 2351 596 2401 notat,
607 2344 730 2410 pulchram
746 2360 797 2394 esse
847 2344 927 2394 veniat
943 2353 967 2393 et
983 2344 1039 2392 inde
1050 2342 1159 2400 decedat,
1169 2342 1212 2391 sed
1222 2358 1270 2407 quo
1280 2357 1349 2408 spec-

298 2417 458 2483 phantasiam,
476 2418 545 2482 quasi
562 2427 640 2468 motus
655 2418 797 2484 principium
847 2427 890 2469 tet.
923 2420 1257 2482 Spectatautemaderortum
1268 2419 1350 2465 solem.-

297 2490 330 2541 sit
337 2489 363 2540 in
373 2507 419 2540 axe
429 2490 479 2548 illo,
490 2486 554 2540 circa
565 2509 636 2556 quem
646 2493 733 2541 coelum
745 2508 796 2541 ver·
847 2493 937 2559 Hygia.
948 2493 1044 2541 Astron.
1055 2492 1082 2540 ii.
1093 2493 1133 2540 21.
1166 2490 1244 2555 lgitur
1259 2492 1350 2538 advari

298 2564 364 2616 titur.
396 2566 482 2631 Itaque
496 2573 520 2614 et
531 2565 632 2616 Ovidius
647 2565 722 2624 addit,
733 2583 761 2615 ne
776 2577 799 2615 te
847 2566 1005 2616 retinendum.
1043 2567 1079 2614 Eo
1095 2564 1146 2631 ipso
1162 2563 1274 2613 terribilis
1291 2571 1351 2621 erat,

296 2644 365 2698 citra,
375 2648 421 2689 etc.
848 2640 911 2706 quod
925 2643 1033 2688 adversus
1039 2657 1048 2698 ,·
1064 2645 1146 2687 contra
1157 2640 1230 2686 cumi
1241 2637 1351 2687 adversa·

332 2717 371 2765 77.
400 2715 518 2776 concipias
542 2714 638 2776 anim]
669 2712 797 2774 Φαντᾶζη.
848 2723 886 2763 tur
896 2713 994 2762 consilio
1004 2712 1102 2762 Phoebi.

232 2783 235 2789 ’
299 2789 380 2845 Donis,
391 2787 416 2836 in
427 2787 514 2852 quibus
525 2803 582 2836 vasa
592 2787 618 2835 in
628 2786 709 2852 primis
722 2803 798 2838 sacra.
880 2789 920 2836 al.
938 2788 1065 2836 Haemonios
1079 2787 1168 2850 arena]
1188 2785 1350 2851 Sagittarium,

297 2861 330 2911 cf.
347 2861 434 2925 virgil.
455 2861 553 2910 AEneid.
575 2861 592 2909 i.
613 2862 670 2910 446.
712 2860 798 2910 Ferme
848 2864 889 2928 qui
902 2862 998 2926 fingitur
1011 2879 1068 2910 arcu
1084 2870 1160 2918 tenso,
1174 2860 1241 2925 quasi
1256 2858 1349 2908 mittere

291 2935 402 2999 serarum
417 2941 472 2983 sunt
489 2935 545 2983 serae
564 2934 636 3000 ipse:
656 2933 711 2982 vide
730 2934 761 2983 ed
780 2934 797 2984 i.
847 2936 973 3001 incipiens.
1008 2935 1134 2993 Hemoniae
1146 2933 1349 2983 seu'l'bessalicos

298 3009 340 3058 73.
374 3008 467 3056 Insidiae
488 3018 510 3056 et
523 3010 594 3075 fera,
610 3011 640 3058 ἓν
659 3007 697 3056 διὰ
714 3006 795 3066 δυοῖν,
848 3010 911 3072 (vid.
923 3009 954 3057 ad
969 3010 986 3058 i.
998 3010 1068 3072 568.)
1079 3010 1136 3074 quia
1152 3007 1286 3073 complures
1303 3014 1350 3056 tra·

296 3081 353 3133 lere
374 3081 522 3131 insidiantes.
556 3083 696 3146 Intelliguut
716 3093 796 3131 autem
846 3082 943 3140 debant,
954 3082 1018 3132 hune
1029 3082 1182 3148 Sagittarium
1193 3089 1264 3130 antea
1275 3080 1348 3129 fuisse

298 3155 376 3205 sidera
386 3155 490 3213 Zodiaci,
499 3173 552 3221 quae
564 3165 679 3205 certarum
689 3156 795 3204 animan·
846 3157 1006 3206 Centaurum:
1018 3156 1107 3222 Hygin.
1116 3157 1146 3204 P.
1154 3155 1185 3203 A.
1192 3156 1218 3204 ii.
1225 3157 1267 3204 27.
1285 3155 1349 3204 Cen-

296 3228 357 3280 tium
385 3231 472 3293 figuras
498 3231 609 3279 referunt.
656 3231 689 3278 Ut
713 3239 796 3289 tenear,
847 3232 909 3280 tauri
920 3239 999 3280 autem
1008 3239 1076 3280 erant
1086 3230 1202 3279 Thessali.

298 3305 361 3369 finge
371 3312 395 3353 te
406 3311 493 3354 tenere.
528 3306 683 3354 Erroretrobi
694 3305 797 3370 exquisi·
880 3306 919 3353 82.
937 3305 1060 3368 Brachia]
1080 3305 1162 3354 Chelae
1179 3303 1278 3369 Scorpii,
1296 3319 1350 3367 que

296 3378 344 3428 tius
356 3395 427 3444 quam
438 3396 523 3428 errare.
847 3379 919 3428 etiam
930 3397 1017 3427 cornua
1026 3386 1051 3427 et
1053 3379 1133 3444 furca
1144 3378 1267 3426 dicuntur.
1287 3377 1349 3425 Cur-

331 3455 371 3502 80.
389 3455 436 3501 Per
454 3463 529 3502 tamen
547 3455 656 3517 adversa]
683 3454 798 3518 quuitur
848 3463 888 3502 vat
902 3453 1001 3502 brachia
1019 3455 1206 3518 luagocircuitu,
1219 3451 1349 3517 quiainte·

296 3527 339 3584 ita,
356 3535 384 3576 ut
401 3526 435 3576 sol
454 3527 534 3575 omnia
549 3527 595 3576 ista
612 3527 679 3592 signa
695 3544 742 3576 uno
759 3527 797 3576 die
848 3527 884 3591 gri
895 3526 957 3591 signi
967 3526 1069 3591 spatium
1078 3527 1235 3590 occupabant,
1243 3542 1292 3574 ver.
1302 3526 1349 3573 195

296 3616 431 3668 percurrere
440 3601 558 3660 videatur,
570 3618 623 3666 quae
639 3617 686 3649 non
701 3600 746 3650 nisi
759 3602 797 3651 in·
848 3617 901 3666 sqq.
934 3601 1014 3649 Stellae
1031 3602 1095 3666 enim
1112 3601 1173 3649 inter
1184 3599 1308 3664 Virginem
1327 3608 1351 3648 et

296 3677 357 3741 tegri
376 3676 432 3726 anni
453 3677 529 3742 spatio
547 3676 678 3742 percurrit3
703 3677 728 3725 in
750 3693 797 3742 quo
847 3675 969 3741 Scorpion,
977 3691 1037 3740 quas
1045 3675 1114 3724 hodie
1123 3674 1218 3723 Libram
1225 3677 1351 3730 vocamus,

297 3750 373 3799 utitur
382 3750 480 3799 licentia
490 3749 566 3815 poetis
573 3766 693 3808 concessa,
704 3758 732 3799 ut
741 3759 795 3799 tau·
846 3751 903 3800 olim
924 3767 971 3798 non
990 3759 1057 3799 erant
1073 3750 1194 3814 peculiare
1213 3747 1287 3807 sidus,
1305 3748 1349 3797 sed

296 3826 321 3872 to
338 3824 420 3873 lortius
435 3825 553 3874 deterreat
564 3824 670 3873 animum
681 3826 796 3874 audacem
846 3825 1010 3874 tribuebantur
1020 3823 1095 3873 chelis
1106 3824 1204 3889 Scorpii.
1235 3823 1300 3872 Hinc
1311 3823 1349 3871 in-

297 3897 452 3947 Phaethontis
471 3915 486 3947 a
504 3899 635 3965 proposito:
653 3900 704 3948 vid.
723 3900 795 3949 Alex.
845 3899 989 3964 telligendus
1008 3898 1093 3964 Virgil.
1103 3901 1136 3949 G.
1152 3899 1169 3949 i.
1185 3900 1226 3948 33.
1260 3900 1347 3955 Aliter,

297 3971 426 4019 Tassonius
434 3973 459 4021 in
472 3975 541 4022 Pens.
554 3974 602 4022 div.
613 3975 647 4022 ix.
660 3977 708 4036 363
724 3991 796 4041 quem
846 3968 871 4022 in
880 3974 951 4024 aliam
961 3974 1089 4038 regionem.

296 4043 406 4093 laudavit
421 4046 552 4097 Burmann.
581 4048 701 4096 Recenset
715 4057 795 4097 autem
879 4050 920 4098 83.
945 4048 992 4097 Hic
1014 4048 1106 4097 seilicet
1128 4064 1208 4097 versus
1229 4062 1349 4102 oceasum,

297 4117 436 4167 sevissimos
457 4127 549 4169 tantum
567 4121 661 4178 formas,
678 4129 703 4170 et
724 4138 753 4170 ea
771 4120 796 4171 in
846 4121 888 4172 ille
897 4124 1012 4173 orientem
1024 4131 1124 4190 spectat.

298 4191 379 4257 primis
389 4193 503 4251 nominat,
512 4211 527 4243 a
537 4195 624 4260 quibus
632 4195 680 4243 illa
689 4203 795 4245 metuen-
