2812 5010
180 326 246 395 396
473 327 513 393 Ρ.
537 321 699 391 OVIDII
723 322 961 392 NASONIS·

180 501 276 575 Pars
295 499 347 574 ibi
365 501 413 574 de
431 511 579 599 septem
597 498 735 597 genitis
753 497 967 598 Amphione
985 498 1100 574 fortes
1124 510 1129 519 '
1152 504 1219 572 221

179 617 453 691 Conscendunt
470 618 508 691 in
526 641 657 714 equos,
677 615 871 714 Tyrioque
889 615 1063 690 rubentia
1079 615 1165 689 fuco

179 732 303 828 Terga
324 740 520 829 premunt3
549 717 717 830 auroque
741 756 872 828 graves
896 731 1137 809 moderantur
1159 730 1222 803 ha·

331 849 460 922 benas.
956 923 960 928 7

181 961 214 1036 E
234 964 371 1060 quibus
390 962 573 1050 Ismenos
593 964 658 1062 qui
677 964 784 1037 matri
805 965 952 1039 sarcina
967 964 1161 1062 quondam

179 1078 309 1153 Prima
321 1105 398 1154 suae
411 1079 544 1167 fuerat,
556 1081 647 1154 dum
661 1089 807 1155 certum
820 1081 939 1154 flectit
951 1081 989 1154 in
1004 1082 1134 1156 orbem
1151 1085 1222 1155 225

180 1194 453 1295 Quadrupedes
471 1222 616 1284 cursus,
636 1197 925 1296 spumantiaque
943 1221 1008 1271 ora
1024 1206 1187 1282 coercet,

131 1377 134 1381 ,
180 1321 204 1354 “
218 1311 292 1387 Hei
303 1314 393 1387 mihi
405 1314 438 1387 !'’
455 1315 685 1402 conclamat3
703 1314 904 1412 medioque
915 1312 954 1385 in
963 1323 1117 1412 pectore
1128 1313 1223 1385 fixus

179 1428 274 1504 Tela
291 1433 398 1528 gerit,
417 1431 609 1530 frenisque
627 1455 740 1505 manu
760 1431 941 1505 moriente
959 1428 1127 1504 remissis

181 1543 226 1617 In
243 1547 342 1621 latus
360 1572 383 1621 a
400 1548 534 1623 dextro
552 1538 734 1647 paulatim
752 1548 884 1621 defluit
901 1571 1016 1621 armo.

180 1659 393 1749 Proximus,
414 1664 540 1738 audito
559 1663 684 1737 sonitu
702 1687 770 1762 per
786 1663 898 1735 inane
917 1663 1115 1760 pharetrae,
1152 1664 1224 1732 236

180 1775 301 1852 Frena
313 1779 429 1853 dabat
445 1778 620 1878 Sipylus:
639 1780 755 1854 veluti
770 1804 886 1878 quam
901 1775 1081 1877 praescius
1096 1775 1233 1850 imbris·

180 1892 294 1967 Nube
311 1895 408 1992 fugit
421 1896 512 1982 visa,
532 1896 815 1995 pendentiaque
833 1895 1001 1992 undique
1018 1901 1142 1967 rector

179 2008 348 2085 Carbasa
364 2012 531 2100 deducit,
551 2038 599 2087 ne
617 2013 802 2111 qualevis
821 2013 948 2084 effluat
964 2034 1067 2095 aura,

179 2124 301 2200 Frena
317 2128 452 2202 dabat:
482 2128 635 2203 dantem
653 2153 727 2202 non
746 2127 920 2201 evitabile
934 2125 1052 2199 telum

178 2240 457 2341 Consequitur3
486 2269 710 2342 summaque
728 2255 892 2318 tremens
910 2241 1056 2315 cervice
1074 2239 1212 2336 sagitta

179 2355 313 2446 Haesit,
334 2370 373 2434 et
390 2362 547 2435 extabat
564 2363 708 2436 nudum
725 2361 780 2435 de.
792 2370 944 2457 gutture
958 2355 1110 2432 ferrum.
1127 2423 1129 2427 .
1150 2357 1222 2428 236

179 2472 263 2562 Ille,
279 2487 321 2550 ut
338 2489 419 2551 erat
436 2503 589 2576 pronus,
609 2504 677 2577 per
694 2478 792 2553 colla
809 2475 973 2550 admissa
985 2474 1176 2571 jubasque

177 2589 372 2682 Volvitur;
402 2605 440 2668 et
458 2595 580 2668 calido
600 2597 774 2670 tellurem
793 2591 975 2688 sanguine
989 2588 1120 2663 foedat.

177 2705 395 2781 Phaedimus
413 2709 555 2797 infelix,
574 2720 613 2785 et
630 2710 718 2785 aviti
734 2707 896 2783 nominis
914 2706 1023 2779 heres

172 2976 178 2983 .
209 2933 265 2980 222.
283 2933 443 2982 conscendunt
456 2939 482 2983 iu
496 2951 561 2998 equos
570 2932 676 2982 vestibus
725 2937 812 2989 dantia,
822 2948 852 2980 ex
862 2929 971 2980 antennis
981 2941 1106 2993 suspensa.
1121 2924 1187 2976 Vide
1197 2923 1225 2972 ad

176 3005 299 3070 purpureis
308 3015 392 3056 tectos.
409 3008 496 3056 Confer
507 3008 556 3056 viii.
567 3009 607 3056 33.
634 3008 676 3056 Se·
724 3007 758 3056 iii.
767 3008 823 3056 663.
835 3007 939 3054 Sanitum
947 3002 1067 3058 audiebat,
1077 2999 1225 3066 qniaApollo

175 3079 232 3127 culo
242 3088 323 3128 tamen
334 3081 428 3130 heroico
440 3081 619 3131 exercitationes
630 3086 677 3130 non
725 3097 780 3130 cum
793 3079 906 3142 clangore
922 3076 1061 3140 sagittarum
1079 3072 1106 3122 in
1119 3073 1225 3139 pharetra

175 3150 202 3200 in
217 3167 288 3217 equo,
299 3154 341 3203 aed
358 3154 383 3202 in
402 3170 471 3203 curru
487 3155 677 3204 instituebantur.
725 3153 826 3203 incedit.
837 3155 868 3201 ll.
879 3158 911 3202 A.
922 3153 962 3200 45.

176 3225 263 3282 Funus,
285 3228 357 3276 color.
394 3229 512 3276 Moderati
532 3229 633 3277 dicimus
652 3237 678 3278 et
758 3230 815 3277 234.
833 3227 887 3275 Nau
901 3225 1015 3281 evitabile,
1034 3221 1184 3279 inevitabile,
1200 3225 1224 3269 ut

176 3313 265 3364 equum
283 3300 362 3357 frenis,
377 3310 402 3351 et
419 3302 472 3366 ipsa
487 3303 562 3351 frena.
586 3304 677 3351 Banu.
727 3317 796 3352 versu
806 3305 846 3350 45.
856 3318 902 3349 nou
913 3301 1005 3354 territa,
1016 3296 1132 3345 interrita.

177 3372 284 3433 Ismaros,
306 3377 413 3426 alluvio
435 3378 546 3427 Boeotiae.
593 3381 678 3428 Cursus
758 3377 816 3425 237.
834 3373 969 3436 Perenna]
1000 3373 1225 3420 Collaudmissanon

174 3452 332 3512 quadrupedes
346 3451 440 3515 poetica
455 3452 563 3510 audacia,
573 3469 615 3515 pro
624 3469 677 3502 our·
726 3451 837 3500 videntur
850 3464 910 3505 esse,
921 3448 946 3496 in
963 3445 1050 3511 quibus
1066 3445 1135 3494 frena
1149 3444 1225 3491 laxate

167 3524 229 3572 'sum
241 3525 305 3588 equi,
316 3525 395 3591 ipsum
412 3543 510 3591 equum.
544 3528 638 3577 Certum
652 3531 678 3576 in
727 3533 752 3574 et
762 3524 859 3572 remissa
867 3521 981 3588 pendent,
992 3519 1034 3568 sed
1045 3519 1111 3569 colla
1119 3517 1177 3582 eqni
1186 3513 1225 3563 ad·

174 3599 258 3655 arbem,
268 3599 294 3647 in
310 3591 421 3665 palaestra
437 3601 541 3665 equestri
558 3604 678 3650 usitatum.
728 3598 802 3656 missi,
818 3599 871 3646 h.e.
882 3597 914 3644 ad
929 3610 1025 3663 cursum
1038 3592 1142 3648 incitati,
1154 3604 1225 3655 quan·

177 3670 241 3722 Vide
257 3673 289 3722 ad
305 3673 346 3722 xii.
363 3676 410 3724 468
419 3693 426 3734 ;
443 3674 530 3739 Virgil.
546 3676 632 3740 Georg.
641 3675 677 3724 iii.
728 3688 801 3736 quam
818 3680 875 3720 tuuc
892 3670 958 3719 frana
974 3669 1094 3716 laxantur.
1109 3660 1225 3713 Amani.

178 3745 240 3794 191:
271 3748 439 3809 carperemus
464 3767 549 3814 gyrum
572 3752 678 3812 incipiat,
730 3748 769 3796 16.
781 3749 827 3796 50:
847 3747 895 3794 Per
904 3746 1010 3792 admissas
1013 3743 1094 3805 jubas.
1131 3739 1164 3786 Ut
1173 3747 1226 3785 erat.

173 3823 328 3885 gradibusque
337 3839 417 3871 souare
429 3824 566 3885 Compositis.
728 3821 792 3870 Vide
807 3819 839 3870 ad
853 3819 878 3869 ii.
889 3821 950 3883 272.
980 3819 1081 3872 Pronus,
1098 3822 1126 3863 ut
1136 3830 1162 3861 x.
1174 3813 1226 3861 652.

209 3895 268 3942 229.
287 3897 404 3960 Defluunt
412 3898 454 3960 qui
464 3896 590 3954 debilitati,
601 3896 679 3945 animo
728 3895 759 3943 de
781 3902 1006 3950 summasunmna
1031 3904 1119 3952 pronus
1143 3889 1227 3935 emeat.

175 3965 352 4031 delinquentes,
365 3980 407 4019 aut
417 3972 543 4019 morientes
553 3971 677 4033 decidunt.
732 3969 805 4027 Volui,
812 3969 842 4017 de
851 3985 888 4026 eo,
899 3966 940 4031 qui
951 3981 1057 4032 praeceps
1067 3962 1141 4013 cadit.
1176 3960 1228 4013 Per,

178 4040 288 4104 Daluere
303 4046 331 4091 ab
345 4047 406 4106 equis
419 4045 491 4094 etiam
503 4045 591 4103 Livius,
602 4044 627 4093 ii.
638 4047 678 4094 20.
726 4043 803 4107 juxta.
848 4043 952 4098 Fadana,
979 4039 1010 4088 de
1034 4034 1153 4101 sanguine
1179 4033 1227 4082 fuso

174 4113 215 4162 Sic
227 4124 251 4162 et
261 4117 443 4181 dqfuuutsole'a,
455 4121 542 4180 capilli.
728 4116 824 4182 passim.

211 4190 267 4238 231.
282 4191 384 4255 Sipylus,
395 4201 498 4242 amante
508 4193 598 4259 Sipylo.
618 4194 679 4240 Pen-
