2812 5010
378 322 848 389 METAMORPHOSEON
872 322 962 388 LIB.
987 322 1016 387 Ι.
1155 324 1218 387 117

176 493 262 591 lpse
281 493 410 582 Amor,
430 496 780 595 admissosequitur
793 497 952 594 vestigia
969 521 1096 595 passu.

176 608 228 681 Ut
244 610 350 683 canis
368 611 407 683 in
424 635 542 685 vacuo
559 611 724 710 leporem
743 635 859 709 quum
880 613 1048 687 Gallicus
1067 637 1153 687 arvo

174 724 298 815 Vidit3
323 736 363 800 et
379 727 440 800 hic
458 728 624 826 praedam
642 730 803 827 pedibus
822 730 928 828 petit,
948 729 1010 803 ille
1029 730 1213 803 salutem:

173 839 281 913 Alter
298 842 483 916 inhaesuro
502 843 646 929 similis,
660 847 739 941 jam
755 847 912 942 jamque
929 855 1059 919 tenere
1142 849 1215 917 535

175 955 324 1055 Sperat,
344 969 383 1032 et
400 970 555 1034 extento
574 961 723 1058 stringit
740 960 899 1057 vestigia
916 971 1056 1034 rostro:

173 1071 282 1146 Alter
299 1074 337 1147 in
356 1077 531 1172 ambiguo
550 1086 620 1165 est,
641 1102 687 1151 an
706 1077 756 1150 sit
773 1078 993 1176 deprensus
1014 1086 1053 1150 et
1069 1075 1163 1175 ipsis

175 1187 366 1263 Morsibus
385 1191 551 1290 eripitur,
569 1193 841 1291 tangentiaque
859 1217 924 1265 ora
940 1192 1139 1289 relinquit:

176 1305 238 1377 Sic
259 1305 377 1393 Deus,
394 1318 432 1381 et
444 1307 547 1405 virgo
565 1319 644 1396 est;
665 1308 726 1382 hic
745 1334 813 1407 spe
832 1309 943 1394 celer,
965 1308 1029 1381 illa
1045 1308 1190 1381 timore.

176 1420 248 1504 Qui
264 1431 391 1496 tamen
409 1423 631 1522 insequitur,
647 1427 780 1524 pennis
799 1427 950 1523 adjutus
968 1424 1117 1497 Amoris
1144 1427 1218 1496 540

177 1537 292 1610 Ocior
309 1549 379 1628 est,
399 1541 644 1638 requiemque
663 1553 797 1640 negat:
827 1553 1009 1639 tergoque
1026 1539 1150 1636 fugaci

177 1653 377 1743 lmminet3
407 1665 447 1730 et
463 1657 603 1730 crinem
622 1682 794 1757 sparsum
810 1657 1018 1731 cervicibus
1038 1656 1165 1730 adflat.

177 1769 328 1843 Viribus
347 1770 556 1869 absumptis
572 1774 754 1871 expalluit
771 1774 855 1846 illa:
884 1773 1045 1870 citaeque

177 1884 288 1959 Victa
304 1885 432 1960 labore
449 1885 561 1983 fugae,
581 1882 757 1986 spectans
776 1888 963 1962 Peneidas
982 1888 1115 1972 undas

179 2007 200 2037 “
220 2001 306 2088 Fer,
326 2014 444 2100 pater,
464 2004 598 2101 inquit,
618 2028 746 2102 opem3
775 2005 806 2078 si
824 2003 978 2078 flumina
995 2027 1134 2078 numen
1153 2003 1217 2076 ha-

326 2117 435 2193 betis
1145 2123 1218 2193 545

174 2231 263 2315 ‘Qua
280 2234 438 2309 nimium
456 2237 594 2335 placui,
611 2237 752 2326 Tellus,
772 2239 969 2325 anthime,
988 2239 1046 2312 vel
1064 2237 1186 2320 istam,

180 2351 273 2435 Quae
292 2351 394 2440 facit,
414 2364 457 2427 ut
472 2354 598 2442 laedar,
617 2357 797 2433 mutando
815 2356 931 2454 perde
948 2351 1143 2451 figuram.”

208 2539 266 2587 5³2.
278 2539 388 2595 Admisso,
396 2537 475 2588 celeri.
492 2539 588 2605 Proprie
599 2555 674 2604 equus
757 2540 813 2590 540.
826 2540 873 2594 Qui
888 2549 962 2588 mmm
975 2535 1122 2601 insepultum]
1142 2535 1221 2592 Quem

179 2609 265 2660 dicitur
286 2614 387 2669 admitti,
404 2629 477 2678 quum
498 2613 570 2661 irenis
589 2613 675 2663 laxatis
725 2629 790 2663 amor
801 2613 902 2662 celerem
913 2612 999 2668 reddit,
1012 2627 1066 2660 eum
1077 2608 1170 2676 Cupido
1181 2622 1221 2656 ve·

178 2683 289 2733 incitatur
300 2684 331 2732 ad
340 2701 444 2735 cursum.
724 2688 769 2738 luti
780 2688 877 2753 adjuvat
889 2687 933 2736 alis
944 2686 1001 2736 suis.

209 2759 266 2807 533.
282 2758 315 2807 Ut
325 2761 397 2814 cunis,
408 2759 470 2822 etc.]
487 2758 598 2822 Sequitur
608 2760 675 2808 locus
758 2764 814 2815 641.
839 2763 911 2828 Terga
931 2764 1046 2810 imminere
1065 2757 1136 2806 etiam
1158 2753 1221 2821 apud

178 2844 193 2877 a
208 2830 337 2895 phantasia
353 2831 486 2895 singularis,
498 2839 522 2879 et
535 2831 605 2897 longe
616 2848 675 2899 prae·
725 2835 854 2893 historicos,
866 2837 907 2886 sed
918 2836 942 2884 h.
953 2836 971 2883 l.
985 2849 1039 2883 cum
1052 2833 1075 2882 vi
1089 2832 1118 2880 de
1132 2846 1169 2885 eo,
1180 2827 1221 2894 qui

178 2904 343 2964 stantissimus,
363 2907 431 2971 cujus
452 2914 534 2955 tamen
555 2906 608 2956 laus
629 2924 676 2959 non
726 2928 798 2977 prono
815 2927 911 2976 corpore
928 2911 963 2959 ita
975 2910 1055 2966 instat,
1068 2914 1096 2956 ut
1110 2901 1221 2968 fugientis

178 2978 278 3028 debetur
294 2978 390 3044 ingenio
405 2981 532 3037 Ovidiano,
543 2997 598 3030 nam
614 2991 677 3032 totus
726 2993 818 3050 tergum
837 2985 912 3033 halitu
934 3000 976 3033 suo
997 2982 1077 3031 addet.
1110 2977 1222 3028 Similiter

178 3069 303 3120 expressus
321 3063 357 3103 est
372 3054 483 3120 eVirgil.
498 3057 558 3105 AEn.
572 3057 676 3126 ritmo
726 3075 749 3108 v.
767 3059 824 3107 616.
856 3057 979 3123 Expressit
996 3054 1121 3105 Claudian.
1139 3048 1222 3100 xxviii.

179 3142 231 3192 sqq.
251 3128 453 3192 quemadmodum
473 3129 559 3192 Virgil.
581 3146 624 3179 sua
646 3146 676 3180 ex
726 3133 789 3180 279:
808 3132 880 3180 Flam
898 3134 1001 3194 propiore
1020 3136 1150 3192 sequentum
1169 3139 1221 3186 pre·

179 3199 290 3266 Apollon.
305 3201 356 3250 Rh.
373 3201 398 3251 ii.
409 3203 467 3250 278.
479 3202 562 3267 petiit:
581 3204 613 3251 cf.
623 3204 676 3253 Sta·
726 3223 781 3255 mor.

179 3275 225 3324 tius
238 3275 356 3325 'l‘lrebaid
369 3294 393 3325 v.
411 3277 457 3329 165
470 3292 538 3341 sqq,
555 3285 580 3325 et
590 3277 677 3325 Noster
758 3280 814 3328 545.
832 3277 944 3341 Numam]
964 3277 1020 3326 Vim
1037 3284 1062 3323 et
1082 3279 1222 3338 potestatem

179 3349 676 3416 infra,vii.781-86.quilocutiquecum
727 3354 850 3403 divinam:
872 3368 949 3416 neque
969 3355 988 3400 si
1009 3365 1072 3399 nuuc
1093 3345 1222 3395 dubitantis

179 3424 223 3472 hoc
239 3425 405 3475 conferendus.
439 3426 527 3475 Gallici
537 3442 615 3483 canes,
626 3442 677 3475 uer-
726 3436 771 3485 est,
782 3427 823 3476 ed
834 3441 896 3491 saepe
907 3425 1001 3490 ponitur
1011 3439 1060 3488 pro,
1071 3437 1154 3484 quum:
1167 3416 1222 3466 vide

179 3503 228 3564 tagi
238 3498 328 3557 dieti,a
339 3500 459 3549 celeritate
468 3502 493 3548 in
502 3500 583 3565 primis
593 3501 676 3550 lauda·
727 3501 846 3550 Brouckh.
864 3498 895 3547 ad
913 3501 1020 3563 Propert.
1036 3496 1084 3544 ΠΙ.
1101 3494 1140 3542 El.
1156 3489 1221 3538 xxiii·

178 3575 276 3631 bantur,
285 3581 312 3622 et
328 3574 445 3641 leporibus
461 3575 608 3639 potissimum
624 3592 676 3641 per·
729 3577 768 3624 19.
802 3575 867 3624 Intra
878 3572 928 3621 xiii.
940 3574 980 3621 49.
993 3575 1012 3618 si
1024 3571 1057 3618 Di
1071 3577 1133 3624 sunt,
1144 3572 1168 3613 et
1182 3579 1221 3611 su·

179 3646 309 3711 sequendis
340 3647 530 3697 adhibebantur:
568 3649 678 3699 Gratian.
726 3664 768 3714 pra
779 3649 835 3696 377.

179 3719 272 3784 Cyneg.
287 3735 336 3770 ver.
349 3721 405 3770 203.
439 3720 469 3770 In
487 3739 566 3779 vocuo,
584 3723 624 3770 ubi
643 3722 677 3770 nil
759 3723 880 3779 erasm.
891 3721 943 3775 Qua
954 3722 1049 3766 nimium.
1058 3713 1157 3778 placat]
1165 3713 1221 3761 Duo

179 3802 283 3842 moratur
293 3794 345 3859 ejus
356 3795 511 3844 celeritatem.
530 3796 608 3845 Vacua
615 3798 676 3853 loca,
727 3795 804 3845 Codd.
815 3796 857 3843 hos
872 3795 930 3842 duos
940 3808 1021 3842 versus
1034 3795 1174 3856 praeponunt
1184 3802 1223 3834 su-

180 3882 228 3915 non
245 3868 339 3916 consita
352 3869 461 3925 arbustis,
474 3869 575 3919 intra.
602 3872 678 3936 Supra
727 3869 819 3934 periori.
854 3867 952 3916 Heinsio
973 3873 1014 3914 aut
1035 3862 1133 3912 tollendi
1152 3861 1221 3909 ambo

180 3933 237 3989 285.
250 3946 326 4002 aperti
335 3945 416 4004 campi.
433 3942 518 4007 Virgil.
530 3943 626 3992 AEneid.
636 3943 678 3994 rii.
704 4001 705 4005 Ἰ
727 3941 876 3997 videbantur,
900 3947 942 3989 aut
962 3938 1043 3988 ordine
1070 3937 1161 3985 inverso
1185 3935 1221 3982 le-

179 4015 235 4064 771.
245 4032 320 4077 puras
330 4034 429 4079 campus,
440 4019 546 4083 καθαρὸς
557 4023 645 4083 χῶρος.
728 4015 809 4079 gendi.
836 4017 919 4063 Burm.
929 4012 1020 4070 suadet,
1032 4011 1070 4061 vel
1080 4012 1117 4058 Aa
1125 4010 1222 4057 nimium

212 4090 271 4140 5³5.
281 4090 407 4148 Iuliarum),
419 4091 510 4143 scilicet
520 4092 639 4149 dentibus,
648 4092 679 4141 de
728 4089 823 4152 placui!
839 4088 876 4136 vel
896 4087 944 4136 Our
958 4091 1054 4136 nimirem
1069 4103 1093 4148 p.
1110 4081 1222 4146 Denique

181 4163 312 4214 mordente.
730 4174 756 4212 ut
779 4165 850 4211 ludar
867 4162 952 4212 mutari
971 4162 1023 4210 vult
1043 4161 1068 4209 in
1088 4168 1116 4207 nt
1133 4159 1222 4210 lurtder,

215 4238 351 4290 VOL.III.
826 4238 839 4285 I
