2812 5010
276 334 746 401 METAMORPHOSEON
770 334 861 400 LIB.
886 334 935 399 II.
1065 339 1128 402 199

86 516 106 543 “
121 506 182 578 Ire
201 507 328 594 boves,
341 508 395 582 fer
413 533 523 607 opem
541 509 716 607 furtoque
735 510 886 584 silentia
899 511 1030 584 deme:
1053 517 1126 584 700

83 621 104 693 J
107 633 222 695 uncta
239 649 307 697 suo
325 627 487 723 pretium
506 627 656 701 dabitur
675 627 744 699 tibi
761 626 900 700 femina
918 626 1062 700 tauro.’'

82 737 133 810 At
151 739 286 827 senior,
306 751 508 839 postquam
525 766 671 815 merces
687 744 888 837 geminata,
914 741 1035 814 “Sub
1053 742 1126 815 illis

82 852 315 941 MontibuS‚’'
332 856 468 953 inquit,
490 866 513 895 “
533 867 641 930 erunt
654 857 688 931 :’'
708 868 747 930 et
769 868 876 930 erant
900 859 970 931 sub
991 860 1126 930 monti-

232 971 303 1045 bus
321 971 406 1044 illis.

83 1084 183 1158 Risit
196 1085 449 1178 Atlantiades;
478 1099 527 1176 et,
549 1088 652 1164 “Me
669 1090 773 1177 mihi,
794 1090 948 1189 perfide,
970 1090 1125 1189 prodis?

83 1199 148 1273 Me
167 1201 258 1276 mihi
276 1202 402 1300 prodis
414 1203 451 1276 1²‘
470 1204 541 1291 ait3
564 1207 788 1303 perjuraque
806 1215 960 1303 pectora
976 1206 1088 1278 vertit

82 1315 127 1390 In
141 1318 277 1391 durum
291 1319 446 1407 silicem,
461 1320 528 1418 qui
546 1346 645 1394 nunc
661 1346 812 1419 quoque
831 1322 966 1395 dicitur
981 1319 1121 1394 Index:

83 1433 205 1531 Inque
224 1436 316 1508 nihil
334 1438 465 1510 merito
483 1447 590 1510 vetus
609 1448 667 1512 est
684 1437 838 1511 infamia
853 1421 958 1510 saxo.
1050 1442 1121 1510 707

131 1550 245 1625 VIII.
267 1550 366 1627 Hinc
378 1578 419 1627 se
435 1554 637 1628 sustulerat
649 1556 802 1654 paribus
815 1552 1016 1627 Caducifer
1030 1553 1121 1641 alis;

113 1808 170 1856 70³.
187 1808 397 1873 Sat-monetote]
411 1810 473 1861 Rod.
491 1827 577 1876 sequu-

83 1892 119 1931 tus
136 1890 173 1931 est
183 1893 287 1932 veterem
301 1885 357 1933 lect.
371 1887 412 1932 sab
427 1886 474 1932 iltis
491 1886 578 1933 Monti-

83 1960 128 2016 bus,
147 1961 231 2022 iuquit,
249 1969 313 2015 eunt,
333 1970 356 2008 et
373 1970 428 2007 eunt
445 1962 485 2008 sub
499 1977 529 2008 m.
546 1963 577 2019 i.,·

83 2040 205 2097 putatque,
224 2049 279 2081 cum
297 2033 425 2089 Glareano‚
439 2033 578 2099 repetitione

82 2106 123 2154 illa
134 2105 201 2154 Batti
208 2105 364 2170 battologiam
375 2122 508 2170 expressam
518 2122 577 2165 esse,

83 2188 105 2228 et
119 2179 276 2236 Mercurium,
293 2188 320 2228 ut
340 2181 408 2228 illam
425 2180 539 2238 irrideret,
554 2191 578 2231 et

82 2252 157 2318 ipsum
176 2255 256 2310 verba,
276 2271 309 2301 me
326 2256 382 2304 mitt
400 2257 492 2316 prodis?
513 2272 578 2321 repe·

82 2327 153 2377 tiisse.
179 2328 284 2376 Mirum!
319 2330 400 2385 Quum
418 2329 505 2378 Battus
526 2329 578 2377 dix·

82 2400 143 2458 isset,
162 2405 203 2450 sub
220 2402 266 2467 (in,
277 2403 362 2467 prope)
374 2405 484 2450 montibus
501 2414 577 2463 erunt,

83 2475 216 2525 addendum
234 2485 294 2532 erat,
312 2475 384 2524 luisse
401 2475 443 2532 ibi,
456 2492 500 2524 nec
519 2479 578 2526 Bat-

83 2561 131 2598 tum
139 2551 278 2616 imposuisse
288 2551 417 2600 Mercurio.
445 2551 526 2600 Verba
536 2568 577 2601 au·

84 2633 128 2673 tem
143 2642 178 2673 me
191 2627 247 2672 milti
264 2628 340 2686 prodis
350 2625 389 2689 (in
400 2625 486 2689 quibus
495 2625 579 2674 similis

84 2699 146 2749 lusus
157 2715 185 2748 ac
197 2700 260 2759 430;
272 2700 289 2747 i.
299 2700 345 2747 641
356 2717 364 2759 ;
377 2699 408 2747 vi.
420 2699 489 2761 365.)
501 2700 578 2762 gravi·

84 2782 116 2822 ter
129 2783 153 2822 et
170 2789 225 2822 cum
236 2773 260 2820 vi
274 2782 419 2838 repetuntur,
429 2780 456 2821 ut
467 2774 578 2831 solemus,

85 2863 154 2912 quum
174 2846 247 2895 alicui
264 2862 374 2911 magnam
394 2845 519 2896 stultitiam
537 2863 578 2896 ex-

84 2924 226 2986 probramus.
256 2921 349 2969 Erunt:
366 2931 388 2969 et
403 2931 480 2970 erant.
508 2921 578 2970 Allu-

84 3012 132 3045 sum
142 2996 226 3045 volunt
241 2994 271 3043 ad
287 2996 386 3044 Battum
404 2996 524 3059 quendam
542 2996 578 3044 in-

84 3079 163 3135 eptum
183 3079 285 3136 poetam,
301 3070 342 3135 qui
361 3069 385 3117 in
403 3069 509 3118 versibus
529 3071 578 3119 suis

84 3146 165 3194 eadem
175 3142 307 3192 identidem
317 3143 402 3192 iterare
413 3144 511 3192 solebat.

113 3221 170 3270 705.
185 3219 294 3281 Perjuro,
305 3218 403 3283 perfida.
420 3213 493 3283 Apud
501 3218 577 3266 Anto·

84 3294 162 3342 ninum
173 3293 260 3340 Battus
270 3291 384 3340 Mercurii
401 3292 487 3340 baculo
500 3299 578 3340 tactus

84 3368 106 3415 in
121 3365 225 3432 lapidem
237 3374 348 3422 mutatur,
359 3382 431 3430 quem
442 3381 519 3430 neque
534 3382 577 3414 aas·

80 3454 119 3490 ,tus
136 3456 215 3505 neque
235 3441 308 3504 frigus
328 3439 435 3500 deserat3
456 3441 578 3504 locusque,

84 3515 121 3564 ubi
138 3530 175 3564 res
189 3514 286 3571 accidit,
298 3513 394 3563 Βάττου
409 3514 500 3562 σκοπιὰ
508 3529 578 3562 voca·

81 3600 125 3640 tur.
149 3590 211 3638 Silet
228 3589 304 3654 poetis
319 3588 395 3638 omnis
411 3588 482 3653 lapis,
498 3596 522 3636 et
534 3591 578 3636 du·

83 3682 119 3714 nn
133 3672 172 3714 est
185 3663 307 3730 epitheton
324 3679 448 3729 commune
464 3663 579 3728 lapidum.

85 3741 153 3795 Hinc,
165 3740 222 3787 831.
238 3741 363 3794 durescere,
374 3738 398 3784 in
411 3736 516 3801 lapidem
528 3752 579 3784 mu-

84 3816 132 3862 tari.
171 3812 274 3861 Indicam
295 3820 380 3877 putant
403 3826 453 3859 esse
474 3802 578 3875 lapidem

85 3886 191 3951 Lydium,
207 3886 247 3951 qui
263 3902 346 3934 aurum
364 3886 478 3950 explorat,
489 3884 578 3933 indicat

86 3961 132 4024 ejus
141 3959 281 4009 bonitatem.
315 3959 349 4007 At
363 3959 430 4007 nulla
440 3957 579 4007 auctoritate

87 4033 162 4084 doceri
172 4043 258 4100 potest,
269 4037 367 4084 indicem
380 4035 414 4083 sic
425 4033 515 4081 dictum
529 4033 578 4081 Ro·

88 4109 166 4165 nanis,
183 4117 217 4165 et,
233 4109 254 4156 si
275 4108 353 4160 dictus
371 4116 442 4165 esset,
459 4107 525 4154 nulla
542 4111 579 4155 in·

83 4181 153 4242 semia
164 4181 186 4231 ei
198 4183 293 4232 inesset.
320 4184 432 4231 Lactant.
443 4180 467 4229 in
479 4180 578 4245 Argum.

629 1813 670 1879 qui
689 1812 806 1863 interdum
826 1811 929 1868 eosdem,
948 1827 1007 1876 quos
1024 1809 1126 1859 Ovidius

628 1878 742 1954 sequutu‘s
759 1897 803 1945 est,
820 1897 929 1937 auctores
944 1886 1071 1943 consuluit,
1082 1886 1125 1934 ha-

628 1963 683 2012 bet:
704 1962 732 2009 Io
749 1964 846 2024 lapidem
861 1978 911 2009 eum
928 1963 1032 2016 rnutooit,
1043 1963 1083 2023 qui
1098 1962 1126 2007 ab

628 2046 711 2085 eventu
732 2036 806 2084 Iudex
829 2039 892 2084 cirea
914 2035 1000 2097 Pylum
1025 2045 1127 2083 uocatur.

629 2111 676 2159 Hic
695 2126 741 2158 non
754 2126 829 2173 genus
840 2108 960 2174 quoddam
973 2107 1126 2173 lapidumin-

628 2184 689 2241 tell,
700 2183 810 2232 sedunus
820 2183 860 2231 ille
871 2182 939 2247 lapis,
949 2182 973 2229 in
985 2198 1056 2246 quem
1067 2183 1125 2231 Bat-

628 2267 667 2307 tus
683 2266 776 2324 propter
790 2258 906 2322 perfidum
923 2259 1034 2304 indicium
1049 2264 1127 2305 muta·

628 2340 666 2381 tus
682 2341 726 2380 est.
763 2331 802 2380 Sic
819 2331 890 2395 igitur
911 2339 934 2379 et
951 2329 1064 2378 Ovidium
1085 2347 1128 2378 ex·

628 2405 765 2471 plicandum
786 2405 894 2453 arbitror.
935 2403 991 2451 Sine
1012 2402 1083 2450 dubio
1101 2402 1127 2451 in

629 2481 732 2544 quodam
747 2478 872 2528 Messeniae
892 2486 971 2526 monte
987 2478 1127 2526 cernebatur
1151 2525 1152 2528 ,
1210 2532 1219 2540 ..

629 2555 713 2603 seriore
724 2553 796 2602 etiam
811 2561 916 2617 tempore
927 2567 1011 2600 saxum
1026 2551 1128 2600 hominis
1205 2549 1207 2553 ’

629 2627 726 2676 formam
749 2636 869 2691 utcunque
888 2625 997 2674 reserens.
1029 2625 1125 2673 Ineum

628 2702 705 2766 ipsum
721 2710 838 2750 mutatum
855 2717 905 2749 esse
918 2702 1016 2748 Battum
1034 2698 1125 2764 antiqui

629 2776 790 2836 tradiderant3
807 2775 869 2823 unde
891 2774 913 2822 ei
932 2774 1019 2822 Indicis
1040 2789 1126 2822 nomen

629 2849 697 2898 haesit
708 2858 732 2898 et
747 2866 801 2898 cum
812 2848 906 2897 nomine
916 2847 1024 2896 infamia.
1053 2848 1126 2914 index

629 2924 725 2973 enimet
736 2924 793 2973 satis
802 2924 918 2972 invidiose
927 2923 1050 2971 dicebatur
1059 2922 1126 2972 svid.

628 2999 721 3047 Ernesti
743 2999 774 3048 ad
795 3000 893 3047 Sueton.
911 2998 974 3047 Caes.
997 2995 1126 3047 17.-Scil.

628 3073 704 3121 Index
716 3073 827 3121 Graecum
842 3071 902 3121 illud
916 3069 1071 3137 συκοφάντης
1085 3088 1125 3120 ex·
1146 3068 1152 3079 ⁴

627 3146 713 3211 primit.
749 3147 793 3194 Ed.

660 3221 799 3268 toa-832.
810 3219 883 3284 Apud
894 3218 987 3283 Hygin.
999 3220 1017 3266 F
1019 3221 1058 3269 ab.
1072 3221 1125 3269 166.

627 3293 744 3357 Aglauros
763 3310 817 3341 cum
838 3292 961 3349 sororibus,
981 3309 996 3341 a
1015 3292 1127 3341 Minerva

628 3369 658 3416 ob
672 3368 782 3416 cistulam
796 3377 901 3433 apertam
917 3367 1010 3415 insania
1024 3368 1127 3431 objecta,

628 3441 653 3490 in
660 3457 724 3490 mare
735 3458 760 3490 se
770 3440 909 3506 precipitat.
928 3441 1013 3489 Confer
1024 3440 1126 3489 Pausan.

628 3533 652 3580 p.
664 3517 703 3564 41.
731 3516 803 3569 Hine,
815 3531 844 3562 ex
857 3512 932 3577 Pyliis
943 3513 1017 3577 agris:
1033 3516 1128 3574 parabus

629 3592 680 3645 olis,
691 3589 740 3636 leni
753 3588 841 3643 volatu,
853 3602 926 3651 quum
941 3586 985 3634 alae
999 3602 1046 3633 non
1060 3602 1125 3649 mag-

629 3677 715 3727 nopere
739 3669 871 3716 moventur,
895 3658 937 3708 sed
958 3659 1021 3707 linea
1041 3675 1126 3724 prope·

629 3737 725 3785 modum
739 3735 822 3784 eadem
835 3749 927 3798 semper
939 3742 1043 3782 manent.
1077 3734 1125 3782 Re·

629 3810 732 3875 spexisse
754 3807 847 3856 videtur
865 3807 933 3871 Virg.
952 3809 1009 3855 AEn.
1031 3807 1064 3856 iv.
1086 3809 1125 3856 lt.

629 3883 717 3939 Livius,
735 3882 751 3930 i.
769 3884 810 3929 34.
831 3883 940 3944 suspensis
958 3882 1015 3928 ulis.-
1037 3882 1127 3946 quiite

628 3957 716 4013 volant,
736 3959 834 4019 pendere
858 3956 977 4011 dicuntur,
1001 3971 1054 4004 mox
1073 3972 1125 4005 ver.

628 4032 685 4081 726.
700 4039 724 4080 et
739 4033 772 4081 iv.
789 4033 847 4081 517.
882 4032 947 4096 Opp.
959 4033 1065 4092 jactatis,
1083 4039 1125 4080 aut

628 4110 693 4156 motis
707 4109 758 4165 alis,
769 4106 856 4171 quibus
871 4121 919 4155 ver.
930 4106 987 4164 835.
998 4105 1023 4153 in
1037 4108 1127 4157 coelum

630 4181 716 4232 avolat.
