2812 5010
287 326 334 400 '70
584 330 623 395 P.
641 328 808 394 'OVIDII
833 329 1045 396 NASONIS

294 507 471 582 Nubibus
489 504 670 592 adsiduis
690 505 893 603 pluvioque
913 504 1099 579 madescit
1114 503 1163 578 ab
1182 502 1336 579 Austm.

293 623 387 698 Haec
406 646 519 720 super
536 619 716 720 imposuit
733 621 931 718 liquidum,
951 632 990 696 et
1008 619 1190 718 gravitate
1207 644 1338 695 caren-

442 749 532 825 tem,

293 856 459 943 AEthera,
480 879 550 929 nec
570 856 777 954 quidquam
795 866 952 929 terrenae
970 854 1072 929 faecis
1090 853 1307 928 habentem.

292 971 370 1045 Vix
388 996 433 1045 ea
449 970 630 1044 limitibus
648 971 881 1069 dissepserat
898 972 1025 1046 omnia
1039 971 1164 1058 certis,

294 1087 435 1174 Quum,
454 1111 539 1185 quae
558 1111 689 1185 pressa
706 1087 771 1160 diu
789 1112 916 1162 massa
932 1089 1077 1162 latuere
1095 1086 1165 1160 sub
1185 1080 1262 1172 illa,
1291 1080 1339 1157 70

296 1205 430 1280 Sidera
446 1214 643 1302 coeperunt
659 1214 739 1279 toto
758 1204 1001 1280 effervescere
1018 1205 1126 1278 coelo.

295 1323 331 1396 N
335 1347 381 1396 eu
400 1322 503 1418 regio
520 1320 616 1394 foret
632 1322 710 1394 ulla
726 1320 805 1394 suis
824 1319 1075 1394 animantibus
1093 1319 1196 1403 orba,

293 1438 409 1512 Astra
426 1446 558 1513 tenent
575 1438 730 1513 coeleste
749 1438 883 1525 solum,
899 1436 1106 1534 formaeque
1125 1435 1316 1508 Deorum:

296 1554 504 1628 Cesserunt
521 1552 649 1627 nitidis
667 1554 882 1629 habitandae
901 1552 1069 1652 piscibus
1087 1551 1220 1625 undae:

292 1666 408 1754 Terra
424 1668 521 1744 feras
538 1668 661 1767 cepit:
686 1670 856 1743 volucres
874 1668 1063 1765 agitabilis
1082 1691 1158 1741 aer.

297 1785 472 1860 Sanctius
487 1785 545 1859 his
564 1785 713 1873 animal,
732 1785 946 1883 mentisque
964 1783 1142 1883 capacius
1160 1784 1247 1856 altae

1287 1664 1336 1736 75

327 2045 368 2093 67.
395 2044 668 2109 Liquidum-Emere]
704 2045 793 2095 Pnrum
843 2045 960 2094 habentur
980 2042 1092 2092 numina:
1112 2043 1202 2106 forma,
1218 2042 1299 2102 species
1319 2047 1344 2087 et

294 2127 319 2166 et
329 2119 360 2167 ab
371 2118 435 2166 omni
442 2117 511 2167 noxio
522 2134 608 2183 vapore
619 2117 754 2167 liberatum.
842 2118 929 2167 similia
937 2116 1068 2167 inserviunt
1077 2114 1217 2182 periphrasi.
1240 2115 1307 2163 Infra
1318 2112 1344 2161 ii.

327 2193 367 2240 68.
387 2191 435 2240 Nec
452 2194 575 2255 quidquam
591 2201 685 2241 tamena
699 2191 791 2256 fecis]
844 2195 887 2242 78:
906 2194 991 2258 sormoe
1001 2192 1129 2258 feronem
1146 2191 1214 2254 Virg.
1229 2191 1289 2238 AEn.
1302 2187 1344 2237 vii.

294 2265 445 2332 Ἀτρύγετον
455 2264 537 2331 αἰθέρα
545 2266 606 2315 dixit
612 2267 709 2316 Homer.
717 2265 749 2314 Il.
757 2263 793 2323 P‘,
845 2268 875 2316 ia
882 2287 887 2315 :
892 2269 977 2333 somne
986 2268 1107 2329 lnporum
1120 2262 1173 2312 Cic.
1182 2265 1215 2312 N.
1223 2263 1256 2311 D.
1264 2262 1291 2310 ii.
1300 2263 1342 2319 40,

295 2342 359 2402 4253
377 2357 433 2390 nam
449 2341 510 2405 τρὺξ
526 2348 551 2389 et
557 2341 616 2406 fec,
629 2355 699 2389 omne
716 2339 793 2406 impu·
842 2341 921 2390 sidera
931 2339 1226 2405 dicuntmformeigme3
1243 2335 1344 2386 Heroid.

289 2410 361 2464 rum:
377 2415 427 2464 vid.
444 2415 548 2464 Gronov.
567 2416 693 2464 Observat.
711 2413 737 2462 ii.
752 2413 794 2464 vii.

327 2565 367 2614 69.
386 2563 546 2627 Dusepseratq
567 2563 689 2626 Disseplre,
706 2562 793 2612 descri-

294 2638 360 2695 bere,
377 2639 476 2686 verbum
493 2636 567 2702 paulo
584 2636 658 2686 rarius
675 2644 700 2684 et
718 2636 793 2702 poeti·

297 2727 360 2760 cum.
382 2711 476 2760 Lucret.
486 2710 503 2760 i.
513 2711 576 2759 998:
595 2727 636 2758 ner
645 2712 738 2772 dissepit
747 2713 794 2758 col·

298 2786 336 2834 les.
368 2785 452 2833 Senes.
459 2783 529 2833 Med.
541 2786 598 2842 3³5,
606 2783 665 2833 forte
676 2801 706 2833 ex
716 2792 794 2833 nostro

296 2857 362 2906 loco:
376 2859 438 2906 Bene
448 2857 633 2922 disseptifaedera
643 2860 732 2906 mnndi.

329 2932 370 2980 71.
387 2931 538 2996 Effemescere
554 2930 627 2980 etiam
643 2931 792 2996 exquisitius,

297 3023 369 3071 quam
388 3005 452 3071 quod
475 3005 524 3062 alii,
544 3022 574 3055 ex
594 3006 794 3072 interpretatione,

296 3079 399 3140 habent;
415 3078 494 3128 sidera
510 3079 573 3128 enim
590 3089 645 3129 sunt
663 3080 730 3144 ignes
738 3082 794 3145 fer-

296 3164 380 3211 uentes,
392 3154 529 3219 etsernld-ns
540 3155 574 3203 sol
585 3154 672 3219 passim
683 3153 794 3203 occurrit.

287 3230 384 3287 ¹Iaeenzin
394 3229 419 3277 h.
428 3244 449 3279 v.
454 3229 519 3278 idem
529 3245 580 3278 esse
589 3228 721 3286 videbatur,
732 3228 796 3293 quod

297 3320 346 3354 ver.
357 3306 397 3354 27.
409 3309 512 3361 euicere,
524 3311 548 3352 et
557 3305 657 3353 celerem
668 3314 757 3353 motum
770 3303 795 3351 in

297 3378 417 3445 superiora
434 3379 497 3426 ‘loca
525 3377 665 3443 significare.
707 3378 796 3427 Verum

298 3458 355 3502 tunc
363 3453 448 3502 saltem
464 3451 615 3501 scribendum
630 3451 713 3500 suimet
729 3451 796 3516 effer-

298 3544 385 3576 vescere
393 3531 419 3576 in
430 3529 520 3583 coelnm,
531 3534 559 3575 nt
570 3527 639 3591 Virg.
653 3526 740 3590 Georg.
750 3525 795 3575 lib.

297 3603 313 3650 i.
325 3603 382 3650 471.
392 3602 499 3667 effervere
510 3604 535 3649 ia
546 3617 621 3668 agros.

331 3678 371 3726 72.
389 3677 462 3740 Suis]
481 3675 532 3724 Sibi
541 3674 649 3742 propriis.

331 3753 371 3800 73.
388 3751 468 3801 Etiam
479 3760 543 3800 ostro
558 3757 614 3799 sunt
624 3751 760 3806 animantia,
771 3749 795 3797 in

843 2432 868 2464 x.
876 2417 923 2464 95:
942 2416 1065 2464 simulacro
1076 2412 1178 2460 Decium
1188 2419 1251 2459 astro
1261 2410 1344 2474 etsoc-

842 2507 891 2547 ma,
899 2493 928 2540 ἓν
939 2488 979 2539 διὰ
991 2487 1069 2538 δυοῖν.

877 2566 919 2613 74.
937 2565 1034 2612 Nitidns
1044 2569 1126 2628 aptum
1136 2559 1238 2627 piscium
1249 2558 1342 2624 epithe-

843 2647 892 2698 ton,
902 2648 997 2705 propter
1011 2651 1164 2703 squamarum
1178 2633 1309 2684 levitatem
1319 2643 1345 2683 et

843 2713 1018 2762 lubricitatem:
1046 2711 1078 2759 ix.
1097 2710 1154 2759 aot.
1172 2709 1202 2759 de
1222 2716 1343 2772 serpente,

843 2805 977 2852 squamaque
986 2791 1060 2836 nitere
1070 2787 1164 2834 recenti.
1356 2821 1359 2825 .

878 2863 917 2912 75.
937 2860 1080 2926 Agitobilis]
1109 2857 1273 2922 significanter
1292 2859 1343 2921 ogi-

844 2939 928 2985 tnlrills.
961 2937 1046 2985 Senes.
1061 2933 1095 2982 N.
1111 2934 1143 2990 Q.
1158 2931 1192 2980 vi.
1208 2932 1253 2980 16:
1284 2932 1345 2978 nihil

845 3022 876 3060 est
887 3021 934 3060 tam
948 3011 1056 3059 versabile
1066 3019 1088 3058 et
1097 3002 1223 3072 agitationi
1230 3008 1344 3072 gaudens,

844 3104 912 3150 qucum
921 3102 971 3134 aer.

878 3162 918 3210 76.
935 3160 1041 3207 Sanctius
1057 3158 1090 3204 his
1106 3157 1202 3213 animal,
1212 3154 1271 3217 eta]
1289 3155 1344 3202 Ori-

845 3233 924 3298 ginem
941 3230 1041 3281 hominis
1058 3227 1178 3285 describit,
1195 3237 1222 3277 ut
1240 3229 1346 3294 postulat

845 3308 897 3372 ejus
913 3306 1025 3370 dignitas.
1057 3304 1114 3351 Non
1131 3303 1195 3351 enim
1211 3309 1304 3351 mutum
1321 3311 1347 3351 et

845 3389 913 3446 turpe
922 3395 995 3446 pecus
1005 3395 1019 3429 e
1029 3386 1092 3428 terra
1103 3377 1232 3442 erepsimus
1246 3377 1345 3434 Ovidio,

846 3455 887 3504 sed
898 3458 1006 3512 sanctius,
1018 3454 1073 3502 Deo
1082 3451 1191 3510 similius,
1202 3460 1274 3516 atque
1286 3451 1347 3501 adeo

846 3528 977 3577 reverentia
985 3527 1081 3593 dignius
1090 3527 1185 3574 animal.
1206 3525 1269 3589 Ergo
1280 3541 1346 3573 com-

774 3658 776 3663 ,
846 3599 1345 3668 paratimspropositivobenensnrpatur:

846 3676 964 3726 nonenim
971 3673 1264 3725 catemanimaliasancta
1271 3681 1347 3722 erant.

847 3751 914 3800 Meas
930 3754 988 3808 alta,
1005 3749 1075 3807 ratio,
1093 3765 1147 3814 quae
1167 3748 1218 3797 alta
1231 3748 1346 3812 cogitare,

298 3825 380 3890 primis
391 3842 420 3874 ex
432 3834 511 3875 mente
521 3824 665 3873 Stoicorum:
678 3824 732 3873 vide
743 3823 796 3873 Cic.
845 3826 972 3891 cogitando
987 3841 1012 3874 se
1028 3824 1059 3873 ad
1074 3824 1163 3872 coelum
1178 3822 1287 3872 attollere
1303 3838 1346 3887 po·

299 3899 333 3946 N.
343 3901 376 3947 D.
385 3898 410 3947 ii.
423 3901 454 3948 16
469 3908 495 3949 et
511 3902 552 3949 al.
568 3915 705 3965 quanquam
722 3907 746 3948 et
764 3915 795 3948 ex
846 3908 901 3950 test.
913 3901 966 3949 Cic.
976 3900 1032 3948 Mil.
1043 3901 1070 3947 8:
1089 3899 1152 3947 bomo
1167 3901 1286 3960 sopierunt
1297 3899 1349 3946 olto

299 3968 409 4039 opinione
420 3973 493 4038 vulgi.
526 3975 587 4024 Inde
602 3978 664 4023 iuter
673 3977 795 4023 sidnace-
846 3985 868 4022 et
894 3976 974 4022 divina
1001 3975 1099 4037 quodum
1126 3982 1200 4021 mente
1224 3973 1347 4032 preditus.

292 4045 367 4110 ferri,
375 4041 455 4095 Deum
465 4047 523 4097 fieri.
558 4047 796 4103 Coelestesolnm,coe·
847 4047 919 4112 Apud
936 4047 1050 4096 Juvenal.
1066 4065 1105 4096 xv.
1123 4061 1236 4095 vocamur
1256 4047 1346 4094 divino·
1377 4071 1379 4074 >

298 4120 349 4168 lum
359 4129 474 4185 tanquam
484 4122 654 4187 pavimentum,
665 4138 712 4186 quo
728 4121 797 4170 insis-
847 4139 900 4169 rom
910 4137 1018 4183 capacem
1035 4121 1077 4185 qui
1088 4122 1133 4170 loc.
1146 4136 1201 4169 cnm
1211 4119 1257 4168 hoc
1268 4129 1348 4169 nostro

300 4202 368 4242 tunt:
388 4195 472 4258 sicma
500 4195 609 4251 Deorum,
635 4195 720 4251 sidera,
743 4211 797 4259 quae
848 4195 1057 4244 conferendusest.
