2812 5010
235 339 299 405 198
500 396 505 404 ,
525 336 564 401 Ρ.
588 334 750 401 OVIDII
774 332 986 400 NASONIS

238 512 383 600 Natus;
414 520 453 585 et
469 520 549 584 arte
567 534 636 583 sua
654 509 754 582 silvis
772 508 937 582 occultat
954 508 1121 582 abactas.

239 629 417 702 Senserat
435 627 506 700 hoe
524 626 663 698 furtum
682 649 803 710 nemo,
824 624 896 696 nisi
913 634 1024 697 notus
1042 621 1081 694 in
1100 621 1164 693 illo

238 744 341 818 Rure
360 767 477 817 senex
491 770 499 831 ;
531 741 687 814 Battum
704 738 840 812 vicinia
856 748 936 812 tota
952 738 1151 810 vocabant.

239 860 374 933 Divitis
392 859 453 931 hic
472 859 589 930 saltus
607 856 845 950 herbosaque
863 878 1005 952 pascua
1022 852 1146 938 Nelei,

237 974 273 1047 N
277 975 509 1071 obiliumque
523 997 657 1069 greges
669 980 796 1044 custos
809 972 982 1044 servabat
997 993 1191 1067 equarum.
1209 970 1283 1040 690

238 1091 351 1164 Hune
370 1077 507 1176 timuit,
523 1090 737 1186 blandaque
755 1112 870 1161 manu
886 1087 1057 1174 seduxit3
1089 1095 1128 1157 et
1146 1083 1213 1171 illi,

239 1217 262 1245 “
280 1207 461 1305 Quisquis
474 1205 712 1304 eS,hospeS‚''
724 1206 787 1292 ait,
799 1205 863 1277 “si
874 1205 969 1278 forte
980 1212 1149 1277 armenta
1158 1199 1283 1296 requi-

239 1323 332 1396 Haeo
351 1323 500 1419 aliquis,
519 1322 658 1395 vidisse
676 1345 795 1417 nega:
825 1345 899 1394 neu
916 1319 1036 1416 gratia
1052 1316 1153 1390 facto
1212 1317 1285 1411 [ret

239 1439 354 1513 Nulla
371 1437 610 1537 rependatur,
630 1438 788 1511 nitidam
806 1462 900 1536 cape
919 1435 1073 1537 proemia
1090 1431 1283 1507 vaccam.'’

239 1554 291 1629 Et
306 1554 432 1628 dedit:
454 1564 622 1652 accepta,
639 1578 751 1627 voces
768 1554 838 1628 has
853 1552 1016 1627 reddidit
1028 1552 1189 1648 hospes:
1210 1552 1282 1622 695

241 1678 266 1709 “
285 1669 406 1743 Tutus
425 1695 510 1758 eas;
531 1670 627 1767 lapis
646 1669 717 1742 iste
734 1669 838 1770 prius
857 1678 922 1742 tua
939 1666 1037 1741 furta
1052 1664 1285 1762 loquatur.''¹

240 1782 292 1858 Et
310 1785 475 1883 lapidem
494 1784 677 1859 ostendit:
706 1785 858 1857 simulat
874 1783 968 1857 Jove
985 1793 1097 1856 natus
1115 1781 1233 1855 abire.

240 1899 335 1973 Mox
353 1900 471 1976 redit:
500 1910 551 1988 et,
570 1924 679 1973 versa
696 1901 835 1998 pariter
852 1924 939 1974 cum
956 1924 1048 1974 voce
1065 1897 1198 2006 figura,

242 2026 266 2055 “
285 2016 457 2105 Rustice‚
469 2017 604 2090 -vidisti
619 2019 649 2090 si
670 2041 765 2113 quas
783 2017 854 2090 hoc
872 2015 1028 2102 limite,''
1048 2015 1157 2103 dixit,

238 2254 334 2300 cuidue
340 2251 420 2317 furto.
443 2251 527 2300 Horat.
537 2252 559 2300 I.
570 2252 617 2301 Od.
629 2271 652 2302 x.
664 2256 687 2302 7.
696 2255 737 2303 ubi
787 2253 939 2304 multitudine
957 2261 1115 2302 armentorum
1130 2260 1154 2300 et
1169 2266 1285 2315 gregum:

238 2324 284 2374 hoc
293 2325 371 2391 ipsum
382 2326 517 2390 exemplum
528 2326 659 2391 subjicitur.
686 2329 736 2376 Do·
786 2329 867 2393 itaque
889 2344 934 2377 nec
956 2330 1056 2377 custodes
1078 2341 1190 2391 pecomm
1211 2324 1285 2373 infimi

238 2398 273 2448 los
292 2398 318 2447 in
334 2417 364 2449 ea
379 2416 404 2448 re
422 2399 541 2449 adhibitos
560 2400 736 2450 memoratAn·
788 2402 834 2450 loci
851 2412 926 2452 erant.
959 2402 1078 2451 Ceterum
1090 2400 1163 2448 Nelei
1177 2398 1285 2448 aetasin-
1317 2459 1318 2463 Ἰ

240 2475 317 2524 touin.
336 2476 397 2531 Lib„
414 2475 536 2540 multoque
552 2475 624 2524 latius
640 2477 738 2525 Homer.
788 2476 846 2525 cidit
856 2477 880 2524 in
889 2484 995 2542 tempora
1002 2473 1287 2524 CentaurorumHomer.

238 2549 290 2598 d.l.
302 2551 369 2598 Artes
380 2559 459 2600 autem
470 2548 562 2598 Latinis
578 2565 660 2598 omnes
670 2550 739 2598 dotes
787 2552 819 2600 Il.
835 2559 866 2602 A.
879 2553 935 2600 262.
959 2553 1077 2615 Εφωηιιη
1094 2567 1177 2616 greges
1195 2551 1285 2600 Neleus

239 2623 312 2672 animi
334 2634 358 2673 et
378 2623 487 2689 corporis.
522 2623 598 2672 Silvis.
616 2624 739 2689 Corypba-
789 2627 868 2675 alebat
878 2626 963 2674 sobolis
974 2642 1061 2686 causa;
1076 2625 1132 2673 hinc
1143 2627 1235 2682 nobiles,
1246 2625 1286 2674 de·

238 2697 308 2755 sium,
331 2697 457 2746 Messenia
475 2697 668 2762 promontorium,
688 2699 738 2748 An·
767 2702 865 2750 'lectae
891 2701 990 2749 Nobiles
1006 2700 1079 2750 etiam
1091 2700 1179 2766 palmis
1196 2700 1221 2748 in
1236 2716 1285 2749 cer-

240 2772 335 2819 touinus
345 2779 468 2820 memorat.
789 2774 925 2823 terminibus.
948 2774 1035 2839 Virgil.
1054 2775 1159 2839 Georg.:
1177 2775 1287 2823 Eliadum

273 2845 329 2892 688.
347 2845 510 2893 Battum‘sine
525 2843 598 2893 dnbio
614 2846 739 2903 vocabant,
786 2851 873 2911 palmas
886 2849 978 2911 Epeiros
987 2866 1104 2912 equarum.

240 2926 267 2966 ut
277 2918 311 2976 fit,
323 2919 403 2967 avitio
414 2918 526 2983 quodam.
543 2919 635 2968 Graecis
645 2919 740 2983 βάττος
822 2925 878 2972 691.
896 2924 1015 2987 Sedecim]
1036 2925 1116 2982 Quum
1127 2939 1189 2972 unus
1200 2925 1288 2972 Battus

241 3002 338 3041 vocatur
348 2994 442 3050 balbus,
454 2993 495 3058 qui
507 3010 554 3042 non
564 2994 675 3042 distincte
686 3011 738 3059 pro·
789 2997 890 3054 adesset,
902 3013 948 3045 non
963 3013 1023 3062 opus
1039 3006 1090 3046 erat
1103 3013 1158 3046 eum
1174 3002 1288 3052 seducere,

241 3067 349 3115 nuntiare
367 3075 444 3131 potest
460 3068 538 3116 verba.
571 3067 644 3133 Apud
663 3068 739 3116 Hero·
789 3071 884 3119 seorsim
902 3075 992 3120 ducere.
1024 3071 1131 3134 Quisquis
1149 3089 1182 3120 es:
1201 3071 1256 3119 vide
1273 3071 1289 3119 i.

240 3140 290 3188 dot.
300 3140 333 3189 iv.
346 3142 399 3190 135.
413 3143 501 3189 Battus
516 3133 556 3190 reri
568 3143 673 3206 Cyrenes
687 3142 739 3191 bal·
790 3147 846 3193 679.
867 3146 951 3194 Vidisse
961 3163 1033 3211 nego:
1046 3147 1158 3202 Homero,
1169 3146 1229 3194 ibid.
1239 3149 1271 3196 92
1282 3164 1288 3193 :

240 3213 344 3262 butieus.
377 3214 408 3262 In
426 3214 519 3263 Alberti
537 3215 615 3264 Gloss.
627 3217 660 3264 N.
671 3217 699 3264 Τ.
715 3233 740 3281 p.
791 3218 849 3269 ἰδὼν
861 3221 896 3284 μὴ
914 3218 972 3269 ἰδὼν
986 3221 1056 3276 εἶναι,
1069 3220 1110 3268 rui
1118 3222 1199 3284 κωφὸς
1213 3219 1287 3272 ἀκού-

239 3290 296 3337 200.
329 3290 415 3338 Battus
432 3300 512 3354 pastor
526 3290 662 3341 balbutiens
675 3307 739 3341 com·
791 3311 846 3352 σας,
859 3295 899 3343 καὶ
911 3296 996 3358 σιγᾶν.
1025 3295 1103 3351 Facto,
1114 3295 1217 3358 negotio.
1244 3296 1288 3344 Ni-

240 3370 392 3411 memoratur.
425 3362 486 3410 Inde
501 3363 670 3429 βατταρίζειν,
686 3364 739 3412 bal·
791 3370 871 3416 tidem.
905 3367 967 3416 Vide
985 3367 1016 3415 ad
1032 3366 1048 3415 i.
1065 3369 1121 3416 610.
1147 3368 1222 3434 Apud
1237 3369 1287 3417 An·

240 3435 335 3496 butire3
352 3451 488 3501 quanquam
507 3436 549 3485 illo
568 3438 661 3485 nomine
678 3437 740 3487 etis
791 3441 865 3490 tonin.
885 3441 1010 3499 cblaenam,
1032 3441 1119 3491 silentii
1146 3445 1289 3499 mercedem,

240 3512 376 3572 notabatur,
393 3510 435 3575 qni
452 3512 529 3560 multa
543 3519 631 3560 temere
651 3511 738 3568 effutit,
791 3516 886 3581 accipit.

240 3593 268 3636 ut
280 3593 371 3635 notum.
824 3592 880 3639 696.
893 3591 974 3646 Tutus,
985 3607 1088 3649 securus,
1100 3609 1147 3640 non
1163 3593 1288 3642 sollicitus.

274 3663 330 3709 689.
349 3661 442 3718 Neleus,
463 3677 504 3709 rex
524 3662 654 3726 Pyliorum,
673 3669 740 3726 pater
791 3665 828 3712 Ex
839 3682 891 3714 uoce
905 3682 953 3714 non
967 3681 1019 3714 raro
1034 3666 1126 3716 facilius
1139 3669 1289 3731 agnoscimus

241 3733 359 3782 Nestoris.
387 3735 411 3782 Is
422 3750 545 3783 numerosa
556 3743 580 3782 et
589 3733 684 3797 egregia
695 3734 739 3782 ha·
791 3737 908 3794 homines,
931 3754 1003 3802 quam
1023 3755 1052 3786 ex
1072 3740 1157 3803 ligura.
1191 3742 1290 3790 Silentia

240 3808 315 3856 bebat
326 3817 440 3864 armenta,
451 3809 561 3872 (Homer.
573 3808 656 3856 oud.
667 3809 739 3871 288.)
791 3816 862 3869 deme,
872 3813 953 3861 indica
970 3813 1058 3862 furtum
1076 3815 1207 3863 occultum.
1233 3817 1290 3864 Pre-

242 3897 296 3945 quae
308 3889 395 3938 auteur,
406 3898 480 3946 quum
489 3882 611 3945 Pyliorum
622 3898 679 3946 ager
690 3898 740 3930 are·
792 3889 859 3942 rium,
877 3886 1016 3951 praemium:
1037 3887 1091 3935 vide
1110 3889 1244 3938 Burmann.
1259 3889 1290 3938 ad

241 3970 312 4003 nosus
333 3966 402 4011 esset,
423 3955 550 4020 plurimum
578 3965 645 4005 extra
668 3956 739 4005 Nelei
791 3960 887 4009 Pbaedr.
903 3962 926 4009 I.
939 3960 990 4009 viii.
1008 3964 1030 4010 l.
1048 3970 1072 4010 et
1085 3962 1169 4011 Heius.
1183 3963 1214 4012 ad
1234 3964 1257 4012 h.
1271 3963 1288 4011 l.

242 4028 301 4076 fines
325 4031 489 4094 pascebantur.
510 4031 613 4079 Pausan.
634 4031 740 4080 Messen.
791 4034 894 4091 Femina,
909 4050 991 4083 vacca.
1008 4036 1106 4091 Seneca,
1127 4037 1218 4100 Agam.
1234 4038 1290 4089 354.

242 4117 267 4166 p.
284 4103 342 4150 371.
372 4102 434 4152 Hinc
450 4114 547 4153 vocatur
562 4108 623 4153 diues
632 4123 640 4163 ,·
658 4104 740 4170 priscis
790 4111 873 4169 couJ'us
888 4112 959 4156 tauri.
976 4110 1076 4159 ¹Contra
1092 4113 1128 4158 uir
1139 4111 1170 4163 de
1184 4127 1256 4178 capro
1267 4120 1291 4160 et

241 4174 306 4223 euim
323 4176 466 4242 temporibus
482 4177 571 4226 divitiae
583 4180 740 4227 censebantur
790 4187 857 4230 tauro
868 4199 875 4243 ;
892 4182 989 4231 vidend
1001 4181 1017 4231 i.
1029 4184 1084 4232 660.
