2812 5010
354 327 822 398 METAMORPHOSEON
847 333 937 398 LIB.
961 332 1044 400 VII.
1152 337 1218 404 459

173 500 342 598 Corpora
357 488 560 597 vulgarunt
577 503 804 600 pluvialibus
821 505 924 583 edita
939 505 1077 604 fungis.

174 615 252 689 Sed
273 626 476 713 postquam
495 616 649 691 Colchis
668 620 760 694 arsit
774 645 870 694 nova
888 632 1007 720 nupta
1023 623 1189 709 venenis,

173 730 491 827 Flagrantemque
505 732 658 806 domum
671 735 771 832 regis
783 760 885 810 mare
895 737 988 810 vidit
998 747 1218 834 utrumque3

174 845 366 941 Sanguine
385 856 555 920 natorum
575 848 810 946 perfunditur
827 851 964 949 impius
982 851 1106 940 cnsis;
1148 857 1222 926 396

174 959 343 1056 Ultaqne
360 985 402 1034 se
420 963 518 1035 male
536 973 667 1050 mater,
688 963 834 1039 Iasonis
853 965 987 1062 effugit
1004 990 1119 1040 arma.

223 1074 293 1149 VI.
323 1074 422 1148 Hinc
437 1075 642 1152 Titaniacis
660 1080 786 1153 ablata
803 1081 1041 1169 draconibus
1057 1081 1173 1154 intrat

209 1282 267 1330 394.
288 1282 370 1332 Medea
391 1301 460 1347 quum
479 1300 505 1333 ec
526 1285 609 1334 Jutone
622 1289 677 1349 jum
726 1288 806 1337 Vocat
829 1288 913 1336 Colcho
936 1303 1037 1345 venena,
1059 1288 1115 1353 quia
1136 1287 1225 1341 Medea

166 1356 233 1420 filios
244 1357 383 1407 Mementm
397 1369 420 1408 et
436 1360 544 1408 Feretum
559 1376 676 1421 procreas-
726 1361 824 1411 Colchis
834 1361 864 1410 iis
874 1377 927 1411 usa.

175 1440 217 1487 set,
231 1447 359 1495 eremmoque
374 1435 495 1482 concmdic
510 1434 621 1490 nument,
639 1435 675 1482 oh·
759 1437 818 1485 ³96.
838 1436 957 1501 Sanguine
973 1447 1089 1493 notorum,
1104 1436 1165 1500 ete]
1182 1437 1222 1485 In·

167 1507 297 1567 jiciehutur
307 1508 336 1562 ei,
347 1507 456 1554 lwminem
467 1515 514 1554 tam
520 1506 676 1572 fortemfur-
725 1510 835 1559 terfectos
846 1509 906 1557 filios
917 1525 931 1557 a
943 1508 1078 1566 Corinthiis,
1089 1508 1152 1574 quod
1162 1508 1226 1559 dona

177 1595 261 1626 mosum
278 1597 305 1628 uc
325 1582 431 1635 nobilem,
451 1597 543 1629 onmem
567 1583 677 1629 αάυοπππι
726 1581 869 1640 attulissent,
881 1590 963 1631 auctor
977 1589 1013 1631 est
1024 1581 1165 1639 Pausanias,
1176 1581 1223 1631 Co-

176 1661 244 1714 atque
254 1654 375 1717 ueneficum
392 1655 481 1702 habere.
518 1653 580 1702 Hrtic
595 1655 677 1710 Creon,
726 1655 797 1705 rioth.
811 1672 838 1720 p.
852 1657 914 1717 1183
931 1655 1043 1721 idemque
1060 1655 1135 1710 addit,
1152 1670 1226 1720 quum

178 1725 286 1774 Menecei
296 1728 375 1790 filius,
392 1743 431 1775 rer
448 1728 589 1785 Corinthius,
597 1729 678 1791 filiam
726 1729 770 1777 lilii
784 1729 925 1777 innocentes
939 1737 1019 1778 essent
1032 1728 1131 1786 inventi,
1143 1728 1226 1779 Coriu-

177 1816 241 1847 suam
257 1802 363 1848 minoen
379 1801 486 1850 Glaucea
497 1804 561 1851 dedit
576 1818 678 1850 morem.
726 1803 789 1852 thios
809 1802 834 1851 in
854 1819 883 1851 eo
900 1803 952 1868 ipso
970 1804 1031 1860 loeo,
1047 1803 1090 1851 ubi
1108 1801 1226 1852 interfecti

177 1873 260 1920 Medea
276 1892 343 1936 quum
362 1877 430 1931 cidit,
452 1891 474 1922 se
493 1892 550 1940 ergo
573 1876 678 1924 Jasonem
727 1885 815 1932 essent,
835 1877 934 1924 Pavoris
952 1876 1080 1940 imaginem
1095 1876 1227 1934 dedicisse,

177 1948 231 1994 hene
251 1957 372 1996 merentem
393 1957 460 1996 tantu
478 1951 617 1997 contumelio
635 1966 679 1998 esse
728 1950 760 1998 ad
770 1965 872 2014 eamque
883 1966 951 1998 sacra
963 1949 1125 1999 anniversaria
1134 1950 1226 2000 fecisse.

177 2018 292 2083 affectam,
304 2037 409 2069 emonam
419 2038 445 2069 ee
459 2024 550 2070 artenia
558 2022 621 2087 fecit
635 2039 678 2070 ou·
728 2020 842 2070 Similiter
854 2021 969 2086 Apollod.
985 2030 1009 2069 et
1021 2021 1140 2071 AElianus.
1150 2024 1182 2072 V.
1192 2022 1226 2071 H.

176 2109 349 2156 nemeamque
362 2097 454 2142 nurneri
465 2097 540 2157 jussit
548 2096 615 2158 filios
630 2111 679 2143 sitos
729 2109 754 2140 v.
765 2095 806 2141 tl.
833 2095 863 2140 In
875 2092 975 2142 Scholiis
986 2093 1107 2158 Euripidis
1116 2092 1148 2140 ad
1158 2093 1228 2142 Med.

179 2182 280 2214 nouem
301 2171 365 2216 dure.
407 2167 502 2225 Creusa,
521 2184 616 2217 mame
639 2185 678 2217 ue·
729 2166 855 2233 Euripides
871 2166 971 2215 traditur
981 2166 1087 2231 quinque
1103 2166 1199 2214 talentis
1213 2183 1231 2215 a

177 2248 249 2301 cepto,
266 2256 319 2287 eum
336 2239 420 2288 Jasone
435 2250 457 2288 et
477 2240 573 2288 Creonte
593 2242 678 2304 conflu-
729 2239 858 2288 Corinthiis
874 2248 997 2304 corruptus
1016 2239 1156 2296 essentia
1172 2241 1227 2288 Me-

175 2315 264 2377 grauit.
282 2313 364 2361 Medea
374 2315 414 2360 aii
424 2316 511 2378 regium
519 2311 678 2372 ardere'uidit,
728 2315 798 2364 deam
808 2313 946 2362 transferret
955 2313 1022 2362 illam
1034 2313 1134 2362 cadem.
1163 2315 1226 2362 Rem

180 2395 246 2434 notos
265 2399 320 2434 asos·
333 2386 451 2451 interjecit
469 2397 491 2434 et
508 2387 613 2452 protegit
636 2388 678 2435 Co-
728 2387 838 2451 disquirit
848 2387 977 2435 Barnesius
987 2387 1083 2436 iu-Vita
1095 2386 1226 2451 Euripidis,

178 2460 265 2506 rintho.
299 2457 420 2523 Hyginus,
437 2459 520 2508 fabula
536 2461 578 2508 25.
606 2460 678 2510 Coui.
727 2469 788 2510 sect.
807 2463 845 2510 17.
879 2460 942 2509 Vide
960 2468 984 2509 et
1004 2459 1130 2524 Boettigeri
1150 2461 1229 2525 prolu-

178 2532 345 2597 Apollodorus,
359 2531 386 2581 d.
395 2533 413 2580 1.
430 2533 483 2581 Hoc
498 2533 679 2583 fundamentum
728 2536 805 2584 siones
816 2535 846 2584 de
856 2534 946 2584 Medea
957 2533 1091 2598 Euripidea.

179 2617 215 2656 est
235 2605 355 2672 Euripidis
373 2616 398 2654 et
418 2607 514 2656 Seneca
536 2608 679 2666 fabularum,
761 2609 900 2658 ssa-492.
921 2608 986 2656 Hinc
1013 2606 1148 2663 Titaniacis,
1168 2605 1227 2669 etc]

178 2697 233 2746 qure
254 2679 350 2729 Medera
369 2696 455 2729 nomen
477 2681 575 2729 hahent.
613 2682 680 2730 Nouo
729 2682 820 2730 Medea
837 2681 946 2730 Athenas
964 2679 1033 2745 fugit,
1050 2679 1092 2728 ubi
1106 2680 1136 2728 ab
1149 2681 1229 2743 AEgeo

180 2765 254 2818 nuptu
275 2755 305 2803 ab
332 2754 386 2803 aliis
407 2756 500 2804 Glauce
521 2765 627 2811 vocatur,
648 2757 679 2804 ab
729 2756 854 2820 excipitur,
869 2755 938 2819 cujus
955 2754 1031 2802 lilium
1045 2753 1142 2802 venenis
1156 2750 1229 2800 inter·

179 2829 233 2878 aliis
245 2830 344 2886 Creusa,
357 2829 439 2893 etjam
449 2828 506 2877 olim
518 2828 679 2887 dubitabatur,
729 2828 917 2877 ficereconatur.
950 2827 1046 2892 Excipit
1062 2842 1114 2875 eam
1126 2827 1226 2890 AEgeus,

180 2909 260 2951 utrum
280 2901 367 2951 verius.
400 2901 479 2950 Schol.
496 2900 626 2965 Euripidis,
648 2902 679 2950 ad
729 2909 856 2967 postquam
869 2899 1228 2967 juraverat,seeamnoncjec·

181 2977 305 3034 Medeam,
319 2978 357 3025 19.
385 2976 432 3024 Sed
442 2977 504 3024 bene
515 2975 606 3024 notavit
616 2976 678 3024 Bur·
729 2984 817 3024 turum.
858 2975 993 3042 Euripides,
1015 2976 1064 3025 709
1086 2990 1139 3039 sqq.
1171 2974 1229 3039 Ipsa

180 3065 290 3106 mannus,
310 3049 423 3098 Creusam
446 3064 493 3097 non
521 3063 572 3097 esse
594 3064 680 3098 nomen
730 3048 838 3115 pollicita
848 3059 906 3107 erat,
918 3064 943 3098 se
959 3048 1060 3098 orbitate
1075 3048 1228 3097 liberaturum

180 3124 310 3188 proprium,
336 3115 379 3172 sed
404 3122 478 3170 filiam
502 3122 564 3186 regis
591 3132 680 3173 notare.
730 3125 816 3188 AEgea.
849 3123 1003 3181 Plutarchus,
1021 3123 1095 3172 The.
1117 3120 1229 3170 122fi1io

183 3199 287 3254 Venenit,
308 3197 377 3247 donis
397 3197 535 3246 venenatis:
558 3198 679 3254 Horatius,
729 3206 830 3255 servato,
854 3197 989 3248 convivium
1005 3196 1146 3253 instituitur,
1165 3195 1229 3260 quod

180 3270 258 3336 Epod.
269 3271 303 3320 iii.
313 3272 352 3319 1³.
363 3273 469 3320 delibutis
479 3273 551 3319 donis.
579 3271 681 3320 Miserat
729 3279 823 3320 resonat
839 3271 926 3320 Thesei
942 3270 1062 3320 laudibus.
1095 3269 1228 3333 Conilly·

180 3344 270 3409 pallam
281 3351 305 3392 et
320 3359 438 3400 coronam,
450 3342 551 3392 πέπλον
566 3345 607 3392 sul
625 3343 678 3393 cri·
729 3345 778 3408 gin.
787 3347 836 3407 263
853 3345 927 3394 Diod.
937 3346 985 3394 Sic.
995 3344 1029 3393 iv.
1039 3345 1071 3393 54
1079 3359 1133 3407 sqq.
1143 3360 1151 3401 ς
1164 3342 1228 3389 Pau-

180 3426 225 3481 φος
250 3417 421 3482 χρυσήλατον,
451 3416 584 3481 Euripides,
611 3418 659 3466 949
671 3436 678 3477 ;
728 3433 782 3466 san.
800 3419 827 3466 ii.
847 3421 862 3467 3
874 3436 882 3478 5
896 3418 1008 3484 Apollod.
1026 3419 1047 3466 Ι.
1065 3416 1098 3464 ix.
1113 3417 1155 3464 29.
1190 3415 1229 3464 Ti-

180 3492 262 3541 Valer.
273 3492 383 3550 Flaccus,
392 3509 414 3540 v.
426 3492 490 3551 4495
501 3491 600 3546 Seneca,
611 3492 679 3540 Med.
729 3495 835 3549 tenuris,
847 3507 907 3556 quos
917 3507 931 3540 a
943 3492 992 3540 sole
1001 3499 1136 3554 acceperat.
1153 3488 1229 3552 Apol-

179 3565 237 3613 ⁵70.
269 3566 317 3614 Illa
327 3565 389 3614 dona
398 3565 513 3613 infecerat
523 3564 638 3628 naphtha,
649 3580 679 3613 ex
729 3563 832 3613 lodorus.
867 3565 986 3625 Periphas,
999 3579 1039 3611 rex
1051 3560 1228 3627 antiquissimus

180 3639 309 3687 multorum
321 3638 419 3702 quidem
430 3636 549 3703 opinione,
560 3653 614 3702 quae
625 3637 681 3686 inde
729 3635 818 3685 Atticae
830 3644 885 3685 ente
894 3636 1006 3700 Cecropis
1016 3644 1131 3699 tempora.
1165 3635 1228 3683 Eum

179 3710 247 3759 dicta
266 3719 303 3759 est
323 3709 433 3772 Μηδείας
454 3709 590 3775 φάρμακον.
624 3710 682 3758 Vid.
730 3710 824 3775 Jupiter
840 3709 866 3757 in
881 3708 987 3774 aquilam
1005 3708 1115 3765 mutavit,
1130 3706 1229 3772 ejusque

137 3782 140 3787 ⁴
182 3785 323 3842 Mnnlrerus,
340 3785 370 3833 ad
387 3784 476 3848 Hygia.
491 3783 516 3831 d.
526 3783 543 3831 1.
560 3782 681 3848 Naphthra
731 3783 865 3847 conjugem,
872 3797 946 3847 quum
955 3780 1059 3846 separari
1069 3781 1143 3829 nollet
1154 3796 1169 3829 a
1179 3795 1229 3830 ma·

181 3873 269 3922 magna
284 3858 393 3923 cognatio
410 3857 511 3922 ignium,
524 3856 566 3921 qui
576 3857 682 3920 protinus
730 3855 784 3911 rito,
801 3855 827 3904 in
844 3855 931 3920 ὄρνιθα
947 3854 1084 3920 σύννομον,
1098 3853 1123 3902 id
1139 3862 1183 3911 est,
1203 3855 1229 3904 in

180 3929 205 3978 in
224 3947 276 3980 earn
295 3932 447 3980 transiliunt:
465 3929 566 3987 Plinius,
582 3929 608 3978 ii.
626 3933 681 3981 105.
730 3928 814 3977 iisdem
829 3928 924 3993 pascuis
934 3937 1076 3984 versantem,
1087 3943 1135 3977 una
1146 3926 1229 3976 viven-

181 4005 223 4054 ubi
234 4005 317 4053 addit:
337 4005 376 4053 Ito
385 4004 475 4070 feast
491 4023 505 4051 a
517 4004 600 4050 Medea
614 4004 680 4064 pelli·
731 4011 788 4060 tem,
799 4019 884 4068 nempe
897 4003 922 4050 in
937 4001 1030 4067 φήνην,
1043 4003 1160 4053 falconem
1170 4001 1229 4050 ossi-

181 4096 228 4128 cem
245 4090 374 4137 crematum,
391 4090 507 4143 postquam
520 4080 681 4143 samfieaturu
730 4079 839 4143 iragum:
861 4076 999 4126 Antoninus
1014 4076 1092 4126 Liber.
1108 4077 1133 4125 6.
1172 4078 1228 4125 Jam

181 4156 212 4201 ad
228 4171 280 4202 uras
293 4164 424 4210 acreum,
437 4170 519 4202 emona
535 4156 589 4218 igne
604 4163 680 4215 rupta.
731 4151 843 4215 qnoniam
864 4160 889 4200 et
909 4165 973 4200 nunc
994 4149 1025 4200 de
1044 4149 1137 4200 duobus
1152 4165 1229 4198 sermo
