2812 5010
173 327 218 391 92
472 322 512 386 P.
536 318 698 385 OVIDII
723 317 933 384 NASONIS

176 499 262 583 Quo
281 520 396 583 mare,
416 519 492 592 quo
509 494 634 578 telluS,
654 503 902 591 correptaque
919 491 1024 588 regia
1034 491 1125 565 coeli

175 614 331 700 Ardeat,
350 623 390 687 et
406 610 536 684 mundi
553 609 670 682 moles
685 633 845 706 operosa
855 608 1013 683 laboret.

176 730 269 805 Tela
284 738 527 827 reponuntur,
547 727 721 800 manibus
738 725 920 800 fabricata
938 725 1174 822 Cyclopum:

176 847 297 919 Poena
313 846 441 944 placet
457 845 615 931 diversa,
631 868 749 941 genus
768 844 923 917 mortale
937 844 1009 916 sub
1022 841 1134 914 undis
1152 844 1227 913 260

176 963 355 1048 Perdere,
374 972 478 1035 etex
496 960 597 1034 omni
609 961 756 1033 nimbos
774 959 963 1032 dimittere
981 959 1089 1031 coelo.

177 1079 357 1153 Protinus
375 1076 506 1150 AEoliis
523 1076 751 1174 Aquilonem
769 1075 911 1149 claudit
929 1075 968 1147 in
986 1073 1113 1160 antriS,

177 1194 229 1269 Et
246 1217 496 1293 quaecumque
512 1192 645 1290 fugant
661 1192 833 1265 inductas
852 1190 1005 1266 flamina
1023 1191 1166 1280 nubee3

177 1429 305 1470 novaturus
322 1417 545 1483 extinguat,etc.et
559 1418 676 1466 omuifla·
719 1420 855 1480 jaculator.
883 1419 989 1467 Diversa.
1016 1419 1100 1466 Seuec.
1110 1417 1143 1465 N.
1152 1419 1184 1476 Q.
1196 1415 1230 1466 iii.

177 1504 259 1561 grente
281 1494 380 1543 materia
403 1510 450 1543 uno
478 1493 542 1557 igne,
564 1493 677 1558 quicquid
728 1495 759 1541 28
771 1502 830 1542 extr.

178 1585 241 1619 nunc
269 1584 298 1617 ex
324 1567 436 1634 disposito
464 1567 536 1623 lucet,
557 1565 678 1615 ardebit.’'
760 1569 816 1616 262.
834 1569 945 1616 Protinus
962 1567 1052 1623 AEoliis,
1067 1566 1127 1630 eto]
1152 1567 1229 1615 locris

178 1645 248 1693 Idem
269 1643 356 1691 Natur.
391 1641 564 1700 Quaestionum,
580 1640 623 1690 lib.
641 1640 677 1689 iii.
728 1643 855 1708 praeclarus
864 1642 933 1708 cnjus
943 1641 1101 1691 inventionem
1111 1643 1229 1707 poeticam

180 1736 234 1785 cap.
252 1717 342 1765 xxviii:
363 1718 447 1775 “Qua
464 1718 561 1774 ratione,
583 1715 677 1780 inquiat
728 1716 856 1781 intelliges,
882 1717 902 1765 si
929 1715 1061 1780 simplicem
1087 1717 1230 1781 cogitaveris

179 1793 279 1851 Eadem,
294 1807 342 1856 qua
359 1791 510 1855 conflagratio
531 1791 610 1840 futura
627 1799 677 1840 est:
729 1791 898 1840 narrationem:
917 1790 991 1839 nimbi
1000 1791 1092 1856 delapsi
1102 1800 1166 1849 sunt,
1177 1809 1228 1842 am·

179 1876 307 1932 utrumque
323 1866 361 1921 sit,
370 1881 443 1930 quum
456 1865 508 1914 Deo
517 1865 593 1913 visum
609 1865 679 1915 ordiri
729 1882 771 1915 nes
797 1867 956 1922 exundarant,
977 1881 1126 1930 oceanusque
1154 1868 1232 1917 obruit

180 1939 461 1998 melioraveterafinire.
493 1939 566 2004 Aqua
580 1950 604 1989 et
618 1940 679 2005 ignis
728 1948 824 1992 terram.
856 1942 902 1989 Illa
918 1957 972 1989 vero
990 1941 1073 1990 mirum
1091 1941 1115 1990 in
1134 1942 1231 1991 modum

179 2016 278 2065 terrenis
298 2014 456 2063 dominantur.
495 2015 532 2062 Ex
552 2014 589 2064 his
607 2024 679 2073 ortus,
730 2014 872 2071 animantur,
883 2031 956 2079 quum
968 2015 1043 2063 Notus
1053 2015 1121 2063 Deus
1136 2013 1230 2065 induci·

181 2099 242 2141 etex
253 2089 290 2137 his
301 2089 410 2136 interitus
420 2087 481 2144 est‚”
489 2098 535 2138 etc.
729 2097 775 2144 tur,
787 2089 834 2137 Iris
849 2090 925 2138 nubes
941 2089 992 2146 alit,
1010 2089 1131 2152 Neptunus
1146 2093 1232 2141 Jovem

213 2162 270 2213 257.
287 2166 383 2226 Dogma
393 2163 533 2220 Stoicorum,
544 2163 621 2213 sidera
635 2182 679 2214 nu·
730 2162 835 2227 adjuvat,
857 2165 958 2228 Deosque
977 2167 1080 2212 omnium
1106 2173 1231 2222 convocat,

180 2239 230 2288 triri
239 2236 384 2293 humoribus,
390 2237 476 2302 quibus
484 2238 598 2288 absumtis
604 2247 678 2288 totum
729 2244 777 2285 etc.
812 2237 929 2286 Caetemm
945 2254 990 2286 nec
1006 2238 1045 2286 hic
1054 2239 1120 2287 locus
1129 2239 1161 2287 ad
1172 2239 1232 2304 phy·

180 2329 286 2363 arsurum
298 2311 424 2360 mundum:
436 2311 513 2361 Cicer.
520 2313 552 2360 N.
560 2314 593 2361 D.
600 2314 679 2374 ii.46;
730 2310 790 2359 sicas
797 2311 900 2360 rationes
907 2312 1024 2360 subtiliter
1032 2312 1171 2376 exigendus.
1191 2313 1233 2362 Ad

180 2389 263 2437 Senec.
272 2387 345 2436 Cons.
353 2385 385 2435 ad
393 2387 472 2435 Marc.
483 2388 530 2445 26;
545 2389 579 2435 N.
588 2389 619 2446 Q.
631 2388 680 2438 111.
729 2383 783 2433 illas
793 2386 823 2435 de
835 2385 924 2434 diluvio
935 2385 1041 2451 disputat
1053 2388 1144 2436 Seneca
1155 2389 1188 2436 N.
1199 2390 1233 2447 Q.

180 2461 231 2511 xiii.
239 2463 285 2520 283
301 2460 396 2508 Minuc.
406 2460 457 2508 Fel.
466 2461 511 2519 34;
528 2460 639 2511 Lactant.
649 2463 680 2512 de
730 2457 764 2507 iii·
786 2462 826 2508 27·
869 2461 961 2524 Aquilo,
983 2460 1040 2524 quia
1058 2461 1127 2524 pellit
1148 2463 1234 2514 nubes,

180 2537 229 2593 Ira,
240 2537 282 2585 23.
305 2535 435 2584 Commode
445 2543 515 2600 poeta
525 2535 569 2584 hoc
580 2535 605 2584 in
616 2553 683 2586 suam
733 2534 798 2599 apud
815 2544 898 2600 poetas
912 2537 990 2584 clarus
1007 2543 1031 2583 et
1049 2534 1235 2600 αἰθρηγενέτης.

183 2628 233 2660 rem
243 2610 320 2659 vertit.
344 2609 682 2670 correptascilicetflammis.
734 2609 763 2657 In
786 2625 834 2657 nna
851 2625 881 2657 ex
898 2607 982 2657 insulis
1001 2610 1083 2658 AEolits
1102 2609 1148 2658 fuit
1167 2609 1233 2658 AEoli

184 2685 271 2733 Mundi
282 2685 402 2732 molernon
412 2684 442 2732 de
451 2684 500 2732 solo
508 2685 570 2733 coelo
580 2685 683 2750 ceperim
733 2683 810 2732 sedes.
843 2682 867 2730 Is
877 2692 959 2731 ventos
967 2683 1006 2732 vel
1014 2683 1039 2731 in
1048 2691 1109 2739 utre,
1116 2692 1144 2731 ut
1153 2683 1235 2748 placet

182 2772 238 2806 cum
257 2758 371 2813 Gesnero,
388 2756 430 2805 sed
450 2756 480 2805 de
499 2765 547 2806 toto
566 2757 683 2809 universo.
734 2757 837 2806 Homero
848 2756 896 2805 Od.
911 2774 933 2813 r,
945 2756 962 2805 i.
972 2774 1035 2822 sqq„
1047 2757 1094 2813 vel,
1105 2756 1169 2821 quod
1180 2756 1236 2820 plus

185 2832 265 2880 Antea
296 2839 375 2894 partes
406 2830 489 2878 mnndi
515 2832 684 2888 nominaverat,
734 2830 857 2895 dignitatis
872 2830 953 2888 habet,
966 2841 1039 2896 atque
1054 2829 1234 2894 etiamaVirg.

184 2920 247 2954 nunc
262 2903 330 2968 ponit
349 2904 490 2954 universum.
523 2906 683 2957 Lucr.v.96:
735 2909 793 2956 AEn.
814 2905 832 2954 i.
854 2907 895 2955 52.
915 2906 1040 2972 praelatnm
1057 2915 1101 2963 est,
1121 2905 1146 2954 in
1167 2913 1236 2954 vasto

185 2981 309 3041 multosque
328 2995 370 3040 per
387 2997 458 3027 corros
479 2978 612 3028 Sustentata
633 2992 684 3030 raet
734 2993 802 3030 aratro
820 2980 924 3029 inclusos
942 2989 1022 3042 tenet3
1042 2997 1149 3031 caverna
1170 2980 1235 3029 enim

185 3056 252 3103 moles
268 3063 290 3102 et
307 3054 412 3101 maehina
428 3056 517 3103 urendi.
550 3055 596 3103 Sed
613 3055 684 3104 etiam
735 3058 894 3105 subterraneae
919 3056 997 3121 plena
1023 3064 1078 3104 sunt
1104 3063 1237 3104 ventorum.

184 3130 210 3178 in
241 3144 329 3190 operosa
361 3127 502 3177 dissentiunt
532 3129 685 3195 Interpretes.
735 3132 791 3196 Ipse
813 3131 880 3180 sedet
897 3130 922 3178 in
943 3131 1066 3179 cacumine
1087 3128 1183 3185 montis,
1202 3137 1236 3184 et,

185 3204 308 3253 Gesnerus
327 3200 441 3265 explicat,
460 3203 556 3259 coelum,
576 3203 640 3268 qnod
661 3203 686 3252 in
735 3213 804 3272 prout
815 3204 1186 3270 postulatsalusmundi,ventos
1197 3200 1236 3250 vel

184 3282 298 3342 perpetuo
315 3284 381 3323 motu
397 3282 442 3324 est.
474 3276 590 3340 Egovero
604 3277 686 3327 malim
736 3288 835 3337 coercet,
850 3280 888 3328 vel
907 3277 1002 3327 emittit.
1035 3279 1090 3336 Quo
1104 3287 1183 3343 poeta
1201 3276 1236 3325 nil

186 3366 242 3400 cum
252 3348 397 3405 Schlrachio,
409 3349 524 3398 mundum
536 3368 621 3415 magno
632 3352 688 3401 arti·
737 3353 803 3401 aliud
812 3352 943 3416 significare
952 3352 1084 3409 voluerunt,
1090 3351 1136 3402 nisi
1147 3351 1201 3407 hoc,
1212 3360 1238 3400 et

186 3425 240 3474 licio
251 3423 392 3473 fabricatum
400 3423 544 3487 intelligere.
578 3427 642 3474 Nam
652 3425 687 3476 sic
737 3427 865 3477 utilitatem
881 3435 905 3476 et
915 3427 964 3474 vim
974 3434 1097 3475 ventorum
1114 3441 1165 3475 esse
1184 3433 1236 3474 tan·

185 3500 258 3549 etiam
274 3498 366 3546 Seneca
378 3495 505 3555 intellexit,
515 3497 557 3563 qui
571 3498 596 3547 in
607 3499 688 3565 Epigr.
737 3501 858 3560 tam,uthi
866 3517 960 3566 quoque
968 3500 1126 3550 curedivinae
1134 3499 1238 3565 subjecti

187 3575 266 3624 Catal.
274 3571 339 3622 Pith.
346 3590 370 3638 p.
378 3573 418 3620 31.
426 3572 490 3621 hunc
497 3574 688 3623 nostrumlocum
744 3593 795 3627 esse
805 3576 945 3635 videantur,
959 3575 984 3623 id
995 3576 1059 3640 quod
1070 3575 1236 3624 accommoda-

186 3649 293 3698 imitatns
310 3655 360 3696 est:
385 3649 451 3696 moer
466 3649 620 3711 ponderatam
637 3652 688 3700 eoelr'
737 3660 792 3701 runt
804 3651 934 3717 puerilibus
947 3649 1008 3699 ideis
1021 3649 1238 3715 antiquissimomm

188 3725 283 3773 Ardebat
288 3724 392 3787 flammis
402 3733 493 3784 repente
501 3726 556 3772 aa.
589 3723 619 3771 Et
627 3722 688 3774 infra
738 3735 763 3776 et
772 3726 864 3775 rudium
875 3723 1006 3773 hominnm.
1022 3722 1239 3790 H.l.Jupiteripsc

188 3814 229 3846 xv.
240 3799 296 3846 666.
307 3799 391 3860 tempta
401 3813 490 3860 operosa
499 3806 554 3847 sunt
564 3796 688 3848 artificiose
737 3799 861 3865 imperium
877 3806 972 3848 exercet
988 3798 1014 3846 in
1028 3807 1118 3854 ventos,
1130 3805 1157 3845 ut
1174 3797 1239 3862 apud

187 3879 283 3920 structa.
738 3873 832 3922 Hor.1.
848 3873 896 3922 Od.
914 3873 966 3922 xiii.
982 3873 1122 3920 atterens.
1154 3871 1241 3919 luderet

221 3947 277 3994 258.
296 3945 416 4009 Laborat]
436 3945 544 3994 Corruat.
568 3946 662 3995 Lucret.
673 3947 689 3995 i.
738 3945 831 4012 proprie
842 3947 952 3996 dicuntur
962 3947 1053 3995 colores
1069 3961 1083 3993 a
1096 3944 1241 4010 pictoribus:

189 4021 245 4070 849.
257 4021 360 4068 laborare
370 4028 395 4068 et
403 4023 479 4082 perire
489 4020 620 4086 conjunxit.
740 4020 795 4069 hinc
806 4021 926 4084 eleganter
936 4021 1074 4070 transfertur
1086 4019 1116 4068 ad
1125 4021 1203 4074 nobee,
1214 4026 1243 4067 ut

221 4095 277 4144 259.
307 4093 384 4158 Tele]
415 4095 535 4152 Fulmina,
548 4097 604 4153 Διὸς
617 4094 689 4159 βόλη.
742 4095 799 4143 alibi
808 4095 837 4142 ad
847 4098 968 4161 caliginem
978 4106 1002 4145 et
1011 4106 1103 4145 noctem.
1127 4093 1242 4142 Horatl.

190 4169 253 4220 Hinc
275 4168 371 4234 Jupiter
393 4168 493 4218 fulmina
519 4168 648 4226 ἀκοντίζει,
668 4179 692 4219 et
741 4169 790 4218 Sat.
802 4186 825 4217 v.
837 4171 976 4218 ⁴traducere
988 4171 1163 4218 terrlsrrmlrras.
