2812 5010
293 295 763 388 narnnonrnosnou
787 321 879 387 nra.
903 320 934 386 r.

1094 325 1144 390 73,

96 498 242 597 Sponte
259 522 340 585 sua,
360 496 440 571 sine
457 497 554 593 lege,
574 496 688 570 fidem
705 507 927 595 rectumque
946 495 1108 579 colebat.

94 615 215 687 Poena
232 624 432 710 metusque
450 613 606 686 aberant
620 639 628 700 ;
658 635 728 685 nec
745 613 860 686 verba
875 612 1035 686 minacia
1051 613 1132 686 fixo

94 729 182 804 AEre
200 727 444 826 legebantur;
473 751 544 800 nec
563 727 725 825 supplex
742 728 853 800 turba
870 727 1055 810 timebant

92 845 115 918 J
118 845 241 920 udicis
259 869 325 920 ora
340 843 420 919 sui:
450 844 518 918 sed
535 853 642 918 erant
659 843 740 918 sine
754 844 884 941 judice
901 847 987 918 tuti.

93 961 274 1036 Nondum
291 985 391 1034 caesa
407 961 498 1047 suiS,
517 961 756 1058 peregrinum
779 970 820 1033 ut
836 961 1141 1060 viseretorbem,

93 1077 305 1165 Montibus
323 1078 362 1150 in
379 1078 541 1175 liquidas
560 1077 671 1176 pinus
689 1077 938 1152 descenderat
956 1078 1098 1168 undas;

93 1193 288 1293 Nullaque
306 1195 496 1282 mortales
517 1203 654 1292 praeter
673 1217 753 1280 sua,
772 1193 882 1267 litora
899 1204 1045 1267 norant.
1091 1197 1139 1268 96

93 1309 274 1385 Nondum
292 1310 506 1410 praecipites
525 1310 730 1408 cingebant
747 1310 888 1409 oppida
905 1309 1036 1386 fossae:

93 1425 131 1499 N
134 1451 184 1500 on
200 1427 294 1500 tuba
310 1425 455 1515 directi,
475 1451 550 1500 non
567 1425 651 1500 aeris
669 1451 810 1500 cornua
823 1426 925 1515 flexi,

93 1662 124 1711 Id
139 1670 221 1712 autem
236 1661 294 1711 dum
303 1663 391 1713 Noster
405 1664 477 1714 latius
492 1671 593 1713 tractare
642 1665 714 1730 igitur
725 1665 858 1732 subjicitur,
869 1665 911 1714 sed
921 1674 989 1715 erant
998 1665 1049 1715 sine
1060 1664 1141 1731 judice

92 1736 178 1794 voluit,
195 1737 281 1803 ineptae
296 1738 441 1803 garrulitatis
457 1738 593 1804 exemplum
643 1741 688 1790 tuti
697 1759 704 1802 ;
720 1742 851 1807 praesertim
872 1757 945 1806 quum
968 1741 1068 1790 Ovidius
1087 1757 1145 1790 voc.

91 1811 166 1861 dedit
190 1813 264 1878 Erant
274 1813 381 1863 homines
388 1814 438 1863 sine
447 1814 539 1878 legibus
547 1829 594 1862 nou
643 1818 778 1882 praecedens
787 1817 851 1866 varie
861 1824 966 1881 repetere
976 1816 1060 1873 soleat,
1070 1824 1142 1880 atque

91 1887 232 1936 metuebant
247 1903 344 1952 poenaru
360 1888 448 1952 legum,
466 1904 513 1936 non
528 1887 593 1951 lege·
644 1890 668 1939 h.
678 1891 695 1939 l.
706 1907 760 1940 curn
770 1891 794 1939 vi
804 1891 930 1955 repetitum
942 1889 1057 1938 videatur.
1087 1890 1142 1938 Ven-

91 1960 150 2008 bant
156 1961 224 2025 leges
230 1961 369 2026 propositas,
374 1971 441 2011 erant
448 1962 593 2028 sinejudice,
644 1969 695 2023 des,
709 1965 729 2015 si
745 1966 798 2030 quis
811 1965 837 2013 id
852 1964 927 2021 malit,
936 1972 1014 2030 potest
1024 1972 1049 2013 et
1059 1963 1089 2013 de
1099 1964 1144 2030 ju·

92 2047 140 2082 nou
148 2036 289 2084 mutuebant
293 2035 408 2100 judicem,
415 2036 458 2085 sed
465 2044 532 2086 erant
543 2036 594 2085 sine
643 2039 697 2089 dice
707 2049 732 2089 et
742 2040 772 2088 de
782 2039 902 2089 defensore
913 2038 975 2103 capi.

91 2107 175 2172 judice
196 2109 249 2158 tuti.
287 2110 341 2158 Hoc
360 2127 416 2159 vero
434 2119 471 2158 est
490 2109 593 2174 garriret
675 2117 717 2165 94.
734 2115 843 2163 Nondum
861 2131 916 2162 casa
931 2112 998 2176 sam]
1022 2111 1143 2177 Cl.Virg.

91 2185 214 2233 Caeterum
246 2184 353 2234 similiter
383 2184 594 2234 vetustissimorum

92 2256 215 2307 hominurn
236 2274 311 2308 mores
333 2267 400 2309 notat
419 2258 527 2316 Tacitus,
543 2258 594 2309 An·

93 2331 142 2380 nal.
152 2331 196 2380 lib.
206 2331 241 2381 iii.
251 2334 291 2381 26.

117 2407 594 2472 91.Nouembri-legebantur]Nondum

92 2478 221 2544 legeslate
231 2490 306 2531 erant.
320 2483 395 2531 Erant
401 2499 457 2546 ergo
463 2480 594 2547 ἀθέμιστοι,

91 2562 119 2604 nt
137 2554 255 2620 Cyclopes
275 2556 340 2621 apud
358 2559 456 2606 Homer.
466 2557 491 2605 d.
506 2557 524 2605 l.
555 2546 615 2607 Cf.⁰

92 2627 189 2676 Platon.
205 2628 235 2678 de
251 2629 325 2694 Legg.
337 2629 372 2678 iii.
384 2630 437 2679 init.
455 2639 479 2679 et
496 2629 594 2680 Aristot.

73 2760 84 2782 α
94 2703 159 2768 Rep.
170 2702 190 2751 i.
201 2705 225 2752 2.
242 2704 317 2770 Ieges
325 2713 394 2754 vocat
401 2704 487 2769 (etiam
498 2723 521 2755 v.
532 2704 593 2769 669)

91 2781 160 2828 verbu
173 2784 284 2837 minacia,
295 2781 352 2845 quia
364 2797 449 2847 poenas
466 2780 594 2831 minantur.

91 2853 139 2902 Hae
155 2853 219 2918 apud
237 2855 359 2904 Romanos
376 2856 403 2903 in
419 2859 485 2904 eneis
506 2856 594 2904 tabulis

91 2925 174 2976 incisae
183 2927 209 2976 iu
220 2927 347 2994 Capitolio,
359 2936 401 2977 aut
412 2929 460 2978 alio
468 2930 521 2977 loco
532 2930 593 2994 pub·

90 3001 294 3066 lico‚figebuatur,
302 3018 344 3052 seu
358 3003 522 3068 affigebantur,
531 3003 595 3052 unde

83 3077 162 3142 figere
173 3078 232 3142 leges
242 3085 266 3126 et
275 3078 378 3142 refigere,
390 3092 431 3144 pro
447 3078 506 3126 serre
516 3086 541 3126 et
552 3078 594 3126 ab·

91 3159 221 3215 rogarant
231 3152 262 3200 ab
273 3151 381 3201 omnibus
393 3154 531 3217 legerentur.

123 3226 166 3273 92.
183 3225 282 3287 Supplex
295 3229 364 3274 turba
379 3235 435 3274 sunt
450 3226 492 3282 rei,
503 3240 595 3274 eorum·

92 3315 141 3365 que
149 3298 229 3357 amici,
239 3299 280 3364 qui
289 3300 402 3349 sordidati
413 3308 437 3349 et
447 3300 527 3350 moesti
538 3316 594 3349 cau·

91 3389 145 3422 sam
155 3389 223 3422 suam
234 3373 373 3423 defendunt.
406 3374 504 3437 Simplex
518 3376 594 3430 turba,

92 3447 158 3512 quod
170 3447 231 3496 cod.
242 3448 332 3497 Douzoe
346 3456 371 3498 et
385 3449 490 3514 quinque
502 3447 595 3497 Heinsii

91 3521 216 3578 exhibent,
223 3522 373 3572 Burmannus
384 3523 462 3588 aptius
469 3523 595 3588 judicabat

89 3606 116 3646 et
133 3597 312 3646 convenientius
329 3596 459 3663 integritati
475 3598 541 3646 aurei
556 3613 594 3646 se·

91 3670 151 3720 culi.
183 3671 218 3720 At
227 3669 247 3720 si
257 3671 302 3720 huc
310 3671 429 3736 praeferas,
438 3672 512 3736 major
522 3672 594 3721 etiam

89 3743 137 3792 erit
152 3743 285 3808 tautologia
299 3745 350 3801 illa,
362 3761 433 3810 quam
447 3746 473 3794 in
488 3746 548 3794 notis
560 3745 594 3794 vi-

91 3817 263 3884 tuperavimus.
296 3819 365 3868 Male
387 3822 459 3869 etiam
478 3829 536 3869 atas
552 3819 595 3868 illa

92 3895 162 3941 turba
172 3905 305 3941 vocaretur.

125 3967 166 4015 93.
195 3965 249 4014 Siue
265 3966 370 4029 judice]
399 3965 450 4015 Diu
476 3965 592 4024 dubitavi,

91 4047 172 4088 utrum
182 4041 231 4088 sine
241 4042 340 4096 uindice,
350 4055 381 4088 an
391 4043 525 4103 siaejudtce
533 4055 594 4104 prae·

91 4113 186 4162 senem.
218 4112 316 4162 Praetuli
343 4113 441 4162 tandem
464 4113 593 4179 posterius:

91 4185 222 4251 praecessit,
245 4203 292 4237 nou
313 4195 380 4237 erant
399 4187 509 4251 judicia,
532 4194 595 4236 recte

644 2188 699 2238 Ecl.
717 2188 749 2237 iv.
764 2190 856 2248 32-383
873 2187 953 2236 Tibul.
970 2187 992 2234 Ι.
1006 2186 1041 2234 iii.
1058 2187 1145 2235 37-40.

643 2264 669 2312 N
671 2262 773 2327 avigatio
790 2278 888 2310 summae
905 2277 982 2310 aurea
996 2260 1073 2310 aetatis
1086 2260 1143 2310 sim-

644 2336 746 2402 plicitati
755 2344 778 2386 et
788 2336 918 2400 integritati
929 2336 1047 2383 nonsatis
1057 2351 1143 2384 conve·

643 2411 693 2460 nire
710 2411 842 2466 videbatur,
858 2409 944 2474 partim
962 2407 1020 2472 quia
1040 2406 1145 2457 maxime

644 2492 748 2549 quaestus
767 2498 840 2532 causa
860 2481 968 2530 instituta
992 2488 1037 2537 est,
1058 2480 1144 2545 partim

644 2555 1145 2623 quiahominumvitaminultimapericula

644 2631 748 2698 conjicit,
758 2638 831 2696 atque
847 2631 907 2679 adeo
922 2629 1038 2679 voluntati
1054 2629 1143 2679 diviua

643 2721 773 2772 repugnare
799 2705 946 2755 credebatur.
979 2706 1087 2770 Propert.
1107 2704 1145 2754 iii.

644 2781 682 2830 El.
692 2799 716 2830 v.
727 2783 756 2828 41
767 2797 820 2846 sqq.

675 2857 716 2906 95.
734 2855 829 2918 Pinus]
849 2854 950 2918 Lignum
966 2852 1105 2910 resinosum,
1118 2852 1143 2901 in

644 2931 724 2997 primis
734 2938 791 2994 apta
801 2929 933 2978 habebatur
942 2928 1044 2993 navigiis
1053 2927 1144 2977 facien-

644 3005 697 3053 dis:
715 3008 769 3061 suis,
779 3003 825 3052 sibi
838 3004 868 3052 ab
880 3002 932 3068 ipsa
942 3011 1026 3052 natura
1037 3001 1143 3066 assigna-
1163 3033 1168 3041 ·
1187 3036 1189 3040 ψ

645 3077 689 3128 tis:
705 3080 852 3143 peregrinum
860 3081 942 3135 orbem,
952 3074 1087 3142 peregrinas
1097 3083 1144 3124 ter·

644 3168 690 3202 ras.
725 3154 791 3200 Orbis
806 3168 869 3216 saepe
899 3167 936 3200 ars
947 3150 1009 3200 orbis
1020 3160 1146 3207 terrarum,

644 3234 672 3277 ut
682 3227 709 3275 ii.
717 3228 774 3277 254.
786 3227 850 3284 3⁶22;
867 3168 944 3275 ulcis.
954 3224 1003 3274 An.
1009 3223 1034 3272 ii.
1042 3225 1067 3272 2.
1095 3225 1142 3272 De-

643 3305 771 3352 accederat.
799 3299 890 3348 Statius
908 3299 951 3348 Sil.
967 3298 992 3346 ii.
1009 3301 1035 3347 2.
1052 3300 1077 3347 6.
1094 3301 1143 3347 28:

643 3381 729 3426 invitus
736 3378 818 3438 dejecit
828 3377 855 3422 in
863 3391 951 3437 equora
958 3376 1035 3436 pirrus.
1061 3373 1145 3437 Liqui-

643 3455 693 3507 dus,
706 3450 780 3516 epitb.
790 3465 885 3497 ornans.

675 3525 775 3574 97-100.
793 3523 902 3570 Nondum
911 3517 1056 3587 precipites]
1075 3519 1143 3566 Non·

644 3598 701 3647 dum
729 3598 796 3647 bella
828 3596 976 3661 gerebantur.
1022 3591 1144 3642 Vivebaut

644 3673 741 3737 ἥσυχοι,
756 3685 816 3737 pace
831 3672 944 3718 fruentes.
977 3665 1078 3716 Hesiod.
1090 3680 1142 3716 ver.

645 3748 707 3805 1203
721 3745 802 3794 Tibul.
812 3745 833 3792 1.
844 3744 877 3792 iii.
888 3744 935 3791 47:
949 3742 1002 3789 Noa
1019 3742 1085 3797 urim,
1097 3758 1144 3788 nou

643 3823 680 3868 ira
688 3822 752 3885 fait,
762 3837 807 3867 nou
825 3820 900 3875 bella,
916 3832 957 3864 nee
975 3832 1047 3864 ensem
1057 3815 1144 3862 lmmt'ti

642 3909 712 3941 saeous
721 3895 819 3941 duxerat
829 3891 970 3957 artefaber3
981 3888 998 3937 i.
1007 3905 1031 3936 x.
1039 3890 1055 3938 9
1064 3909 1070 3937 ι
1089 3888 1144 3936 Nou

644 3983 714 4023 arem,
724 3983 769 4014 uon
780 3967 855 4013 uellus
864 3973 923 4012 erat.
942 3964 1081 4024 Pracipites,
1088 3977 1143 4026 pro·

643 4039 733 4089 fundae.

676 4116 716 4162 93.
736 4114 799 4162 Tubu
809 4115 892 4161 directi
901 4112 973 4175 eris]
987 4111 1069 4160 Turba
1078 4118 1142 4159 recta

645 4204 673 4237 ex
683 4204 738 4238 rere.
757 4186 870 4238 Juvenal.
878 4186 904 4236 ii.
916 4187 974 4234 117:
992 4195 1053 4235 recto
1063 4193 1143 4233 casta·
