<?xml version="1.0" encoding="UTF-8"?>
<!DOCTYPE html PUBLIC "-//W3C//DTD XHTML 1.0 Transitional//EN"
    "http://www.w3.org/TR/xhtml1/DTD/xhtml1-transitional.dtd">
<html xmlns="http://www.w3.org/1999/xhtml" xml:lang="en" lang="en">
 <head>
  <title>
</title>
<meta http-equiv="Content-Type" content="text/html;charset=utf-8" />
  <meta name='ocr-system' content='tesseract 3.04.00' />
  <meta name='ocr-capabilities' content='ocr_page ocr_carea ocr_par ocr_line ocrx_word'/>
</head>
<body>
  <div class='ocr_page' id='page_1' title='image "./povidiinasoniso04burmgoog_0346.png"; bbox 0 0 2812 5010; ppageno 0'>
   <div class='ocr_carea' id='block_1_1' title="bbox 381 323 1239 406">
    <p class='ocr_par' dir='ltr' id='par_1_1' title="bbox 381 323 1239 406">
     <span class='ocr_line' id='line_1_1' title="bbox 381 323 1239 406; baseline 0.009 -8"><span class='ocrx_word' id='word_1_1' title='bbox 381 331 852 399; x_wconf 74' lang='lat' dir='ltr'>unranoneuosnon</span> <span class='ocrx_word' id='word_1_2' title='bbox 876 335 966 399; x_wconf 82' lang='lat' dir='ltr'>nm.</span> <span class='ocrx_word' id='word_1_3' title='bbox 992 337 1061 401; x_wconf 55' lang='lat' dir='ltr'>v.»</span> <span class='ocrx_word' id='word_1_4' title='bbox 1170 323 1239 406; x_wconf 74' lang='lat' dir='ltr'>sss</span> 
     </span>
    </p>
   </div>
   <div class='ocr_carea' id='block_1_2' title="bbox 171 506 1313 2358">
    <p class='ocr_par' dir='ltr' id='par_1_2' title="bbox 171 506 1313 2358">
     <span class='ocr_line' id='line_1_2' title="bbox 183 506 1109 608; baseline 0.005 -27"><span class='ocrx_word' id='word_1_5' title='bbox 183 508 236 582; x_wconf 87' lang='lat' dir='ltr'>At</span> <span class='ocrx_word' id='word_1_6' title='bbox 254 533 328 591; x_wconf 82' lang='lat' dir='ltr'>non</span> <span class='ocrx_word' id='word_1_7' title='bbox 347 507 553 583; x_wconf 83' lang='lat' dir='ltr'><strong>Actoriden</strong></span> <span class='ocrx_word' id='word_1_8' title='bbox 572 506 741 594; x_wconf 88' lang='lat' dir='ltr'>Erithon,</span> <span class='ocrx_word' id='word_1_9' title='bbox 761 508 823 582; x_wconf 92' lang='lat' dir='ltr'>cui</span> <span class='ocrx_word' id='word_1_10' title='bbox 841 509 918 582; x_wconf 88' lang='lat' dir='ltr'>lata</span> <span class='ocrx_word' id='word_1_11' title='bbox 935 509 1109 608; x_wconf 82' lang='lat' dir='ltr'>bipennis</span> 
     </span>
     <span class='ocr_line' id='line_1_3' title="bbox 182 625 1209 723; baseline 0.007 -25"><span class='ocrx_word' id='word_1_12' title='bbox 182 625 318 707; x_wconf 84' lang='lat' dir='ltr'><strong>Telum</strong></span> <span class='ocrx_word' id='word_1_13' title='bbox 332 637 423 712; x_wconf 89' lang='lat' dir='ltr'>erat,</span> <span class='ocrx_word' id='word_1_14' title='bbox 443 626 593 703; x_wconf 86' lang='lat' dir='ltr'>hamato</span> <span class='ocrx_word' id='word_1_15' title='bbox 608 625 773 700; x_wconf 89' lang='lat' dir='ltr'>Perseus</span> <span class='ocrx_word' id='word_1_16' title='bbox 792 625 887 723; x_wconf 89' lang='lat' dir='ltr'>petit</span> <span class='ocrx_word' id='word_1_17' title='bbox 904 650 1017 715; x_wconf 84' lang='lat' dir='ltr'>ense3</span> <span class='ocrx_word' id='word_1_18' title='bbox 1038 629 1106 703; x_wconf 87' lang='lat' dir='ltr'>sed</span> <span class='ocrx_word' id='word_1_19' title='bbox 1124 631 1209 705; x_wconf 86' lang='lat' dir='ltr'>altis</span> 
     </span>
     <span class='ocr_line' id='line_1_4' title="bbox 183 737 1228 842; baseline 0.009 -29"><span class='ocrx_word' id='word_1_20' title='bbox 183 737 391 828; x_wconf 80' lang='lat' dir='ltr'>Extantem</span> <span class='ocrx_word' id='word_1_21' title='bbox 404 742 534 839; x_wconf 66' lang='lat' dir='ltr'>signis</span> <span class='ocrx_word' id='word_1_22' title='bbox 545 741 752 842; x_wconf 80' lang='lat' dir='ltr'>multaeque</span> <span class='ocrx_word' id='word_1_23' title='bbox 770 741 808 814; x_wconf 91' lang='lat' dir='ltr'>in</span> <span class='ocrx_word' id='word_1_24' title='bbox 821 742 990 839; x_wconf 89' lang='lat' dir='ltr'>pondere</span> <span class='ocrx_word' id='word_1_25' title='bbox 1000 767 1147 836; x_wconf 72' lang='lat' dir='ltr'>massae,</span> <span class='ocrx_word' id='word_1_26' title='bbox 1185 753 1228 822; x_wconf 85' lang='grc'>81</span> 
     </span>
     <span class='ocr_line' id='line_1_5' title="bbox 182 857 1039 954; baseline 0.005 -25"><span class='ocrx_word' id='word_1_27' title='bbox 182 857 382 954; x_wconf 81' lang='lat' dir='ltr'>Ingentem</span> <span class='ocrx_word' id='word_1_28' title='bbox 401 858 573 932; x_wconf 86' lang='lat' dir='ltr'>manibus</span> <span class='ocrx_word' id='word_1_29' title='bbox 591 857 692 930; x_wconf 88' lang='lat' dir='ltr'>tollit</span> <span class='ocrx_word' id='word_1_30' title='bbox 705 866 853 932; x_wconf 86' lang='lat' dir='ltr'>cratera</span> <span class='ocrx_word' id='word_1_31' title='bbox 868 859 1039 948; x_wconf 79' lang='lat' dir='ltr'>duabus3</span> 
     </span>
     <span class='ocr_line' id='line_1_6' title="bbox 182 972 1142 1074; baseline 0.006 -29"><span class='ocrx_word' id='word_1_32' title='bbox 182 972 417 1074; x_wconf 79' lang='lat' dir='ltr'>infregitque</span> <span class='ocrx_word' id='word_1_33' title='bbox 433 975 533 1049; x_wconf 87' lang='lat' dir='ltr'>viro:</span> <span class='ocrx_word' id='word_1_34' title='bbox 562 973 717 1047; x_wconf 91' lang='lat' dir='ltr'>rutilum</span> <span class='ocrx_word' id='word_1_35' title='bbox 734 976 851 1048; x_wconf 82' lang='lat' dir='ltr'>vomit</span> <span class='ocrx_word' id='word_1_36' title='bbox 867 975 931 1049; x_wconf 88' lang='lat' dir='ltr'>ille</span> <span class='ocrx_word' id='word_1_37' title='bbox 949 1000 1142 1067; x_wconf 83' lang='lat' dir='ltr'>cruorem3</span> 
     </span>
     <span class='ocr_line' id='line_1_7' title="bbox 182 1088 1175 1192; baseline 0.007 -30"><span class='ocrx_word' id='word_1_38' title='bbox 182 1088 233 1163; x_wconf 87' lang='lat' dir='ltr'>Et</span> <span class='ocrx_word' id='word_1_39' title='bbox 250 1092 450 1190; x_wconf 77' lang='lat' dir='ltr'>resupinus</span> <span class='ocrx_word' id='word_1_40' title='bbox 468 1091 624 1165; x_wconf 91' lang='lat' dir='ltr'>humum</span> <span class='ocrx_word' id='word_1_41' title='bbox 641 1090 865 1167; x_wconf 90' lang='lat' dir='ltr'>moribundo</span> <span class='ocrx_word' id='word_1_42' title='bbox 881 1092 1021 1167; x_wconf 86' lang='lat' dir='ltr'>vertice</span> <span class='ocrx_word' id='word_1_43' title='bbox 1039 1092 1175 1192; x_wconf 84' lang='lat' dir='ltr'>pulsat.</span> 
     </span>
     <span class='ocr_line' id='line_1_8' title="bbox 182 1205 1233 1306; baseline 0.01 -29"><span class='ocrx_word' id='word_1_44' title='bbox 182 1205 278 1281; x_wconf 91' lang='lat' dir='ltr'>Inde</span> <span class='ocrx_word' id='word_1_45' title='bbox 291 1207 512 1282; x_wconf 82' lang='lat' dir='ltr'>Semiramio</span> <span class='ocrx_word' id='word_1_46' title='bbox 523 1208 798 1306; x_wconf 81' lang='lat' dir='ltr'>Polydaemona</span> <span class='ocrx_word' id='word_1_47' title='bbox 812 1208 993 1305; x_wconf 86' lang='lat' dir='ltr'>sanguine</span> <span class='ocrx_word' id='word_1_48' title='bbox 1008 1219 1165 1296; x_wconf 86' lang='lat' dir='ltr'>cretum,</span> <span class='ocrx_word' id='word_1_49' title='bbox 1185 1216 1233 1288; x_wconf 87' lang='grc'>85</span> 
     </span>
     <span class='ocr_line' id='line_1_9' title="bbox 182 1322 1313 1425; baseline 0.004 -28"><span class='ocrx_word' id='word_1_50' title='bbox 182 1322 491 1421; x_wconf 84' lang='lat' dir='ltr'>Caucasiumque</span> <span class='ocrx_word' id='word_1_51' title='bbox 525 1323 680 1410; x_wconf 80' lang='lat' dir='ltr'>Abarin,</span> <span class='ocrx_word' id='word_1_52' title='bbox 710 1323 1086 1423; x_wconf 76' lang='lat' dir='ltr'>Sperchionidenque</span> <span class='ocrx_word' id='word_1_53' title='bbox 1113 1325 1233 1425; x_wconf 88' lang='lat' dir='ltr'>Lyce·</span> <span class='ocrx_word' id='word_1_54' title='bbox 1309 1382 1313 1390; x_wconf 83' lang='lat'><em>·</em></span> 
     </span>
     <span class='ocr_line' id='line_1_10' title="bbox 331 1443 1235 1541; baseline 0.004 -28"><span class='ocrx_word' id='word_1_55' title='bbox 331 1449 426 1527; x_wconf 88' lang='lat' dir='ltr'>tum,</span> <span class='ocrx_word' id='word_1_56' title='bbox 1058 1443 1235 1541; x_wconf 89' lang='lat' dir='ltr'>[tumque</span> 
     </span>
     <span class='ocr_line' id='line_1_11' title="bbox 182 1553 1232 1659; baseline 0.008 -33"><span class='ocrx_word' id='word_1_57' title='bbox 182 1554 457 1654; x_wconf 86' lang='lat' dir='ltr'>lutonsumqne</span> <span class='ocrx_word' id='word_1_58' title='bbox 480 1579 609 1630; x_wconf 88' lang='lat' dir='ltr'>comas</span> <span class='ocrx_word' id='word_1_59' title='bbox 623 1570 625 1576; x_wconf 81' lang='grc'><em>’</em></span> <span class='ocrx_word' id='word_1_60' title='bbox 638 1553 797 1654; x_wconf 73' lang='lat' dir='ltr'>erycen,</span> <span class='ocrx_word' id='word_1_61' title='bbox 826 1555 1114 1656; x_wconf 84' lang='lat' dir='ltr'>Phlegiamque,</span> <span class='ocrx_word' id='word_1_62' title='bbox 1141 1560 1232 1659; x_wconf 83' lang='lat' dir='ltr'>Oly-</span> 
     </span>
     <span class='ocr_line' id='line_1_12' title="bbox 171 1670 1214 1771; baseline 0.008 -27"><span class='ocrx_word' id='word_1_63' title='bbox 171 1670 347 1761; x_wconf 88' lang='lat' dir='ltr'>.Sternit;</span> <span class='ocrx_word' id='word_1_64' title='bbox 376 1683 417 1748; x_wconf 81' lang='lat' dir='ltr'>et</span> <span class='ocrx_word' id='word_1_65' title='bbox 434 1673 648 1748; x_wconf 85' lang='lat' dir='ltr'>adstructos</span> <span class='ocrx_word' id='word_1_66' title='bbox 666 1673 892 1771; x_wconf 86' lang='lat' dir='ltr'>morientum</span> <span class='ocrx_word' id='word_1_67' title='bbox 909 1674 1032 1748; x_wconf 84' lang='lat' dir='ltr'>calcat</span> <span class='ocrx_word' id='word_1_68' title='bbox 1048 1698 1214 1752; x_wconf 85' lang='lat' dir='ltr'>acervos.</span> 
     </span>
     <span class='ocr_line' id='line_1_13' title="bbox 185 1787 1139 1882; baseline 0.004 -21"><span class='ocrx_word' id='word_1_69' title='bbox 185 1787 266 1861; x_wconf 89' lang='lat' dir='ltr'>Nec</span> <span class='ocrx_word' id='word_1_70' title='bbox 285 1787 454 1862; x_wconf 89' lang='lat' dir='ltr'>Phineus</span> <span class='ocrx_word' id='word_1_71' title='bbox 468 1813 582 1862; x_wconf 86' lang='lat' dir='ltr'>ausus</span> <span class='ocrx_word' id='word_1_72' title='bbox 600 1813 821 1864; x_wconf 88' lang='lat' dir='ltr'>concurrere</span> <span class='ocrx_word' id='word_1_73' title='bbox 839 1790 1009 1865; x_wconf 89' lang='lat' dir='ltr'>cominus</span> <span class='ocrx_word' id='word_1_74' title='bbox 1027 1792 1139 1882; x_wconf 87' lang='lat' dir='ltr'>hosti,</span> 
     </span>
     <span class='ocr_line' id='line_1_14' title="bbox 179 1903 1232 2004; baseline 0.004 -24"><span class='ocrx_word' id='word_1_75' title='bbox 179 1903 381 2002; x_wconf 88' lang='lat' dir='ltr'>Intorquet</span> <span class='ocrx_word' id='word_1_76' title='bbox 390 1906 581 2004; x_wconf 86' lang='lat' dir='ltr'>jaculum:</span> <span class='ocrx_word' id='word_1_77' title='bbox 610 1907 714 2004; x_wconf 92' lang='lat' dir='ltr'>quod</span> <span class='ocrx_word' id='word_1_78' title='bbox 729 1906 866 1981; x_wconf 88' lang='lat' dir='ltr'>detulit</span> <span class='ocrx_word' id='word_1_79' title='bbox 882 1931 983 1983; x_wconf 84' lang='lat' dir='ltr'>error</span> <span class='ocrx_word' id='word_1_80' title='bbox 996 1909 1035 1981; x_wconf 89' lang='lat' dir='ltr'>in</span> <span class='ocrx_word' id='word_1_81' title='bbox 1053 1903 1162 1998; x_wconf 84' lang='lat' dir='ltr'>Idan,</span> <span class='ocrx_word' id='word_1_82' title='bbox 1183 1915 1232 1984; x_wconf 93' lang='grc'>90</span> 
     </span>
     <span class='ocr_line' id='line_1_15' title="bbox 181 2020 1229 2123; baseline 0.005 -27"><span class='ocrx_word' id='word_1_83' title='bbox 181 2020 389 2120; x_wconf 87' lang='lat' dir='ltr'>Expertem</span> <span class='ocrx_word' id='word_1_84' title='bbox 406 2023 545 2099; x_wconf 84' lang='lat' dir='ltr'>frustra</span> <span class='ocrx_word' id='word_1_85' title='bbox 561 2024 666 2118; x_wconf 80' lang='lat' dir='ltr'>belli,</span> <span class='ocrx_word' id='word_1_86' title='bbox 682 2034 723 2098; x_wconf 87' lang='lat' dir='ltr'>et</span> <span class='ocrx_word' id='word_1_87' title='bbox 741 2034 876 2098; x_wconf 84' lang='lat' dir='ltr'>neutra</span> <span class='ocrx_word' id='word_1_88' title='bbox 892 2045 995 2100; x_wconf 87' lang='lat' dir='ltr'>arma</span> <span class='ocrx_word' id='word_1_89' title='bbox 1013 2037 1229 2123; x_wconf 86' lang='lat' dir='ltr'>sequutum.</span> 
     </span>
     <span class='ocr_line' id='line_1_16' title="bbox 181 2137 1230 2237; baseline 0.007 -27"><span class='ocrx_word' id='word_1_90' title='bbox 181 2137 252 2213; x_wconf 91' lang='lat' dir='ltr'>Ille</span> <span class='ocrx_word' id='word_1_91' title='bbox 270 2149 381 2214; x_wconf 87' lang='lat' dir='ltr'>tuens</span> <span class='ocrx_word' id='word_1_92' title='bbox 398 2140 517 2214; x_wconf 74' lang='lat' dir='ltr'>oculis</span> <span class='ocrx_word' id='word_1_93' title='bbox 542 2140 724 2215; x_wconf 89' lang='lat' dir='ltr'>immitem</span> <span class='ocrx_word' id='word_1_94' title='bbox 743 2141 890 2216; x_wconf 82' lang='lat' dir='ltr'>Phinea</span> <span class='ocrx_word' id='word_1_95' title='bbox 905 2142 1032 2229; x_wconf 76' lang='lat' dir='ltr'>torviS,</span> <span class='ocrx_word' id='word_1_96' title='bbox 1052 2142 1230 2237; x_wconf 70' lang='lat' dir='ltr'>[Phineu</span> 
     </span>
     <span class='ocr_line' id='line_1_17' title="bbox 180 2254 1227 2358; baseline 0.003 -29"><span class='ocrx_word' id='word_1_97' title='bbox 180 2263 205 2292; x_wconf 92' lang='lat'><strong>“</strong></span> <span class='ocrx_word' id='word_1_98' title='bbox 221 2254 540 2355; x_wconf 80' lang='lat' dir='ltr'>Quandoquidem</span> <span class='ocrx_word' id='word_1_99' title='bbox 552 2257 590 2331; x_wconf 93' lang='lat' dir='ltr'>in</span> <span class='ocrx_word' id='word_1_100' title='bbox 601 2257 766 2356; x_wconf 76' lang='lat' dir='ltr'>parteS,’&#39;</span> <span class='ocrx_word' id='word_1_101' title='bbox 782 2257 845 2344; x_wconf 85' lang='lat' dir='ltr'>ait,</span> <span class='ocrx_word' id='word_1_102' title='bbox 860 2265 883 2296; x_wconf 77' lang='lat'>‘⁶</span> <span class='ocrx_word' id='word_1_103' title='bbox 898 2256 1075 2343; x_wconf 83' lang='lat' dir='ltr'>attrahor,</span> <span class='ocrx_word' id='word_1_104' title='bbox 1084 2258 1227 2358; x_wconf 84' lang='lat' dir='ltr'>accipe,</span> 
     </span>
    </p>
   </div>
   <div class='ocr_carea' id='block_1_3' title="bbox 168 2415 1287 4263">
    <p class='ocr_par' dir='ltr' id='par_1_3' title="bbox 168 2415 1287 4263">
     <span class='ocr_line' id='line_1_18' title="bbox 213 2415 1231 2487; baseline 0.005 -22"><span class='ocrx_word' id='word_1_105' title='bbox 213 2418 253 2467; x_wconf 89' lang='grc'>79.</span> <span class='ocrx_word' id='word_1_106' title='bbox 265 2417 482 2480; x_wconf 61' lang='lat' dir='ltr'>semianimis</span> <span class='ocrx_word' id='word_1_107' title='bbox 500 2415 596 2487; x_wconf 77' lang='lat' dir='ltr'>anceps,</span> <span class='ocrx_word' id='word_1_108' title='bbox 609 2419 680 2472; x_wconf 77' lang='grc' dir='ltr'>πέλε·</span> <span class='ocrx_word' id='word_1_109' title='bbox 762 2423 803 2471; x_wconf 85' lang='grc'><strong>33.</strong></span> <span class='ocrx_word' id='word_1_110' title='bbox 825 2423 958 2478; x_wconf 76' lang='lat' dir='ltr'>Adstruere,</span> <span class='ocrx_word' id='word_1_111' title='bbox 978 2427 1076 2477; x_wconf 85' lang='lat' dir='ltr'>struere,</span> <span class='ocrx_word' id='word_1_112' title='bbox 1101 2419 1231 2471; x_wconf 85' lang='lat' dir='ltr'>cumulare.</span> 
     </span>
     <span class='ocr_line' id='line_1_19' title="bbox 179 2490 1229 2561; baseline 0.002 -19"><span class='ocrx_word' id='word_1_113' title='bbox 179 2503 223 2549; x_wconf 76' lang='grc' dir='ltr'>κυς</span> <span class='ocrx_word' id='word_1_114' title='bbox 247 2490 369 2559; x_wconf 81' lang='grc' dir='ltr'>δίστομος,</span> <span class='ocrx_word' id='word_1_115' title='bbox 388 2492 501 2560; x_wconf 77' lang='grc' dir='ltr'>σάγαρις,</span> <span class='ocrx_word' id='word_1_116' title='bbox 522 2511 571 2560; x_wconf 85' lang='lat' dir='ltr'>qua</span> <span class='ocrx_word' id='word_1_117' title='bbox 596 2504 680 2560; x_wconf 74' lang='lat' dir='ltr'>gentes</span> <span class='ocrx_word' id='word_1_118' title='bbox 731 2497 828 2545; x_wconf 77' lang='lat' dir='ltr'>Calcare</span> <span class='ocrx_word' id='word_1_119' title='bbox 847 2509 952 2561; x_wconf 82' lang='lat' dir='ltr'>corpora,</span> <span class='ocrx_word' id='word_1_120' title='bbox 969 2493 995 2543; x_wconf 91' lang='lat' dir='ltr'>in</span> <span class='ocrx_word' id='word_1_121' title='bbox 1012 2494 1094 2559; x_wconf 86' lang='lat' dir='ltr'>primis</span> <span class='ocrx_word' id='word_1_122' title='bbox 1112 2503 1184 2560; x_wconf 88' lang='lat' dir='ltr'>caput</span> <span class='ocrx_word' id='word_1_123' title='bbox 1204 2502 1229 2544; x_wconf 87' lang='lat' dir='ltr'>et</span> 
     </span>
     <span class='ocr_line' id='line_1_20' title="bbox 179 2565 1230 2635; baseline 0.003 -21"><span class='ocrx_word' id='word_1_124' title='bbox 179 2565 300 2629; x_wconf 80' lang='lat' dir='ltr'>quaedam,</span> <span class='ocrx_word' id='word_1_125' title='bbox 319 2577 347 2616; x_wconf 86' lang='lat' dir='ltr'>nt</span> <span class='ocrx_word' id='word_1_126' title='bbox 367 2569 509 2627; x_wconf 81' lang='lat' dir='ltr'>Amazones,</span> <span class='ocrx_word' id='word_1_127' title='bbox 528 2570 580 2620; x_wconf 87' lang='lat' dir='ltr'>loco</span> <span class='ocrx_word' id='word_1_128' title='bbox 604 2570 679 2635; x_wconf 82' lang='lat' dir='ltr'>gladii</span> <span class='ocrx_word' id='word_1_129' title='bbox 729 2570 855 2626; x_wconf 83' lang='lat' dir='ltr'>cervicem,</span> <span class='ocrx_word' id='word_1_130' title='bbox 871 2584 885 2618; x_wconf 91' lang='lat' dir='ltr'>e</span> <span class='ocrx_word' id='word_1_131' title='bbox 902 2567 991 2618; x_wconf 82' lang='lat' dir='ltr'>ferocia</span> <span class='ocrx_word' id='word_1_132' title='bbox 1008 2568 1124 2617; x_wconf 79' lang='lat' dir='ltr'>victorum</span> <span class='ocrx_word' id='word_1_133' title='bbox 1142 2569 1230 2632; x_wconf 86' lang='lat' dir='ltr'>prisco·</span> 
     </span>
     <span class='ocr_line' id='line_1_21' title="bbox 179 2636 1227 2709; baseline 0.003 -22"><span class='ocrx_word' id='word_1_134' title='bbox 179 2641 316 2690; x_wconf 83' lang='lat' dir='ltr'>utebantur.</span> <span class='ocrx_word' id='word_1_135' title='bbox 326 2640 385 2691; x_wconf 87' lang='lat' dir='ltr'>AEn.</span> <span class='ocrx_word' id='word_1_136' title='bbox 393 2643 427 2691; x_wconf 83' lang='lat' dir='ltr'>xi.</span> <span class='ocrx_word' id='word_1_137' title='bbox 438 2636 495 2693; x_wconf 76' lang='lat'>651.</span> <span class='ocrx_word' id='word_1_138' title='bbox 526 2640 612 2693; x_wconf 80' lang='lat' dir='ltr'>Forma</span> <span class='ocrx_word' id='word_1_139' title='bbox 628 2643 680 2709; x_wconf 72' lang='lat' dir='ltr'>ejus</span> <span class='ocrx_word' id='word_1_140' title='bbox 728 2652 789 2693; x_wconf 76' lang='lat' dir='ltr'>sum.</span> <span class='ocrx_word' id='word_1_141' title='bbox 821 2641 914 2691; x_wconf 76' lang='lat' dir='ltr'>Passim</span> <span class='ocrx_word' id='word_1_142' title='bbox 935 2640 999 2707; x_wconf 86' lang='lat' dir='ltr'>apud</span> <span class='ocrx_word' id='word_1_143' title='bbox 1021 2641 1162 2698; x_wconf 86' lang='lat' dir='ltr'>Homerum,</span> <span class='ocrx_word' id='word_1_144' title='bbox 1179 2641 1227 2698; x_wconf 72' lang='grc' dir='ltr'>λὰξ</span> 
     </span>
     <span class='ocr_line' id='line_1_22' title="bbox 176 2715 1229 2784; baseline 0.005 -24"><span class='ocrx_word' id='word_1_145' title='bbox 176 2728 289 2779; x_wconf 86' lang='lat' dir='ltr'>expressa</span> <span class='ocrx_word' id='word_1_146' title='bbox 297 2715 321 2764; x_wconf 92' lang='lat' dir='ltr'>in</span> <span class='ocrx_word' id='word_1_147' title='bbox 334 2715 414 2766; x_wconf 81' lang='lat' dir='ltr'>multis</span> <span class='ocrx_word' id='word_1_148' title='bbox 424 2718 591 2767; x_wconf 88' lang='lat' dir='ltr'>monumentis.</span> <span class='ocrx_word' id='word_1_149' title='bbox 618 2717 677 2768; x_wconf 92' lang='lat' dir='ltr'>Vid.</span> <span class='ocrx_word' id='word_1_150' title='bbox 729 2716 939 2784; x_wconf 60' lang='lat' dir='ltr'>ambulassent</span> <span class='ocrx_word' id='word_1_151' title='bbox 952 2717 1000 2773; x_wconf 73' lang='grc' dir='ltr'>λὰξ</span> <span class='ocrx_word' id='word_1_152' title='bbox 1015 2715 1042 2767; x_wconf 69' lang='grc' dir='ltr'>ἐν</span> <span class='ocrx_word' id='word_1_153' title='bbox 1059 2715 1160 2777; x_wconf 78' lang='grc' dir='ltr'>στήθεσι</span> <span class='ocrx_word' id='word_1_154' title='bbox 1172 2716 1229 2780; x_wconf 65' lang='lat' dir='ltr'>pal·</span> 
     </span>
     <span class='ocr_line' id='line_1_23' title="bbox 178 2787 1229 2853; baseline 0.005 -19"><span class='ocrx_word' id='word_1_155' title='bbox 178 2787 319 2838; x_wconf 83' lang='lat' dir='ltr'>Montefalc.</span> <span class='ocrx_word' id='word_1_156' title='bbox 337 2791 388 2839; x_wconf 85' lang='lat' dir='ltr'>tab.</span> <span class='ocrx_word' id='word_1_157' title='bbox 406 2807 445 2841; x_wconf 88' lang='lat' dir='ltr'>cx.</span> <span class='ocrx_word' id='word_1_158' title='bbox 462 2809 487 2840; x_wconf 92' lang='lat' dir='ltr'>n.</span> <span class='ocrx_word' id='word_1_159' title='bbox 504 2793 529 2841; x_wconf 89' lang='grc'>7.</span> <span class='ocrx_word' id='word_1_160' title='bbox 565 2793 679 2842; x_wconf 74' lang='lat' dir='ltr'>Humerus</span> <span class='ocrx_word' id='word_1_161' title='bbox 729 2810 773 2842; x_wconf 84' lang='grc' dir='ltr'>νει.</span> <span class='ocrx_word' id='word_1_162' title='bbox 802 2791 900 2840; x_wconf 88' lang='lat' dir='ltr'>AEneid.</span> <span class='ocrx_word' id='word_1_163' title='bbox 922 2807 946 2839; x_wconf 86' lang='lat' dir='ltr'>x.</span> <span class='ocrx_word' id='word_1_164' title='bbox 968 2791 1035 2843; x_wconf 62' lang='lat'>495³</span> <span class='ocrx_word' id='word_1_165' title='bbox 1066 2791 1118 2838; x_wconf 76' lang='lat' dir='ltr'>levo</span> <span class='ocrx_word' id='word_1_166' title='bbox 1148 2793 1229 2853; x_wconf 80' lang='lat' dir='ltr'>pressit</span> 
     </span>
     <span class='ocr_line' id='line_1_24' title="bbox 177 2863 1227 2928; baseline 0.004 -18"><span class='ocrx_word' id='word_1_167' title='bbox 177 2865 244 2920; x_wconf 70' lang='lat' dir='ltr'>enm,</span> <span class='ocrx_word' id='word_1_168' title='bbox 266 2863 421 2928; x_wconf 67' lang='lat' dir='ltr'>sarpanas</span> <span class='ocrx_word' id='word_1_169' title='bbox 443 2865 476 2914; x_wconf 91' lang='lat' dir='ltr'>iv.</span> <span class='ocrx_word' id='word_1_170' title='bbox 499 2866 554 2916; x_wconf 89' lang='grc'><strong>719.</strong></span> <span class='ocrx_word' id='word_1_171' title='bbox 599 2867 678 2925; x_wconf 56' lang='lat' dir='ltr'>Attin</span> <span class='ocrx_word' id='word_1_172' title='bbox 727 2865 957 2928; x_wconf 74' lang='lat' dir='ltr'>pede-Exanimem.</span> <span class='ocrx_word' id='word_1_173' title='bbox 991 2863 1055 2913; x_wconf 90' lang='lat' dir='ltr'>Hinc</span> <span class='ocrx_word' id='word_1_174' title='bbox 1072 2871 1097 2912; x_wconf 87' lang='lat' dir='ltr'>et</span> <span class='ocrx_word' id='word_1_175' title='bbox 1113 2863 1139 2912; x_wconf 90' lang='lat' dir='ltr'>in</span> <span class='ocrx_word' id='word_1_176' title='bbox 1155 2880 1227 2914; x_wconf 85' lang='lat' dir='ltr'>vens-</span> 
     </span>
     <span class='ocr_line' id='line_1_25' title="bbox 178 2936 1287 3011; baseline 0.003 -26"><span class='ocrx_word' id='word_1_177' title='bbox 178 2937 226 2986; x_wconf 81' lang='lat' dir='ltr'>aite</span> <span class='ocrx_word' id='word_1_178' title='bbox 246 2936 405 2988; x_wconf 82' lang='lat' dir='ltr'>eminentibus</span> <span class='ocrx_word' id='word_1_179' title='bbox 420 2938 493 3004; x_wconf 82' lang='lat' dir='ltr'>signis</span> <span class='ocrx_word' id='word_1_180' title='bbox 511 2948 535 2989; x_wconf 89' lang='lat' dir='ltr'>et</span> <span class='ocrx_word' id='word_1_181' title='bbox 553 2940 679 2991; x_wconf 71' lang='lat' dir='ltr'>caelaturis.</span> <span class='ocrx_word' id='word_1_182' title='bbox 729 2939 793 2988; x_wconf 84' lang='lat' dir='ltr'>tione</span> <span class='ocrx_word' id='word_1_183' title='bbox 804 2939 860 2987; x_wconf 79' lang='lat' dir='ltr'>ferse</span> <span class='ocrx_word' id='word_1_184' title='bbox 870 2936 996 2987; x_wconf 86' lang='lat' dir='ltr'>nobiliores</span> <span class='ocrx_word' id='word_1_185' title='bbox 1009 2943 1088 2986; x_wconf 76' lang='lat' dir='ltr'>strate</span> <span class='ocrx_word' id='word_1_186' title='bbox 1099 2938 1227 2988; x_wconf 87' lang='lat' dir='ltr'>calcabsn·</span> <span class='ocrx_word' id='word_1_187' title='bbox 1283 3004 1287 3011; x_wconf 40' lang='lat'>,</span> 
     </span>
     <span class='ocr_line' id='line_1_26' title="bbox 179 3009 1238 3080; baseline 0.002 -22"><span class='ocrx_word' id='word_1_188' title='bbox 179 3011 295 3059; x_wconf 69' lang='lat' dir='ltr'>Multam</span> <span class='ocrx_word' id='word_1_189' title='bbox 308 3016 587 3075; x_wconf 79' lang='lat' dir='ltr'>ponderemassu,msssa</span> <span class='ocrx_word' id='word_1_190' title='bbox 598 3014 679 3080; x_wconf 83' lang='lat' dir='ltr'>magni</span> <span class='ocrx_word' id='word_1_191' title='bbox 729 3020 775 3062; x_wconf 84' lang='lat' dir='ltr'>tur.</span> <span class='ocrx_word' id='word_1_192' title='bbox 794 3012 844 3061; x_wconf 88' lang='lat' dir='ltr'>viii.</span> <span class='ocrx_word' id='word_1_193' title='bbox 855 3012 920 3060; x_wconf 78' lang='lat'>.425.</span> <span class='ocrx_word' id='word_1_194' title='bbox 954 3009 1017 3059; x_wconf 86' lang='lat' dir='ltr'>Vide</span> <span class='ocrx_word' id='word_1_195' title='bbox 1039 3009 1173 3061; x_wconf 81' lang='lat' dir='ltr'>Bruckhus.</span> <span class='ocrx_word' id='word_1_196' title='bbox 1196 3011 1238 3060; x_wconf 80' lang='lat' dir='ltr'>sd&#39;</span> 
     </span>
     <span class='ocr_line' id='line_1_27' title="bbox 179 3083 1228 3154; baseline 0.001 -21"><span class='ocrx_word' id='word_1_197' title='bbox 179 3084 297 3148; x_wconf 86' lang='lat' dir='ltr'>ponderis.</span> <span class='ocrx_word' id='word_1_198' title='bbox 332 3086 452 3152; x_wconf 79' lang='lat' dir='ltr'>lugentem</span> <span class='ocrx_word' id='word_1_199' title='bbox 473 3098 573 3137; x_wconf 75' lang='lat' dir='ltr'>cratere.</span> <span class='ocrx_word' id='word_1_200' title='bbox 605 3089 679 3154; x_wconf 87' lang='lat' dir='ltr'>Apud</span> <span class='ocrx_word' id='word_1_201' title='bbox 728 3088 887 3154; x_wconf 84' lang='lat' dir='ltr'>Propertium,</span> <span class='ocrx_word' id='word_1_202' title='bbox 898 3087 921 3134; x_wconf 94' lang='lat' dir='ltr'>I.</span> <span class='ocrx_word' id='word_1_203' title='bbox 938 3085 954 3134; x_wconf 95' lang='lat' dir='ltr'>i.</span> <span class='ocrx_word' id='word_1_204' title='bbox 966 3085 991 3134; x_wconf 85' lang='grc'><strong>4.</strong></span> <span class='ocrx_word' id='word_1_205' title='bbox 1007 3083 1049 3134; x_wconf 88' lang='lat' dir='ltr'>ubi</span> <span class='ocrx_word' id='word_1_206' title='bbox 1067 3083 1099 3134; x_wconf 81' lang='lat' dir='ltr'>ad</span> <span class='ocrx_word' id='word_1_207' title='bbox 1115 3085 1228 3136; x_wconf 86' lang='lat' dir='ltr'>Amorem</span> 
     </span>
     <span class='ocr_line' id='line_1_28' title="bbox 179 3157 934 3229; baseline 0.004 -23"><span class='ocrx_word' id='word_1_208' title='bbox 179 3157 266 3222; x_wconf 79' lang='lat' dir='ltr'>virgil.</span> <span class='ocrx_word' id='word_1_209' title='bbox 277 3162 336 3210; x_wconf 83' lang='lat' dir='ltr'>AEn.</span> <span class='ocrx_word' id='word_1_210' title='bbox 346 3161 381 3210; x_wconf 78' lang='lat' dir='ltr'>is.</span> <span class='ocrx_word' id='word_1_211' title='bbox 393 3163 450 3211; x_wconf 76' lang='grc'><strong>346.</strong></span> <span class='ocrx_word' id='word_1_212' title='bbox 466 3161 553 3228; x_wconf 82' lang='lat' dir='ltr'>aliquis</span> <span class='ocrx_word' id='word_1_213' title='bbox 570 3174 679 3229; x_wconf 76' lang='lat' dir='ltr'>magnum</span> <span class='ocrx_word' id='word_1_214' title='bbox 729 3163 774 3211; x_wconf 88' lang='lat' dir='ltr'>hoc</span> <span class='ocrx_word' id='word_1_215' title='bbox 784 3162 934 3211; x_wconf 79' lang='lat' dir='ltr'>translatam.</span> 
     </span>
     <span class='ocr_line' id='line_1_29' title="bbox 178 3231 1227 3302; baseline 0.002 -21"><span class='ocrx_word' id='word_1_216' title='bbox 178 3243 311 3283; x_wconf 75' lang='lat' dir='ltr'>masam</span> <span class='ocrx_word' id='word_1_217' title='bbox 324 3244 475 3297; x_wconf 75' lang='lat' dir='ltr'>pastoratem</span> <span class='ocrx_word' id='word_1_218' title='bbox 489 3241 584 3302; x_wconf 78' lang='lat' dir='ltr'>tegebat.</span> <span class='ocrx_word' id='word_1_219' title='bbox 620 3238 678 3286; x_wconf 84' lang='lat' dir='ltr'>Gra·</span> <span class='ocrx_word' id='word_1_220' title='bbox 760 3236 803 3283; x_wconf 89' lang='grc'>90.</span> <span class='ocrx_word' id='word_1_221' title='bbox 821 3235 902 3291; x_wconf 79' lang='lat' dir='ltr'>Error,</span> <span class='ocrx_word' id='word_1_222' title='bbox 917 3231 1061 3300; x_wconf 77' lang='grc' dir='ltr'>ἁμάρτημα,</span> <span class='ocrx_word' id='word_1_223' title='bbox 1080 3248 1155 3297; x_wconf 91' lang='lat' dir='ltr'>quum</span> <span class='ocrx_word' id='word_1_224' title='bbox 1173 3232 1227 3299; x_wconf 83' lang='lat' dir='ltr'>quis</span> 
     </span>
     <span class='ocr_line' id='line_1_30' title="bbox 178 3305 1226 3377; baseline 0.003 -23"><span class='ocrx_word' id='word_1_225' title='bbox 178 3315 235 3357; x_wconf 76' lang='lat' dir='ltr'>teres</span> <span class='ocrx_word' id='word_1_226' title='bbox 249 3318 320 3358; x_wconf 83' lang='lat' dir='ltr'>erant</span> <span class='ocrx_word' id='word_1_227' title='bbox 335 3320 392 3360; x_wconf 79' lang='lat' dir='ltr'>vass</span> <span class='ocrx_word' id='word_1_228' title='bbox 408 3311 531 3376; x_wconf 79' lang='lat' dir='ltr'>ampliora,</span> <span class='ocrx_word' id='word_1_229' title='bbox 549 3311 574 3361; x_wconf 88' lang='lat' dir='ltr'>in</span> <span class='ocrx_word' id='word_1_230' title='bbox 593 3312 679 3377; x_wconf 86' lang='lat' dir='ltr'>quibus</span> <span class='ocrx_word' id='word_1_231' title='bbox 729 3323 776 3356; x_wconf 91' lang='lat' dir='ltr'>non</span> <span class='ocrx_word' id='word_1_232' title='bbox 794 3308 848 3356; x_wconf 81' lang='lat' dir='ltr'>serit</span> <span class='ocrx_word' id='word_1_233' title='bbox 864 3323 971 3373; x_wconf 87' lang='lat' dir='ltr'>scopum.</span> <span class='ocrx_word' id='word_1_234' title='bbox 1005 3306 1134 3356; x_wconf 82' lang='lat' dir='ltr'>Claudisn.</span> <span class='ocrx_word' id='word_1_235' title='bbox 1149 3305 1226 3372; x_wconf 84' lang='lat' dir='ltr'>Rspt.</span> 
     </span>
     <span class='ocr_line' id='line_1_31' title="bbox 177 3379 1226 3450; baseline 0 -21"><span class='ocrx_word' id='word_1_236' title='bbox 177 3379 259 3430; x_wconf 83' lang='lat' dir='ltr'>vinnm</span> <span class='ocrx_word' id='word_1_237' title='bbox 269 3385 446 3448; x_wconf 82' lang='lat' dir='ltr'>temperabatur</span> <span class='ocrx_word' id='word_1_238' title='bbox 457 3398 530 3450; x_wconf 81' lang='lat' dir='ltr'>equs.</span> <span class='ocrx_word' id='word_1_239' title='bbox 556 3385 679 3434; x_wconf 78' lang='lat' dir='ltr'>Amabant</span> <span class='ocrx_word' id='word_1_240' title='bbox 728 3380 754 3431; x_wconf 87' lang='lat' dir='ltr'>ii.</span> <span class='ocrx_word' id='word_1_241' title='bbox 768 3385 822 3430; x_wconf 79' lang='grc'><strong>134.</strong></span> <span class='ocrx_word' id='word_1_242' title='bbox 835 3392 856 3431; x_wconf 79' lang='lat' dir='ltr'>te</span> <span class='ocrx_word' id='word_1_243' title='bbox 867 3384 924 3430; x_wconf 76' lang='lat' dir='ltr'>disci</span> <span class='ocrx_word' id='word_1_244' title='bbox 931 3382 1033 3442; x_wconf 68' lang='lat' dir='ltr'>pacatis</span> <span class='ocrx_word' id='word_1_245' title='bbox 1047 3397 1119 3431; x_wconf 80' lang='lat' dir='ltr'>mor.</span> <span class='ocrx_word' id='word_1_246' title='bbox 1146 3379 1226 3429; x_wconf 81' lang='lat' dir='ltr'>Etiam</span> 
     </span>
     <span class='ocr_line' id='line_1_32' title="bbox 177 3452 1229 3526; baseline -0.001 -22"><span class='ocrx_word' id='word_1_247' title='bbox 177 3466 258 3505; x_wconf 78' lang='lat' dir='ltr'>antem</span> <span class='ocrx_word' id='word_1_248' title='bbox 277 3459 378 3508; x_wconf 82' lang='lat' dir='ltr'>Veteres</span> <span class='ocrx_word' id='word_1_249' title='bbox 402 3472 456 3509; x_wconf 78' lang='lat' dir='ltr'>vase</span> <span class='ocrx_word' id='word_1_250' title='bbox 478 3466 580 3510; x_wconf 71' lang='lat' dir='ltr'>amantis</span> <span class='ocrx_word' id='word_1_251' title='bbox 599 3464 679 3526; x_wconf 76' lang='lat' dir='ltr'>siguis,</span> <span class='ocrx_word' id='word_1_252' title='bbox 728 3457 793 3521; x_wconf 84' lang='lat' dir='ltr'>apud</span> <span class='ocrx_word' id='word_1_253' title='bbox 802 3457 933 3505; x_wconf 84' lang='lat' dir='ltr'>Homerum</span> <span class='ocrx_word' id='word_1_254' title='bbox 950 3455 1068 3504; x_wconf 83' lang='lat' dir='ltr'>interdum</span> <span class='ocrx_word' id='word_1_255' title='bbox 1078 3469 1141 3502; x_wconf 86' lang='lat' dir='ltr'>error</span> <span class='ocrx_word' id='word_1_256' title='bbox 1151 3452 1229 3503; x_wconf 78' lang='lat' dir='ltr'>defert</span> 
     </span>
     <span class='ocr_line' id='line_1_33' title="bbox 176 3527 1227 3596; baseline -0.003 -18"><span class='ocrx_word' id='word_1_257' title='bbox 176 3529 201 3578; x_wconf 89' lang='lat' dir='ltr'>id</span> <span class='ocrx_word' id='word_1_258' title='bbox 227 3540 274 3589; x_wconf 88' lang='lat' dir='ltr'>est,</span> <span class='ocrx_word' id='word_1_259' title='bbox 295 3532 377 3596; x_wconf 77' lang='lat' dir='ltr'>figuris</span> <span class='ocrx_word' id='word_1_260' title='bbox 402 3534 560 3584; x_wconf 80' lang='lat' dir='ltr'>eminentibus</span> <span class='ocrx_word' id='word_1_261' title='bbox 584 3534 677 3592; x_wconf 74' lang='lat' dir='ltr'>calata,</span> <span class='ocrx_word' id='word_1_262' title='bbox 727 3531 802 3578; x_wconf 82' lang='lat' dir='ltr'>telum</span> <span class='ocrx_word' id='word_1_263' title='bbox 819 3529 844 3577; x_wconf 89' lang='lat' dir='ltr'>in</span> <span class='ocrx_word' id='word_1_264' title='bbox 861 3529 943 3584; x_wconf 89' lang='lat' dir='ltr'>alium,</span> <span class='ocrx_word' id='word_1_265' title='bbox 961 3527 1030 3576; x_wconf 90' lang='lat' dir='ltr'>utIl.</span> <span class='ocrx_word' id='word_1_266' title='bbox 1045 3533 1074 3577; x_wconf 87' lang='grc' dir='ltr'><strong>θ.</strong></span> <span class='ocrx_word' id='word_1_267' title='bbox 1088 3528 1227 3576; x_wconf 75' lang='grc'><strong>302-311.</strong></span> 
     </span>
     <span class='ocr_line' id='line_1_34' title="bbox 177 3600 1184 3674; baseline -0.002 -22"><span class='ocrx_word' id='word_1_268' title='bbox 177 3605 314 3671; x_wconf 85' lang='lat' dir='ltr'>anaglypha</span> <span class='ocrx_word' id='word_1_269' title='bbox 325 3620 332 3667; x_wconf 83' lang='lat'>3</span> <span class='ocrx_word' id='word_1_270' title='bbox 349 3608 430 3658; x_wconf 80' lang='lat' dir='ltr'>confer</span> <span class='ocrx_word' id='word_1_271' title='bbox 445 3609 488 3658; x_wconf 78' lang='lat' dir='ltr'>xii.</span> <span class='ocrx_word' id='word_1_272' title='bbox 500 3611 557 3659; x_wconf 84' lang='grc'><strong>235.</strong></span> <span class='ocrx_word' id='word_1_273' title='bbox 575 3609 679 3674; x_wconf 76' lang='lat' dir='ltr'>infregit</span> <span class='ocrx_word' id='word_1_274' title='bbox 729 3605 815 3667; x_wconf 69' lang='lat' dir='ltr'>Expers</span> <span class='ocrx_word' id='word_1_275' title='bbox 826 3605 888 3660; x_wconf 72' lang='lat' dir='ltr'>setis,</span> <span class='ocrx_word' id='word_1_276' title='bbox 901 3610 936 3659; x_wconf 88' lang='lat' dir='ltr'>ut,</span> <span class='ocrx_word' id='word_1_277' title='bbox 944 3601 986 3650; x_wconf 83' lang='lat' dir='ltr'>xii.</span> <span class='ocrx_word' id='word_1_278' title='bbox 997 3604 1055 3650; x_wconf 87' lang='grc'><strong>320.</strong></span> <span class='ocrx_word' id='word_1_279' title='bbox 1065 3600 1184 3666; x_wconf 78' lang='lat' dir='ltr'>Aphidas.</span> 
     </span>
     <span class='ocr_line' id='line_1_35' title="bbox 176 3668 1226 3750; baseline -0.005 -24"><span class='ocrx_word' id='word_1_280' title='bbox 176 3682 225 3727; x_wconf 79' lang='lat' dir='ltr'>siro</span> <span class='ocrx_word' id='word_1_281' title='bbox 235 3681 344 3731; x_wconf 49' lang='lat' dir='ltr'>*Lenzius</span> <span class='ocrx_word' id='word_1_282' title='bbox 362 3683 474 3748; x_wconf 79' lang='lat' dir='ltr'>explicet,</span> <span class='ocrx_word' id='word_1_283' title='bbox 490 3682 561 3747; x_wconf 82' lang='lat' dir='ltr'>fregit</span> <span class='ocrx_word' id='word_1_284' title='bbox 577 3684 676 3732; x_wconf 85' lang='lat' dir='ltr'>inviro.</span> <span class='ocrx_word' id='word_1_285' title='bbox 759 3679 801 3726; x_wconf 89' lang='grc'>93.</span> <span class='ocrx_word' id='word_1_286' title='bbox 821 3677 851 3724; x_wconf 84' lang='lat' dir='ltr'>In</span> <span class='ocrx_word' id='word_1_287' title='bbox 864 3686 949 3738; x_wconf 79' lang='lat' dir='ltr'>partes,</span> <span class='ocrx_word' id='word_1_288' title='bbox 959 3674 984 3722; x_wconf 89' lang='lat' dir='ltr'>in</span> <span class='ocrx_word' id='word_1_289' title='bbox 999 3674 1122 3723; x_wconf 85' lang='lat' dir='ltr'>sactiones.</span> <span class='ocrx_word' id='word_1_290' title='bbox 1141 3668 1226 3750; x_wconf 30' lang='lat' dir='ltr'>Pensa.-</span> 
     </span>
     <span class='ocr_line' id='line_1_36' title="bbox 176 3742 1226 3821; baseline -0.006 -20"><span class='ocrx_word' id='word_1_291' title='bbox 176 3752 262 3802; x_wconf 86' lang='lat' dir='ltr'>Potius</span> <span class='ocrx_word' id='word_1_292' title='bbox 276 3754 427 3821; x_wconf 87' lang='lat' dir='ltr'>capiendum,</span> <span class='ocrx_word' id='word_1_293' title='bbox 438 3765 466 3806; x_wconf 85' lang='lat' dir='ltr'>ut</span> <span class='ocrx_word' id='word_1_294' title='bbox 482 3757 506 3806; x_wconf 88' lang='lat' dir='ltr'>in</span> <span class='ocrx_word' id='word_1_295' title='bbox 523 3757 624 3805; x_wconf 82' lang='lat' dir='ltr'>formula</span> <span class='ocrx_word' id='word_1_296' title='bbox 637 3761 677 3806; x_wconf 78' lang='lat' dir='ltr'>in·</span> <span class='ocrx_word' id='word_1_297' title='bbox 727 3768 769 3816; x_wconf 77' lang='lat' dir='ltr'>que</span> <span class='ocrx_word' id='word_1_298' title='bbox 786 3753 826 3801; x_wconf 82' lang='lat' dir='ltr'>hoc</span> <span class='ocrx_word' id='word_1_299' title='bbox 842 3750 936 3798; x_wconf 68' lang='lat' dir='ltr'>vulnere</span> <span class='ocrx_word' id='word_1_300' title='bbox 953 3750 1040 3797; x_wconf 76' lang='lat' dir='ltr'>aalma</span> <span class='ocrx_word' id='word_1_301' title='bbox 1045 3765 1055 3807; x_wconf 88' lang='lat'>,·</span> <span class='ocrx_word' id='word_1_302' title='bbox 1072 3747 1155 3812; x_wconf 86' lang='lat' dir='ltr'>accipe</span> <span class='ocrx_word' id='word_1_303' title='bbox 1173 3742 1226 3797; x_wconf 85' lang='lat' dir='ltr'>vul·</span> 
     </span>
     <span class='ocr_line' id='line_1_37' title="bbox 168 3821 1225 3896; baseline -0.005 -22"><span class='ocrx_word' id='word_1_304' title='bbox 168 3825 281 3893; x_wconf 69' lang='lat' dir='ltr'>fringens</span> <span class='ocrx_word' id='word_1_305' title='bbox 295 3831 406 3892; x_wconf 78' lang='lat' dir='ltr'>colaphos.</span> <span class='ocrx_word' id='word_1_306' title='bbox 434 3831 511 3880; x_wconf 81' lang='lat' dir='ltr'>Versu</span> <span class='ocrx_word' id='word_1_307' title='bbox 525 3833 581 3880; x_wconf 90' lang='grc'><strong>121.</strong></span> <span class='ocrx_word' id='word_1_308' title='bbox 592 3847 634 3896; x_wconf 83' lang='lat' dir='ltr'>pro</span> <span class='ocrx_word' id='word_1_309' title='bbox 649 3844 677 3880; x_wconf 89' lang='lat' dir='ltr'>eo</span> <span class='ocrx_word' id='word_1_310' title='bbox 727 3843 772 3876; x_wconf 86' lang='lat' dir='ltr'>nus</span> <span class='ocrx_word' id='word_1_311' title='bbox 788 3842 831 3892; x_wconf 87' lang='lat' dir='ltr'>pro</span> <span class='ocrx_word' id='word_1_312' title='bbox 846 3824 891 3874; x_wconf 85' lang='lat' dir='ltr'>hoc</span> <span class='ocrx_word' id='word_1_313' title='bbox 909 3824 1016 3880; x_wconf 84' lang='lat' dir='ltr'>vulnere,</span> <span class='ocrx_word' id='word_1_314' title='bbox 1032 3821 1097 3889; x_wconf 92' lang='lat' dir='ltr'>quod</span> <span class='ocrx_word' id='word_1_315' title='bbox 1114 3822 1172 3870; x_wconf 82' lang='lat' dir='ltr'>mihi</span> <span class='ocrx_word' id='word_1_316' title='bbox 1189 3823 1225 3870; x_wconf 92' lang='lat' dir='ltr'>in-</span> 
     </span>
     <span class='ocr_line' id='line_1_38' title="bbox 175 3896 1227 3962; baseline -0.004 -13"><span class='ocrx_word' id='word_1_317' title='bbox 175 3903 276 3959; x_wconf 76' lang='lat' dir='ltr'>illidsre,</span> <span class='ocrx_word' id='word_1_318' title='bbox 287 3902 329 3952; x_wconf 84' lang='lat' dir='ltr'>xii.</span> <span class='ocrx_word' id='word_1_319' title='bbox 339 3905 397 3953; x_wconf 83' lang='grc'><strong>237.</strong></span> <span class='ocrx_word' id='word_1_320' title='bbox 408 3904 500 3955; x_wconf 77' lang='lat' dir='ltr'>cratera</span> <span class='ocrx_word' id='word_1_321' title='bbox 516 3908 577 3953; x_wconf 79' lang='lat' dir='ltr'>misit</span> <span class='ocrx_word' id='word_1_322' title='bbox 592 3908 617 3954; x_wconf 83' lang='lat' dir='ltr'>iu</span> <span class='ocrx_word' id='word_1_323' title='bbox 628 3916 677 3955; x_wconf 77' lang='lat' dir='ltr'>oro.</span> <span class='ocrx_word' id='word_1_324' title='bbox 727 3901 812 3950; x_wconf 84' lang='lat' dir='ltr'>tulisti.</span> <span class='ocrx_word' id='word_1_325' title='bbox 849 3901 930 3959; x_wconf 87' lang='lat' dir='ltr'>Quum</span> <span class='ocrx_word' id='word_1_326' title='bbox 953 3899 1016 3947; x_wconf 88' lang='lat' dir='ltr'>enim</span> <span class='ocrx_word' id='word_1_327' title='bbox 1038 3898 1091 3962; x_wconf 90' lang='lat' dir='ltr'>quis</span> <span class='ocrx_word' id='word_1_328' title='bbox 1111 3896 1177 3955; x_wconf 79' lang='lat' dir='ltr'>facit,</span> <span class='ocrx_word' id='word_1_329' title='bbox 1198 3904 1227 3946; x_wconf 85' lang='lat' dir='ltr'>ut</span> 
     </span>
     <span class='ocr_line' id='line_1_39' title="bbox 176 3969 1226 4042; baseline -0.003 -19"><span class='ocrx_word' id='word_1_330' title='bbox 176 3975 298 4036; x_wconf 73' lang='lat' dir='ltr'>Rutilum,</span> <span class='ocrx_word' id='word_1_331' title='bbox 315 3985 362 4028; x_wconf 76' lang='lat' dir='ltr'>ete.</span> <span class='ocrx_word' id='word_1_332' title='bbox 380 3978 478 4028; x_wconf 85' lang='lat' dir='ltr'>AEneid.</span> <span class='ocrx_word' id='word_1_333' title='bbox 493 3979 526 4028; x_wconf 83' lang='lat' dir='ltr'>ix.</span> <span class='ocrx_word' id='word_1_334' title='bbox 537 3981 601 4030; x_wconf 78' lang='lat'><strong>349:</strong></span> <span class='ocrx_word' id='word_1_335' title='bbox 619 3996 676 4042; x_wconf 81' lang='lat' dir='ltr'>pnr-</span> <span class='ocrx_word' id='word_1_336' title='bbox 727 3977 780 4026; x_wconf 79' lang='lat' dir='ltr'>due</span> <span class='ocrx_word' id='word_1_337' title='bbox 797 3989 834 4024; x_wconf 84' lang='lat' dir='ltr'>res</span> <span class='ocrx_word' id='word_1_338' title='bbox 848 3988 917 4039; x_wconf 85' lang='lat' dir='ltr'>pares</span> <span class='ocrx_word' id='word_1_339' title='bbox 927 3974 984 4030; x_wconf 86' lang='lat' dir='ltr'>sint,</span> <span class='ocrx_word' id='word_1_340' title='bbox 999 3980 1050 4020; x_wconf 88' lang='lat' dir='ltr'>tum</span> <span class='ocrx_word' id='word_1_341' title='bbox 1060 3969 1155 4035; x_wconf 73' lang='lat' dir='ltr'>pensare</span> <span class='ocrx_word' id='word_1_342' title='bbox 1165 3970 1226 4020; x_wconf 81' lang='lat' dir='ltr'>nite·</span> 
     </span>
     <span class='ocr_line' id='line_1_40' title="bbox 174 4045 1225 4113; baseline -0.003 -17"><span class='ocrx_word' id='word_1_343' title='bbox 174 4066 271 4110; x_wconf 79' lang='lat' dir='ltr'>pureum</span> <span class='ocrx_word' id='word_1_344' title='bbox 294 4056 361 4101; x_wconf 79' lang='lat' dir='ltr'>uomit</span> <span class='ocrx_word' id='word_1_345' title='bbox 379 4055 421 4100; x_wconf 80' lang='lat' dir='ltr'>ille</span> <span class='ocrx_word' id='word_1_346' title='bbox 439 4056 557 4111; x_wconf 65' lang='lat' dir='ltr'>animum</span> <span class='ocrx_word' id='word_1_347' title='bbox 581 4054 677 4103; x_wconf 87' lang='lat' dir='ltr'>Homer.</span> <span class='ocrx_word' id='word_1_348' title='bbox 726 4065 783 4100; x_wconf 37' lang='lat' dir='ltr'>rem*</span> <span class='ocrx_word' id='word_1_349' title='bbox 799 4049 875 4099; x_wconf 82' lang='lat' dir='ltr'>altera</span> <span class='ocrx_word' id='word_1_350' title='bbox 891 4047 986 4096; x_wconf 88' lang='lat' dir='ltr'>dicitur.</span> <span class='ocrx_word' id='word_1_351' title='bbox 1020 4047 1134 4113; x_wconf 66' lang='lat' dir='ltr'>Defectus,</span> <span class='ocrx_word' id='word_1_352' title='bbox 1152 4045 1225 4096; x_wconf 86' lang='lat' dir='ltr'>desti-</span> 
     </span>
     <span class='ocr_line' id='line_1_41' title="bbox 175 4119 1224 4192; baseline -0.003 -20"><span class='ocrx_word' id='word_1_353' title='bbox 175 4125 206 4173; x_wconf 91' lang='lat'>11.</span> <span class='ocrx_word' id='word_1_354' title='bbox 226 4126 261 4178; x_wconf 63' lang='grc' dir='ltr'>Ε.</span> <span class='ocrx_word' id='word_1_355' title='bbox 283 4128 349 4174; x_wconf 76' lang='grc' dir='ltr'>437ι</span> <span class='ocrx_word' id='word_1_356' title='bbox 378 4129 515 4192; x_wconf 70' lang='grc' dir='ltr'>κελαινεφὲς</span> <span class='ocrx_word' id='word_1_357' title='bbox 542 4127 594 4192; x_wconf 67' lang='grc' dir='ltr'>αἷμ’</span> <span class='ocrx_word' id='word_1_358' title='bbox 616 4127 676 4177; x_wconf 66' lang='lat' dir='ltr'>ext·</span> <span class='ocrx_word' id='word_1_359' title='bbox 727 4121 927 4189; x_wconf 65' lang='lat' dir='ltr'>totosprivatos:</span> <span class='ocrx_word' id='word_1_360' title='bbox 946 4121 1002 4170; x_wconf 89' lang='lat' dir='ltr'>vide</span> <span class='ocrx_word' id='word_1_361' title='bbox 1018 4119 1178 4170; x_wconf 71' lang='lat' dir='ltr'>Schwarzium</span> <span class='ocrx_word' id='word_1_362' title='bbox 1193 4119 1224 4169; x_wconf 82' lang='lat' dir='ltr'>ad</span> 
     </span>
     <span class='ocr_line' id='line_1_42' title="bbox 175 4197 980 4263; baseline -0.004 -15"><span class='ocrx_word' id='word_1_363' title='bbox 175 4213 275 4261; x_wconf 70' lang='grc' dir='ltr'><strong>μωσιν.</strong></span> <span class='ocrx_word' id='word_1_364' title='bbox 383 4227 386 4231; x_wconf 48' lang='grc'>’</span> <span class='ocrx_word' id='word_1_365' title='bbox 727 4197 800 4248; x_wconf 83' lang='lat' dir='ltr'>Plinii</span> <span class='ocrx_word' id='word_1_366' title='bbox 812 4198 929 4263; x_wconf 79' lang='lat' dir='ltr'>Panegyr.</span> <span class='ocrx_word' id='word_1_367' title='bbox 939 4199 980 4246; x_wconf 85' lang='grc'><strong>26.</strong></span> 
     </span>
    </p>
   </div>
   <div class='ocr_carea' id='block_1_4' title="bbox 0 0 1410 5010">
    <p class='ocr_par' dir='ltr' id='par_1_4' title="bbox 0 0 1410 5010">
     <span class='ocr_line' id='line_1_43' title="bbox 0 0 1410 5010; baseline 0 1"><span class='ocrx_word' id='word_1_368' title='bbox 0 0 1410 5010; x_wconf 95' lang='lat' dir='ltr'> </span> 
     </span>
    </p>
   </div>
  </div>
 </body>
</html>
