2812 5010
162 334 227 405 406
347 396 350 401 ,
455 328 495 394 Ρ.
516 325 677 394 OVIDII
702 324 913 397 NASONIS

166 507 289 592 Quem
307 503 520 578 Tritoniaca
538 498 676 575 Latoiis
695 497 876 573 arundine
893 498 1034 573 victum

162 621 301 696 Affeeit
317 643 440 718 poena.
480 616 620 701 “Quid
638 639 698 688 me
714 612 805 686 mihi
823 611 1035 687 detrahisl'’
1064 611 1206 709 inquit:

165 745 189 775 ‘⁴
204 734 266 811 Ah
283 734 408 834 pigetl
436 732 484 815 ah
502 756 577 805 non
595 728 690 817 est,''
706 729 905 814 clamabat,
927 726 1056 802 “tibia
1072 725 1208 809 tantil'’

164 850 354 925 Clamanti
371 849 468 922 cutis
486 857 544 922 est
561 870 726 921 summos
744 846 901 943 derepta
918 867 986 943 per
1003 853 1128 931 artus3

167 966 249 1048 Nec
276 965 483 1064 quidquam
509 963 581 1038 nisi
604 963 738 1037 vulnus
766 973 866 1039 erat:
907 985 1016 1043 cruor
1042 959 1209 1058 undique

316 1092 463 1157 manat:

167 1199 396 1296 Detectique
413 1209 544 1298 patent
561 1196 683 1285 nervi;
713 1196 948 1296 trepidaeque
965 1192 1046 1274 sine
1065 1192 1143 1266 ulla

167 1315 273 1395 Pelle
291 1316 431 1388 micant
448 1338 572 1389 venae:
601 1312 773 1387 salientia
788 1312 932 1386 viscera
949 1308 1084 1407 possis
1136 1311 1208 1379 390

168 1430 220 1504 Et
237 1432 474 1530 perlucentes
493 1451 688 1505 numerare
706 1428 744 1500 in
763 1435 916 1525 pectore
933 1424 1059 1499 fibras.

168 1545 279 1619 Illum
297 1546 479 1631 ruricolae,
499 1544 673 1618 silvarum
691 1543 858 1629 numina,
879 1540 1009 1626 Fauni,

166 1660 217 1736 Et
235 1660 361 1760 Satyri
379 1660 523 1746 fratrea,
535 1670 574 1733 et
589 1670 679 1733 tunc
700 1683 852 1757 quoque
870 1657 992 1731 clarus
1007 1655 1206 1754 OlympuS,

168 1774 219 1851 Et
238 1775 427 1875 Nymphae
445 1777 600 1862 flerunt3
630 1786 668 1849 et
686 1773 859 1873 quisquis
877 1771 1068 1846 montibus
1086 1770 1159 1845 illis

167 1891 446 1997 Lanigerosque
463 1914 608 1988 greges
628 1900 871 1995 armentaque
888 1888 1028 1961 bucera
1039 1870 1160 1987 pavit.

166 2005 312 2081 Fertilis
325 2007 532 2093 immaduit,
544 2005 829 2104 madefactaque
840 2019 939 2080 terra
952 2003 1117 2078 caducas
1135 2006 1206 2075 396

171 2121 359 2223 Concepit
376 2123 560 2210 lacrimas,
580 2146 623 2196 ac
641 2122 745 2196 venis
764 2121 927 2221 perbibit
944 2120 1050 2207 imis;

201 2395 258 2444 335.
274 2394 583 2460 Quidmemllidctrulisl]
600 2396 666 2456 Quid
715 2414 773 2464 syae,
792 2397 854 2453 vide,
871 2403 955 2463 preter
972 2394 1080 2460 superius
1097 2393 1216 2450 laudatos,-

169 2476 248 2517 eutem
258 2483 335 2517 meam
346 2467 404 2516 mihi
415 2468 535 2517 detrahis?
550 2470 590 2518 Sic
600 2468 668 2518 irruit
716 2471 825 2521 Eustath.
841 2469 872 2520 ad
888 2466 1025 2519 Homerum.
1043 2468 1075 2517 Il.
1090 2470 1121 2516 A.
1136 2485 1160 2532 p.
1174 2469 1212 2515 21.

167 2539 311 2591 in'mediam
327 2558 391 2603 rem,
418 2542 460 2591 sed
475 2543 553 2592 lusum
569 2543 667 2592 adhibet
719 2545 859 2604 Pausanias,
880 2545 955 2594 Phoc.
980 2560 1004 2609 p.
1029 2545 1088 2593 373.
1110 2541 1212 2592 tabulam

167 2614 347 2664 intolerabilem.
379 2613 492 2664 Similiter
509 2633 532 2665 v.
554 2617 611 2665 546.
626 2618 668 2664 sibi
717 2618 843 2683 Polygnoti
863 2618 983 2674 describit,
1000 2619 1026 2667 in
1046 2633 1095 2683 qua
1111 2619 1211 2681 Marsya

169 2689 267 2738 oblutus.
300 2689 354 2737 Non
362 2699 395 2737 cst
403 2690 459 2738 tibio
467 2690 541 2738 tanti!
552 2705 599 2738 non
609 2697 668 2747 erat,
718 2692 837 2742 assidebat
847 2693 973 2759 Olympus,
983 2692 1066 2742 habitu
1077 2693 1212 2741 adolescen-

168 2777 211 2810 cur
221 2762 281 2811 tibia
291 2779 375 2812 canere
386 2763 509 2821 discerem,
520 2779 594 2828 quum
610 2763 668 2813 mihi
718 2766 748 2816 tis
758 2766 800 2824 ita,
810 2775 838 2816 ut
848 2765 912 2815 tibiis
922 2766 1012 2816 discere
1022 2766 1151 2815 videretur.
1174 2765 1213 2812 In-

170 2849 243 2884 censa
262 2836 328 2885 exitii
349 2837 388 2887 sit.
430 2836 495 2887 Vide
515 2838 619 2887 Valkerr.
637 2837 668 2887 ad
718 2839 783 2889 venit
791 2839 1063 2905 modosadtibiam,qui
1074 2855 1213 2888 commemo·

171 2909 318 2974 Euripidem,
329 2910 426 2976 Hippol.
438 2913 495 2961 441.
675 2922 681 2935 '
718 2921 798 2963 rantur
816 2915 846 2963 ab
864 2912 987 2978 Euripide,
1003 2912 1060 2979 Iph.
1076 2912 1136 2961 Aul.
1153 2914 1214 2972 5763

202 2984 258 3033 337.
277 2984 357 3033 Cutem
373 2984 395 3033 ei
415 2984 517 3034 detraxit
529 2984 568 3035 vel
585 2985 616 3034 ad
632 2985 669 3051 pi·
718 2985 760 3035 nbi
782 2985 836 3037 vide
856 2987 957 3036 Barnea.
999 2988 1025 3035 Is
1045 2995 1102 3035 tuac
1124 3002 1215 3050 quoque,

170 3071 235 3112 num,
245 3056 323 3106 velnd
334 3059 455 3123 platanum
465 3060 531 3124 (quae
542 3058 616 3108 Plinii
627 3060 669 3108 ad·
720 3060 812 3108 vivente
830 3059 909 3108 adhuc
928 3058 1050 3123 maff'stmt
1068 3061 1148 3108 clarus
1166 3074 1214 3108 esse

169 3127 217 3177 bne
227 3138 298 3179 aetate
309 3131 486 3180 ostendebatur.
507 3131 609 3194 Plinius,
621 3132 669 3182 xvi.
719 3132 801 3198 coepit.
827 3130 900 3198 Apud
910 3122 1042 3196 Hyginum,
1049 3133 1156 3198 Marsya
1167 3147 1216 3180 eor·

171 3201 225 3266 44.)
235 3202 317 3268 ligato.
350 3205 386 3254 Ea
394 3209 453 3254 cans
463 3221 578 3271 suspensa
592 3215 628 3256 est
639 3207 668 3256 ab
716 3222 762 3271 pus
778 3205 922 3270 discerptum
932 3204 954 3254 ei
964 3205 1127 3271 sepeliendum
1142 3203 1214 3253 tradi-

170 3275 282 3342 Apolline
298 3277 410 3327 Celaeuis.
444 3278 588 3336 Herodotus,
599 3279 624 3329 d.
638 3280 655 3329 1.
661 3298 669 3341 ;
717 3287 764 3328 tur.
796 3280 828 3327 Et
841 3277 1102 3344 ipseinmonumentis
1112 3277 1214 3343 antiquis

169 3352 289 3410 Lucanus,
307 3352 389 3400 Pbars.
404 3352 439 3401 iii.
452 3354 516 3415 2063
549 3353 670 3412 AElianus,
717 3369 780 3419 saepe
801 3352 912 3402 occurrit.
945 3353 1053 3417 Heynins
1074 3352 1100 3401 in
1121 3354 1216 3415 Antiqua

170 3424 266 3476 xitum.
298 3425 370 3493 Apud
382 3426 513 3491 Hyginum,
521 3428 669 3478 membratim
717 3427 786 3493 Aufl.
800 3428 831 3476 P.
842 3426 868 3476 ii.
885 3443 909 3492 p.
920 3427 961 3476 69.
993 3426 1113 3490 Nympha.
1146 3426 1215 3492 Apud

170 3500 318 3566 discerpitur.
340 3501 451 3565 Sequitur
461 3500 588 3567 descriptio
599 3502 669 3552 foedss
717 3498 868 3557 Athenarum,
887 3500 936 3549 xiv.
951 3501 975 3549 2.
991 3499 1106 3565 Nympha
1122 3499 1215 3565 genitus

168 3574 236 3624 istius
252 3574 401 3640 operationis,
417 3591 471 3640 qum
487 3575 603 3624 Romanis
621 3575 666 3624 lor·
718 3572 790 3622 luisse
821 3582 937 3624 namatus.
982 3574 1074 3622 Bucera
1101 3583 1213 3633 armentu,

168 3655 232 3698 tasse
246 3648 345 3714 placuit,
363 3664 462 3713 quorum
479 3650 542 3699 oculi
558 3649 667 3714 sanguini
714 3648 798 3696 boves.
838 3648 940 3705 Barna,
962 3654 1069 3707 cornuta,
1093 3661 1107 3696 e
1133 3646 1215 3711 manu

170 3722 257 3772 assueti
271 3730 347 3780 erant,
359 3722 402 3772 sed
414 3723 497 3772 nostris
507 3723 547 3772 vix
557 3724 667 3790 probabi·
715 3719 778 3783 βοῦς
793 3728 818 3770 et
834 3719 906 3787 ripae
914 3721 1048 3782 vocabuli„
1066 3723 1165 3771 Lucret.
1175 3721 1215 3770 ubi

170 3800 217 3842 tur.
717 3794 799 3843 borma
815 3796 883 3852 reeb,
894 3802 919 3844 et
935 3798 1029 3844 buceric
1042 3811 1123 3861 greges
1133 3811 1216 3844 occur-

203 3868 260 3918 ³90.
279 3871 353 3920 Satira
369 3879 394 3920 et
408 3875 494 3921 mirare
513 3879 538 3920 et
555 3875 675 3934 trepidare.
717 3876 781 3917 runt.
1040 3899 1045 3909 ·
1216 3906 1220 3910 .

170 3941 250 3998 verba,
262 3959 335 4008 quum
350 3945 381 3994 de
395 3954 460 3994 motu
475 3945 552 3994 cordis
562 3954 586 3994 ct
596 3961 668 3995 rena·
751 3943 807 3992 396.
824 3943 941 4000 Codanus,
951 3942 1099 4001 decidentes,
1114 3951 1141 3992 ut
1152 3943 1215 4008 solia

171 4031 223 4062 rum
234 4016 318 4080 agitur,
329 4027 484 4084 usurpantur:
498 4019 547 4068 vid.
555 4019 669 4070 Cioianus
718 4019 813 4067 caduca.
853 4019 969 4081 Concepit.
1004 4018 1115 4082 Excepit.
1151 4018 1218 4066 Venis

171 4098 196 4135 et
207 4089 366 4140 Burmannus.
404 4092 502 4149 Viscera,
516 4108 563 4141 cor.
716 4094 812 4152 perbibit
829 4095 896 4151 imis,-
913 4108 986 4141 venas
1002 4099 1071 4141 terre
1088 4101 1147 4157 puta
1166 4107 1214 4141 esse

202 4163 261 4210 393.
294 4164 333 4213 De
351 4165 454 4228 Olympo,
472 4165 587 4230 discipulo
602 4166 667 4215 Mar·
717 4176 809 4216 meatus
820 4181 935 4230 aquamm
946 4175 971 4215 et
980 4163 1115 4231 spirituum.
