2812 5010
200 329 265 395 ³14
492 327 531 392 Ρ.
559 325 720 392 OVIDII
744 325 957 393 NASONIS
1016 317 1036 321 '⁴
1112 408 1116 415 ι

202 501 298 575 Tam
310 502 477 576 violbsse
496 502 632 587 Deum,
652 525 766 600 quarn
783 525 859 574 uon
876 500 1035 597 agnbsse
1054 511 1246 600 nepotem,-

202 618 388 693 Poenitet:
416 618 614 715 impositus
628 620 708 715 jam
725 619 820 692 coelo
838 628 897 692 est
915 618 1028 708 alter3
1058 628 1097 691 at
1111 618 1218 705 alter,

199 734 353 833 Viperei
369 733 532 807 referens
551 735 713 832 spolium
729 733 972 808 memorabile
990 733 1160 820 monstri,

200 850 301 924 Aera
318 852 498 949 carpebat
514 860 686 924 tenerum
704 851 949 925 stridentibus
968 850 1050 923 alis.
1171 853 1245 922 615

179 1012 182 1020 -
201 966 404 1063 Quumque
422 990 534 1064 super
553 965 714 1065 Libycas
731 967 849 1041 victor
866 968 1049 1065 penderet
1066 987 1212 1051 arenas,

201 1082 391 1180 Gorgonei
408 1082 544 1180 capitis
560 1093 677 1179 guttae
696 1084 866 1158 cecidere
884 1094 1070 1156 cruentae:
1117 1128 1119 1133 ·

200 1199 304 1284 Quas
320 1201 458 1273 humus
476 1211 656 1299 exceptas
673 1202 794 1279 varios
813 1201 989 1274 animavit
1002 1199 1041 1271 in
1060 1221 1225 1294 angues;

201 1315 313 1391 Unde
327 1316 510 1413 frequens
523 1316 587 1388 illa
605 1327 674 1403 est,
693 1316 905 1412 infestaque
923 1326 1022 1389 terra
1038 1311 1217 1386 colubris

196 1430 291 1506 Inde
309 1457 378 1531 per
392 1433 617 1506 immensum
634 1431 754 1507 ventis
772 1432 1008 1506 discordibus
1027 1440 1134 1503 actus
1166 1433 1241 1502 620

200 1548 236 1621 N
239 1574 313 1622 unc
331 1550 417 1636 huc,
437 1574 537 1622 nunc
556 1549 656 1635 illuc,
676 1549 850 1647 exemplo
869 1546 979 1619 nubis
997 1569 1162 1643 aquosae,

200 1662 344 1752 Fertur,
364 1676 468 1739 etex
486 1664 561 1738 alto
580 1665 756 1738 seductas
775 1663 914 1736 aethere
931 1663 1042 1758 longe

200 1778 411 1878 Despectat
426 1792 566 1870 terras3
595 1792 792 1880 totumque
810 1779 1024 1878 supervolat
1040 1777 1183 1850 orbem.

199 1893 274 1969 Ter
291 1897 433 1992 gelidas
453 1896 599 1984 Arctoe,
616 1907 674 1972 ter
693 1898 830 1974 Cancri
848 1895 1001 1970 brachia
1017 1893 1131 1967 vidit:

200 2012 312 2111 Saepe
327 2015 397 2086 sub
416 2037 586 2100 occasus,
605 2038 706 2112 saepe
724 2027 784 2090 est
801 2014 948 2089 ablatus
966 2013 1004 2084 in
1023 2020 1141 2084 ortus
1169 2012 1243 2082 625

199 2125 363 2227 Jamque
381 2130 541 2203 cadente
558 2128 620 2203 die
637 2130 776 2205 veritus
789 2154 835 2204 se
853 2128 1005 2203 credere
1022 2125 1125 2201 nocti

232 2339 290 2386 614.
321 2339 439 2401 Vipereum
464 2350 598 2396 monstrum,
625 2348 697 2405 caput
745 2340 803 2390 Vid.
818 2339 921 2395 Gellius,
937 2339 970 2387 N.
978 2337 1010 2386 A.
1020 2337 1055 2385 ix.
1068 2338 1108 2386 12.
1140 2336 1242 2399 Pompo·

197 2412 316 2471 Medusae,
327 2413 357 2462 de
369 2430 416 2478 quo
427 2430 477 2462 ver.
487 2415 535 2463 770
546 2431 599 2479 sqq.
610 2432 615 2461 ι
628 2413 697 2463 lices·
744 2413 799 2464 nius
812 2414 888 2470 Mela,
899 2412 935 2460 iii.
946 2414 990 2460 10:
1010 2412 1092 2458 Prima
1107 2412 1157 2472 ejus
1166 2409 1244 2456 AEtbi-

198 2505 244 2552 pov
261 2489 383 2554 πρότερον
400 2488 506 2555 exponit.
541 2490 696 2547 Memorabile,
744 2485 972 2550 operteueutmediu
986 2486 1064 2543 uulli;
1080 2501 1135 2531 uem
1149 2491 1192 2530 aut
1207 2498 1243 2529 es·

197 2562 261 2610 sama
280 2562 434 2612 celebratum.
472 2562 595 2628 Expressit
616 2571 696 2612 autem
744 2573 797 2611 usta
811 2573 873 2620 suut,
884 2570 927 2609 aut
942 2562 1018 2609 arenis
1031 2561 1137 2614 obducta,
1148 2572 1192 2605 eur
1205 2559 1241 2605 iu-

197 2635 369 2703 h.l.Ap0110n.
384 2638 464 2686 Rhod.
474 2637 505 2686 iv.
517 2639 590 2686 1513.
623 2639 693 2696 Aua,
736 2636 803 2701 festu
812 2637 959 2698 serpentibus.

197 2717 311 2776 tanquam
331 2711 404 2760 viam.
449 2713 568 2774 carpebat,
588 2712 695 2762 volabat.
777 2704 1159 2772 620.1uuaperrmmuuum,etc]
1171 2703 1242 2755 Conr-

197 2785 267 2834 Forte
284 2786 386 2851 respexit
403 2786 471 2851 Virg.
487 2787 575 2850 Georg.
591 2785 622 2834 iv.
637 2788 694 2836 310.
744 2784 814 2833 mode
830 2784 881 2832 haec
897 2797 973 2846 nsque
988 2780 1123 2829 adversum
1133 2779 1190 2826 625.
1202 2777 1241 2826 ab·

200 2858 319 2908 Teucrum.
345 2860 462 2908 Usitatius
473 2868 509 2908 est
518 2869 616 2908 tenuem.
648 2861 695 2910 Sed
745 2875 797 2908 esse
813 2865 923 2924 possent3
945 2857 1032 2904 obsunt
1049 2869 1104 2917 ergo
1125 2849 1243 2908 brevitati,

198 2939 223 2980 et
240 2931 325 2996 Virgil.
341 2933 440 2981 AEneid.
458 2933 492 2981 ix.
511 2935 569 2983 699.
594 2943 696 2982 tenerum
746 2950 799 2998 quae
818 2932 905 2981 eximia
923 2929 1062 2979 narrationis
1078 2927 1162 2976 virtus.
1197 2926 1242 2974 lm·

198 3022 253 3053 aera
260 3023 270 3064 ,·
287 3013 311 3054 et
321 3008 415 3055 Lucret.
425 3006 443 3054 i.
453 3007 511 3055 208.
521 3018 610 3055 seuerus
619 3004 696 3056 aures.
745 3025 852 3062 mausum,
870 3014 897 3054 ut
917 3005 974 3054 alibi
990 3003 1072 3060 Inone,
1086 3001 1195 3050 absolute
1214 3000 1245 3048 de

198 3077 240 3126 Ad
255 3078 400 3127 celeritatem
418 3079 508 3128 itineris
528 3079 696 3128 declarandam
746 3096 808 3130 aere.
840 3079 963 3145 Expressit
971 3085 1050 3127 autem
1059 3077 1186 3132 Homerus,
1198 3075 1243 3124 0d.

198 3153 286 3201 Perseo
295 3153 338 3200 ele
353 3151 415 3201 datae
429 3161 492 3209 sunt,
503 3152 534 3201 de
545 3152 631 3217 quibus
641 3153 695 3203 vide
746 3150 775 3204 E.
786 3157 835 3204 330
848 3171 916 3220 sqq.:
936 3155 1021 3219 ἄνεμοι
1035 3150 1109 3216 φέρον
1126 3150 1187 3201 ἔνθα
1204 3151 1243 3199 καὶ

198 3224 230 3273 ad
251 3241 345 3274 versum
366 3225 422 3274 666.
463 3225 553 3276 Volans
572 3243 696 3292 expressus
745 3229 814 3279 ἔνθα.
841 3227 950 3278 'Amore
966 3228 1012 3292 μὲν
1026 3243 1053 3275 τε
1069 3224 1151 3282 Νότος
1168 3221 1251 3290 Bopip

197 3300 270 3349 etiam
281 3312 331 3349 erat
341 3299 365 3349 iu
375 3301 447 3350 Scuto
458 3301 577 3350 Herculis.
594 3301 694 3351 Hesiod.
745 3303 900 3369 erpossu'lttcee
910 3301 1031 3368 φέρεσθαι,
1041 3297 1151 3348 'Abiere
1162 3297 1182 3347 δ’
1194 3295 1243 3347 αὖτ’

197 3375 246 3422 216
256 3389 322 3440 sqq.
342 3375 467 3424 Pender'et:
480 3376 543 3425 Vide
560 3375 590 3424 ad
600 3375 626 3424 ii.
637 3376 694 3425 708.
744 3376 824 3443 Εὖρος
839 3377 944 3443 Ζεφύρῳ,
963 3384 1009 3424 etc.
1042 3374 1160 3432 Seductus,
1177 3374 1242 3436 longa

197 3448 289 3512 Libyae
299 3466 372 3497 erute
382 3458 476 3514 propter
482 3448 625 3498 siccitatem:
640 3447 695 3499 uide
745 3468 760 3500 a
770 3468 795 3500 se
806 3451 928 3500 distantes.

197 3522 228 3571 ad
237 3522 265 3570 ii.
276 3525 334 3572 2³5.
777 3527 833 3574 666.
852 3526 952 3573 cadente
969 3525 1014 3579 die,
1028 3530 1134 3586 tempore
1150 3536 1242 3586 vesper·

207 3656 211 3664 .
230 3598 286 3646 617.
300 3598 423 3663 Gorgonei,
431 3598 490 3661 etc]
504 3597 543 3646 Sic
552 3605 576 3647 et
583 3597 695 3663 Apollon.
745 3599 803 3649 tino.
836 3600 932 3665 Proprie
947 3600 980 3645 sol
997 3599 1068 3654 cudit,
1086 3594 1184 3650 occidit,
1204 3591 1243 3642 sed

196 3672 228 3721 iv.
242 3674 281 3721 15.
306 3673 353 3722 Sed
365 3673 486 3722 Nicander
495 3673 566 3721 Τὴοτ.
576 3672 628 3721 init.
639 3689 695 3722 auc·
746 3670 1136 3740 apndpoetasetiamdiesetlux.
1171 3668 1243 3716 Vere·

198 3746 291 3795 toritate
306 3748 414 3805 Hesiodi,
425 3749 536 3797 Titanum
552 3764 566 3796 e
580 3748 694 3812 sanguine
745 3756 783 3798 tur
793 3765 815 3796 se
825 3751 886 3797 eructi
900 3750 1000 3802 credere,
1013 3754 1085 3793 noctu
1096 3744 1141 3792 iter
1157 3743 1242 3798 lacere,

196 3822 694 3872 venenatasbestiasortasessecanit.Sau-
745 3838 774 3871 ne
791 3825 911 3871 aberreta
928 3820 974 3869 via.
1007 3817 1120 3868 Constitit
1137 3819 1163 3865 in
1181 3814 1240 3866 occi·

197 3893 294 3957 guinem
301 3895 420 3960 Typhonis
431 3895 552 3945 substituit
560 3895 695 3945 Acusileus.
744 3897 834 3945 deutali
844 3895 931 3944 Aln'cae
947 3903 1021 3961 parte,
1033 3893 1074 3941 ubi
1089 3890 1242 3945 Mauritania,

198 3968 255 4017 Vid.
273 3970 352 4019 Schol.
369 3971 484 4019 Nicandri
502 3980 526 4019 et
543 3970 654 4036 Apollon.
664 3970 695 4019 ad
744 3971 850 4019 Atlantis
861 3987 966 4034 regnum.
985 3969 1093 4016 Evocate
1104 3965 1170 4030 regia
1178 3963 1242 4020 Solis,

198 4040 223 4089 d.
233 4042 252 4089 l.
293 4044 412 4093 Auimuoit
431 4046 457 4092 iu
478 4061 572 4109 augeres,
595 4045 696 4093 breviter
745 4045 770 4092 in
785 4061 833 4109 qua
849 4053 873 4093 et
888 4043 944 4108 vigil
961 4043 1053 4091 Aurora
1070 4049 1094 4088 et
1112 4056 1194 4088 currus
1209 4041 1241 4086 di·

199 4114 297 4174 dictum‚
309 4117 423 4165 animavit
438 4126 461 4166 et
472 4118 543 4166 vertit
557 4120 582 4166 in
598 4134 696 4182 angues.
745 4123 809 4175 terrai,
821 4117 845 4165 id
856 4127 900 4173 est,
911 4119 1006 4165 solares.
1018 4115 1101 4181 iulos
1111 4129 1165 4177 sqq.
1202 4111 1241 4158 Vo-

199 4187 289 4254 lusestu
303 4206 366 4241 nunc
382 4191 548 4256 pumiceque
565 4191 697 4240 infestatur.
746 4195 795 4240 cari
806 4192 836 4240 ab
847 4191 928 4257 aliqua
937 4207 962 4240 re
973 4188 1060 4238 dicitur
1071 4187 1105 4245 id,
1117 4185 1181 4250 quod
1192 4198 1242 4234 eam
