2812 5010
324 319 391 384 DE
415 319 579 384 OPERE
602 319 1095 390 METAMORPHOSEON.
1123 329 1235 393 xxxvii

189 514 248 555 aaa
267 500 338 556 tota
344 477 348 487 ²
358 500 478 568 coeunt,
494 491 633 578 qffieiunt
651 493 766 570 orbem,
782 493 853 578 ipsa
868 496 1053 580 plenissima
1072 498 1186 584 fulget,
1202 511 1235 565 et

186 610 288 674 solida
312 609 452 696 imagine
480 620 606 694 spectat
628 613 858 675 terram-xii.
880 613 923 676 46
946 637 1015 699 sqq.
1044 614 1143 680 Fama
1166 626 1236 683 tota

175 728 303 813 fremit,
321 751 412 793 voees
434 729 544 814 refert,
565 731 663 794 iterat
685 731 772 816 quod
791 731 892 807 audit,
908 732 1010 796 Nulla
1030 735 1119 818 quies
1139 737 1234 813 intus,

183 847 333 931 nullaque
349 848 478 912 alentio
492 859 602 934 parte.
648 849 753 914 Miror
770 851 879 935 itaque
895 851 1044 929 Critieos,
1059 854 1116 939 qui
1135 853 1185 918 his
1200 866 1235 919 et

182 963 301 1029 talibus
331 987 397 1030 non
425 965 540 1042 offensi
567 978 686 1044 essent,
709 990 819 1032 versus
849 990 994 1034 resecare
1020 969 1169 1049 voluisse,
1199 975 1233 1036 iu

181 1084 301 1168 quibus
326 1084 426 1149 multo
454 1086 560 1149 minus
584 1086 822 1162 redundantiae,
848 1097 886 1150 ut
907 1088 971 1151 viii.
994 1089 1054 1166 87;
1071 1091 1135 1170 'ubi
1156 1101 1232 1175 post

180 1204 283 1268 verba
301 1205 483 1289 praedaqu'e
502 1205 609 1289 potito
634 1204 774 1289 nefando
795 1206 940 1288 sequitur
962 1229 1074 1272 versus
1094 1207 1232 1274 Heinsio

179 1322 402 1406 improbatus:

260 1472 334 1531 Fert
347 1491 444 1531 seeum
458 1473 580 1550 spolium
593 1473 717 1544 sceleris,
731 1495 935 1555 progressaque
948 1488 1040 1555 ports,
1054 1489 1108 1538 etc.
1205 1494 1208 1500 '
1282 1470 1286 1480 ¹

181 1685 278 1751 Talia
291 1687 377 1752 bene
390 1685 491 1752 multa
501 1689 740 1752 commemorari
751 1700 894 1775 possent.
928 1689 1025 1775 Saepe
1036 1691 1119 1755 enirn
1131 1693 1231 1757 otiose

181 1806 337 1871 nonnulla
366 1808 506 1892 subjicit,
532 1819 566 1873 et
589 1809 753 1873 interdum
779 1809 855 1872 satia
880 1809 1130 1895 huguitio—iii.
1154 1810 1229 1886 715,

179 1925 263 1990 bene
288 1926 381 2002 dixit,
405 1927 470 1990 ruit
491 1926 590 1990 omnis
613 1927 647 1990 in
671 1950 763 1990 onum
793 1927 902 1990 Turba
916 1928 1045 2011 sarens,
1066 1929 1162 1993 modo
1187 1952 1228 1993 ne

181 2044 370 2120 addidisset,
392 2053 511 2109 minotae
534 2053 645 2108 coeunt
667 2053 848 2128 minetaeqoe
872 2047 1130 2129 sequentes—ii.
1156 2047 1227 2125 168,

181 2160 265 2246 Solis
281 2163 357 2246 equi
376 2171 470 2225 ruunt
484 2162 651 2246 tritumque
665 2162 844 2246 rebisqusnt
859 2163 1015 2248 Spatium.
1061 2163 1136 2229 Hoc
1151 2167 1227 2229 satis

179 2281 311 2359 fuisset3
335 2282 393 2346 sed
413 2283 523 2366 inepte
540 2282 657 2367 pergit,
677 2305 744 2359 nec,
760 2305 821 2367 quo
839 2285 942 2369 prius,
958 2286 1068 2349 ordine
1087 2296 1226 2350 currunt.

182 2401 260 2478 Ubi,
277 2401 318 2465 iv.
335 2401 410 2478 300,
430 2401 550 2466 fontem
574 2401 695 2466 clarum
717 2403 793 2466 satis
816 2403 1041 2488 descripserat,
1061 2426 1126 2467 non
1145 2414 1226 2481 erat,

179 2541 236 2584 cur
257 2519 406 2596 adderet,
419 2520 612 2605 perspicuus
634 2519 738 2603 liquor
760 2528 816 2583 est.
842 2519 956 2592 Quid?
988 2521 1031 2584 xi.
1054 2522 1129 2597 519,
1151 2532 1226 2606 post

177 2637 341 2702 horrenda
364 2637 562 2722 tempestatis
584 2636 797 2722 phaenomena
819 2648 939 2713 monet,
961 2638 1032 2701 vehi
1056 2639 1223 2703 maduisse.

177 2757 254 2821 Non
274 2759 375 2842 igitur
393 2768 475 2834 erat,
495 2779 553 2821 cur
575 2755 742 2833 HeinsiuS,
757 2756 810 2819 vii.
832 2757 907 2832 527,
922 2756 1021 2819 verba
1045 2779 1115 2841 quoe
1138 2757 1224 2820 vieta

168 2875 316 2960 jacebat,
331 2885 369 2939 ut
389 2874 492 2939 otiosa
511 2884 544 2938 et
562 2873 716 2958 languida
730 2883 805 2957 post
827 2873 1003 2957 superiora,
1021 2873 1128 2938 deleta
1149 2873 1226 2937 mal·

176 2992 230 3058 let.
278 2993 506 3078 Intempestive
530 2994 626 3058 etiam
644 2993 768 3068 inserit,
784 3014 857 3076 quae
876 2993 1028 3057 brevitati
1047 3004 1080 3056 et
1101 2994 1225 3078 perspi-

176 3113 287 3176 cuitati
310 3112 525 3176 obsunt—iv.
544 3110 676 3185 616-19,
700 3108 841 3172 Perseus
865 3130 964 3193 super
985 3107 1125 3193 Libycas
1146 3131 1226 3193 pen-

177 3229 232 3293 det
257 3252 383 3305 arenas,
404 3241 448 3306 et,
469 3229 544 3305 626,
566 3227 711 3292 consistit
736 3227 769 3290 in
791 3249 892 3311 regno
907 3225 1060 3291 Atlantis.
1098 3226 1223 3292 Versus

176 3349 275 3434 igitur
290 3349 420 3424 620-25,
435 3349 468 3411 in
483 3348 600 3432 quibus
615 3347 680 3410 huc
695 3357 729 3412 et
743 3346 829 3423 illuc,
845 3348 887 3411 ad
902 3347 1021 3411 Arctos
1033 3358 1067 3412 et
1081 3347 1123 3410 ad
1140 3347 1224 3410 Can-

176 3488 265 3530 crum
285 3466 383 3543 volat,
407 3465 510 3530 alieno
535 3464 608 3530 loco
630 3465 801 3550 interjecti.
849 3464 932 3528 Sunt
954 3475 1066 3530 contra
1086 3463 1168 3540 loca,
1190 3465 1223 3526 in

175 3587 294 3671 quibus
318 3586 412 3650 nimio
436 3585 601 3650 brevitatis
621 3586 725 3649 studio
748 3584 852 3649 faetus
876 3595 927 3649 est
948 3584 1123 3647 obscurior.
1170 3582 1222 3645 Eo

174 3705 262 3780 vitio,
283 3705 305 3767 i.
334 3704 395 3767 170
422 3726 492 3787 sqq.
516 3702 643 3766 laborat
669 3701 755 3766 sedis
784 3701 923 3766 coelestis
950 3700 1135 3784 descripti0,
1161 3721 1222 3763 nec

174 3823 352 3907 quisquam,
367 3823 408 3886 iv.
425 3823 488 3886 787
503 3845 573 3906 sqq.
589 3821 643 3885 illa

249 4081 402 4161 Eripuisse
412 4094 499 4163 eaput
510 4083 590 4153 eollo,
603 4084 763 4163 pennisque
775 4084 907 4162 fugaoem

237 4176 382 4255 -Pegason
394 4188 425 4238 et
438 4178 566 4248 irenem,
580 4179 681 4238 matris
694 4179 731 4238 de
744 4178 884 4256 sanguine
898 4191 997 4246 natos,
1062 4203 1071 4238 r
1181 4219 1189 4247 ,-
