2812 5010
270 339 739 409 METAMORPHOSEON
762 342 852 408 LIB.
868 341 938 407 ΙΙΙ.
1057 345 1121 410 261

74 510 164 587 Hoc
188 513 323 611 probat
339 513 584 604 Alcimedon;
613 524 665 602 et,
684 515 749 614 qui
777 515 1021 613 requiemque
1041 541 1118 590 mo-

229 628 397 726 dumque

76 741 183 819 Voce
201 744 318 818 dabat
334 745 458 832 remis,
478 745 683 820 animorum
700 745 866 821 hortator
881 743 1081 844 Epopeus3

80 859 164 934 Hoc
182 884 312 935 omnes
327 861 411 934 alii:
432 861 569 961 praedae
584 871 661 934 tam
675 884 776 934 caeca
793 859 932 958 cupido
950 861 1030 935 est!
1049 866 1123 936 620

81 974 169 1050 Non
186 986 314 1052 tamen
331 976 427 1050 hanc
447 998 552 1050 sacro
569 976 698 1049 violari
716 976 881 1074 pondere
899 975 1030 1074 pinum

81 1090 289 1192 Perpetiar,
309 1091 410 1180 dixi3
440 1115 526 1189 pars
543 1090 604 1163 hic
623 1090 714 1163 mihi
732 1090 896 1164 maxima
908 1090 1027 1188 juris3

82 1205 203 1304 Inque
218 1206 321 1281 aditu
339 1207 503 1281 obsisto:
532 1206 621 1280 furit
639 1206 908 1281 audacissimus
927 1207 1028 1279 omni

83 1321 139 1397 De
155 1347 309 1399 numero
326 1323 509 1422 Lycabas
522 1323 587 1421 qui
605 1323 756 1396 Thusca
772 1323 902 1420 pulsus
921 1322 968 1395 ab
987 1322 1079 1395 urbe

83 1437 261 1527 Exilium,
282 1438 363 1512 dira
379 1463 527 1537 poenam
545 1462 612 1536 pro
630 1439 745 1524 caede,
766 1437 905 1511 luebat.
1046 1441 1119 1511 625

82 1551 119 1626 Is
137 1552 242 1641 mihi,
261 1555 352 1627 dum
369 1565 481 1640 resto,
496 1553 652 1652 juvenili
671 1562 823 1650 guttura
841 1575 967 1650 pugno

84 1668 224 1767 Rupit3
251 1679 289 1744 et
306 1695 508 1743 excussum
525 1670 691 1743 misisset
707 1670 745 1741 in
763 1692 927 1767 aequora,
947 1667 978 1740 si
996 1692 1071 1741 non

83 1782 298 1872 Haesissem,
311 1786 480 1883 quamvis
492 1785 779 1873 amens,iufune
793 1794 974 1858 retentus,
996 1785 1117 1880 [chus

83 1898 204 1998 Impia
226 1902 337 1975 turba
359 1903 519 1999 probant
541 1901 703 1976 factum:
719 1912 815 1973 ‘tum
837 1899 1003 1997 denique
1022 1900 1118 1973 Bac-

84 2015 257 2089 Bacchus
275 2018 374 2090 enim
392 2017 523 2106 fuerat,
542 2019 656 2092 veluti
675 2019 836 2092 clamore
855 2018 1000 2089 solutus
1048 2021 1121 2090 630

85 2129 140 2204 Sit
157 2155 280 2231 sopor,
299 2157 396 2230 aque
414 2157 515 2207 mero
534 2134 687 2209 redeant
705 2132 742 2206 in
761 2143 915 2231 pectora
933 2155 1077 2217 sensae,

82 2328 156 2381 video.
189 2330 225 2389 si,
242 2348 315 2397 quum
334 2334 466 2383 Melanthus
484 2335 577 2399 nigrum
616 2337 725 2384 ‘formam
747 2342 897 2398 constuprare
917 2331 1038 2380 Bacchum
1056 2320 1122 2380 vo'lu·

83 2412 160 2462 notet,
173 2405 257 2456 ludere
271 2408 355 2466 voluit,
372 2409 439 2458 lusus
456 2405 496 2458 ille
511 2410 576 2476 inep-
626 2410 680 2459 isse.
713 2409 786 2475 Apud
804 2409 933 2456 Homerum
950 2405 1050 2456 vinculis
1069 2421 1123 2453 eum

82 2486 118 2527 tus
134 2487 179 2528 eat.
213 2481 354 2539 Melanthos,
371 2483 460 2548 Hygia.
494 2484 575 2541 Melos,
626 2485 699 2548 ligare
708 2484 798 2539 volunt,
814 2482 856 2530 sed
873 2481 916 2530 illa
934 2487 1017 2545 sponte
1035 2479 1124 2527 eadunt

79 2552 143 2616 quod
154 2553 230 2602 forma
240 2554 345 2618 quidem,
355 2572 402 2604 non
414 2566 494 2605 autem
505 2555 577 2620 signi·
627 2559 657 2607 de
667 2557 784 2606 manibus.

80 2625 190 2678 ficatione
201 2627 287 2678 differt.
317 2630 395 2678 Prorae
406 2633 486 2687 tutelo,
496 2630 521 2678 id
532 2640 574 2688 est,
657 2632 713 2681 621.
737 2631 838 2686 Pondus,
857 2627 974 2693 quidquid
994 2625 1124 2691 imponitur

80 2709 182 2764 proreta,
202 2701 344 2767 πρωρήτης,
358 2712 436 2752 custos
451 2712 475 2752 et
490 2705 575 2768 guber·
628 2707 683 2754 navi
698 2720 797 2769 corpus:
816 2721 855 2752 xv.
866 2704 925 2751 694.
936 2701 971 2750 sic
982 2710 1082 2750 estoaas
1093 2700 1123 2748 de

80 2782 156 2832 nator,
174 2775 200 2823 in
216 2792 285 2840 prora
303 2777 378 2826 navis.
414 2777 481 2826 Alibi
503 2781 576 2827 tutela
625 2795 720 2844 corpore
731 2776 780 2827 Dei
790 2793 875 2826 navem
885 2786 1014 2841 premente.
1044 2775 1124 2824 Navis

79 2852 143 2898 uois
156 2857 194 2899 est
207 2849 359 2899 simulacrum
370 2851 419 2900 Dei
434 2853 540 2901 tutelaris
551 2852 576 2901 in
625 2854 726 2901 violatur
740 2851 853 2917 pondere,
864 2850 921 2914 quia
938 2866 975 2898 res
990 2848 1062 2914 impia
1077 2857 1124 2906 est,

79 2922 153 2988 pappi
169 2923 322 2973 collocatum.
357 2924 420 2974 Vide
431 2925 519 2990 virgil.
531 2927 574 2975 AE·
626 2926 712 2989 Deumv
727 2925 750 2974 vi
772 2924 899 2973 abductum
919 2922 944 2971 in
963 2938 993 2971 ea
1012 2921 1123 2971 retinere.

80 2996 145 3044 reid.
156 3013 180 3045 x.
191 2997 245 3044 171.
626 2999 742 3054 Parthie,
755 3005 804 3046 etc.
829 2999 887 3045 Erat
896 2997 997 3044 Acoetes
1007 2996 1136 3060 guberna.

109 3071 169 3119 619.
187 3073 246 3120 Erat
258 3071 507 3134 Ερορεωκελευστής,
517 3089 575 3134 pau·
626 3079 663 3121 tor
683 3071 759 3121 navis.
798 3072 896 3119 Homer.
915 3070 940 3118 d,
956 3070 973 3117 l.
992 3085 1060 3118 versu
1085 3071 1123 3116 15.

77 3148 162 3200 arius,
176 3143 280 3193 hortator
294 3145 417 3210 remigum,
428 3146 470 3210 qui
482 3147 575 3211 remigi-
626 3147 715 3211 Hygia.
733 3146 758 3195 d.
768 3146 786 3194 l.
820 3145 879 3193 Pars
898 3147 934 3193 hie
950 3146 1007 3193 mili
1025 3146 1123 3192 amoime

79 3218 124 3267 bus
141 3220 232 3266 modum
253 3218 334 3275 dabat,
353 3228 378 3267 et
399 3235 461 3268 nunc
479 3236 576 3285 pergere
618 3224 692 3283 juris.
718 3221 828 3277 Maxima,
839 3218 925 3284 iuquit,
934 3235 988 3280 pars
1000 3218 1070 3283 hujus
1081 3233 1124 3266 na·

74 3292 185 3356 jubebat,
196 3309 259 3341 nunc
274 3310 357 3342 cessure
372 3294 403 3342 ab
417 3309 494 3358 opere,
506 3303 576 3359 atque
626 3296 662 3343 vis
674 3303 710 3343 est
720 3311 783 3343 mea.

79 3365 152 3415 etiam
168 3367 277 3416 canendo
292 3371 394 3415 animam
411 3367 516 3416 addebat
534 3368 575 3417 de·
658 3370 715 3416 626.
726 3369 840 3424 Javenili,
847 3367 954 3430 adeoque
964 3364 1056 3417 fortia.
1065 3365 1123 3412 675.

80 3438 193 3504 fatigatis.
226 3440 327 3489 Modum
349 3449 429 3489 autem
447 3441 520 3490 dabat
538 3443 576 3490 vel
618 3444 678 3503 jecit
680 3443 828 3503 juveniliter,
840 3454 932 3488 summa
944 3437 973 3486 vi.
999 3436 1081 3496 Rapit,
1092 3436 1123 3483 de

80 3528 137 3570 occe,
148 3521 173 3562 et
182 3513 301 3563 interdum
311 3514 409 3578 quidem
423 3514 480 3563 satis
491 3515 576 3564 acerba
625 3524 711 3563 conatu
736 3512 887 3578 capiendum,
909 3525 1017 3574 rumpere
1040 3508 1123 3556 voluit.

78 3586 177 3650 (Senec.
188 3587 265 3652 Epist.
275 3587 331 3650 56.)
342 3589 380 3638 vel
397 3588 533 3653 portisculo,
548 3588 573 3637 id
625 3586 714 3650 Hygia.
737 3587 770 3634 nil
794 3584 886 3641 definit,
908 3587 1021 3645 injurtam
1045 3583 1073 3627 ab
1094 3583 1123 3628 iis

79 3669 122 3716 est,
144 3659 264 3718 malleolo,
279 3677 350 3725 quem
369 3677 440 3710 manu
460 3662 572 3720 tenebat3
622 3670 751 3722 possusest.

79 3733 131 3782 ride
153 3734 266 3783 Gronovii
287 3737 416 3784 observat.
435 3735 467 3783 iv.
485 3737 527 3783 26.
550 3743 574 3783 et
657 3735 713 3782 630.
731 3735 826 3780 Solutus
843 3729 925 3793 sepem]
943 3728 1045 3777 Solvitur
1060 3742 1121 3774 aom-

79 3806 201 3856 Drakenb.
211 3807 242 3855 ad
252 3808 335 3856 Silium
345 3808 465 3866 Italicum,
477 3811 510 3857 vi.
519 3810 573 3857 366.
625 3824 677 3864 nus,
688 3823 761 3871 quum
777 3804 912 3870 depellitur,
923 3802 992 3867 fugit.
1019 3803 1122 3859 Amare,

79 3881 156 3930 Iocus
172 3881 271 3945 elegans
283 3882 309 3931 iu
322 3898 375 3932 eam
391 3898 440 3931 rem
456 3891 492 3930 est
510 3881 575 3947 apud
624 3890 677 3944 post
694 3895 783 3928 merum
804 3879 931 3941 digestum.
964 3876 1014 3929 Quo
1030 3893 1063 3923 me
1084 3878 1123 3923 de·

79 3953 188 4020 Xenoph.
200 3955 284 4004 OEcon.
294 3956 342 4004 xxi.
352 3958 378 4005 3.
413 3957 485 4012 Caco,
501 3964 574 4004 teme·
617 3955 790 4019 ferreparotis.
816 3951 910 4001 Servius
919 3951 945 4000 d.
954 3951 971 4000 l.
980 3959 1122 4012 experrectus

80 4025 147 4085 ralia,
163 4027 256 4086 insana,
268 4045 321 4094 quae
341 4039 447 4078 excecat
462 4029 575 4087 animum,
626 4031 651 4076 in
669 4044 735 4084 aava,
756 4045 799 4090 quo
813 4030 944 4082 doceretur,
962 4025 1124 4088 interrogavit.

82 4114 126 4162 quo
143 4099 221 4149 minus
231 4100 321 4159 videat,
334 4102 392 4167 quid
408 4100 439 4149 sit
453 4101 518 4166 pium
534 4109 575 4149 aut
626 4102 799 4164 Responderunt
817 4103 863 4158 illi,
880 4118 923 4164 qao
944 4101 1020 4147 vellet.
1053 4099 1123 4146 Liber

81 4171 188 4297 irupyiqqq:¹
206 4175 328 4297 1{yginus
344 4177 419 4234 addit,
429 4192 470 4224 eos
484 4184 576 4242 propter
626 4178 709 4233 ait,od
722 4175 1105 4298 gaqamdnmlumsibiaoemtum.
