<?xml version="1.0" encoding="UTF-8"?>
<!DOCTYPE html PUBLIC "-//W3C//DTD XHTML 1.0 Transitional//EN"
    "http://www.w3.org/TR/xhtml1/DTD/xhtml1-transitional.dtd">
<html xmlns="http://www.w3.org/1999/xhtml" xml:lang="en" lang="en">
 <head>
  <title>
</title>
<meta http-equiv="Content-Type" content="text/html;charset=utf-8" />
  <meta name='ocr-system' content='tesseract 3.04.00' />
  <meta name='ocr-capabilities' content='ocr_page ocr_carea ocr_par ocr_line ocrx_word'/>
</head>
<body>
  <div class='ocr_page' id='page_1' title='image "./povidiinasoniso04burmgoog_0074.png"; bbox 0 0 2812 5010; ppageno 0'>
   <div class='ocr_carea' id='block_1_1' title="bbox 298 308 1140 380">
    <p class='ocr_par' dir='ltr' id='par_1_1' title="bbox 298 308 1140 380">
     <span class='ocr_line' id='line_1_1' title="bbox 298 308 1140 380; baseline 0.007 -6"><span class='ocrx_word' id='word_1_1' title='bbox 298 308 767 376; x_wconf 81' lang='lat' dir='ltr'><strong>METAMORPHOSEON</strong></span> <span class='ocrx_word' id='word_1_2' title='bbox 790 311 880 380; x_wconf 89' lang='lat' dir='ltr'>LIB.</span> <span class='ocrx_word' id='word_1_3' title='bbox 904 312 933 377; x_wconf 91' lang='lat'>1.</span> <span class='ocrx_word' id='word_1_4' title='bbox 1095 313 1140 380; x_wconf 79' lang='lat'>63</span> 
     </span>
    </p>
   </div>
   <div class='ocr_carea' id='block_1_2' title="bbox 93 479 1211 1165">
    <p class='ocr_par' dir='ltr' id='par_1_2' title="bbox 96 479 888 577">
     <span class='ocr_line' id='line_1_2' title="bbox 96 479 888 577; baseline 0.009 -23"><span class='ocrx_word' id='word_1_5' title='bbox 96 479 203 556; x_wconf 91' lang='lat' dir='ltr'>Unus</span> <span class='ocrx_word' id='word_1_6' title='bbox 220 492 302 556; x_wconf 87' lang='lat' dir='ltr'>erat</span> <span class='ocrx_word' id='word_1_7' title='bbox 317 493 397 559; x_wconf 91' lang='lat' dir='ltr'>toto</span> <span class='ocrx_word' id='word_1_8' title='bbox 416 481 571 557; x_wconf 87' lang='lat' dir='ltr'>Naturae</span> <span class='ocrx_word' id='word_1_9' title='bbox 588 486 713 559; x_wconf 87' lang='lat' dir='ltr'>vultus</span> <span class='ocrx_word' id='word_1_10' title='bbox 731 487 769 560; x_wconf 91' lang='lat' dir='ltr'>in</span> <span class='ocrx_word' id='word_1_11' title='bbox 787 489 888 577; x_wconf 87' lang='lat' dir='ltr'>orbe,</span> 
     </span>
    </p>

    <p class='ocr_par' dir='ltr' id='par_1_3' title="bbox 95 596 1083 702">
     <span class='ocr_line' id='line_1_3' title="bbox 95 596 1083 702; baseline 0.008 -33"><span class='ocrx_word' id='word_1_12' title='bbox 95 596 216 681; x_wconf 85' lang='lat' dir='ltr'><strong>Quem</strong></span> <span class='ocrx_word' id='word_1_13' title='bbox 234 599 363 675; x_wconf 87' lang='lat' dir='ltr'>dixere</span> <span class='ocrx_word' id='word_1_14' title='bbox 382 598 521 688; x_wconf 85' lang='lat' dir='ltr'>Chaos,</span> <span class='ocrx_word' id='word_1_15' title='bbox 541 600 643 675; x_wconf 88' lang='lat' dir='ltr'>rudis</span> <span class='ocrx_word' id='word_1_16' title='bbox 661 601 926 702; x_wconf 83' lang='lat' dir='ltr'>indigestaque</span> <span class='ocrx_word' id='word_1_17' title='bbox 943 605 1083 692; x_wconf 87' lang='lat' dir='ltr'>moles;</span> 
     </span>
    </p>

    <p class='ocr_par' dir='ltr' id='par_1_4' title="bbox 95 713 1137 904">
     <span class='ocr_line' id='line_1_4' title="bbox 95 713 1137 818; baseline 0.01 -34"><span class='ocrx_word' id='word_1_18' title='bbox 95 713 176 786; x_wconf 91' lang='lat' dir='ltr'>Nec</span> <span class='ocrx_word' id='word_1_19' title='bbox 205 714 427 814; x_wconf 83' lang='lat' dir='ltr'>quidquam,</span> <span class='ocrx_word' id='word_1_20' title='bbox 455 716 527 790; x_wconf 88' lang='lat' dir='ltr'>nisi</span> <span class='ocrx_word' id='word_1_21' title='bbox 556 717 704 815; x_wconf 89' lang='lat' dir='ltr'>pondus</span> <span class='ocrx_word' id='word_1_22' title='bbox 731 718 850 808; x_wconf 83' lang='lat' dir='ltr'>iners3</span> <span class='ocrx_word' id='word_1_23' title='bbox 880 729 1137 818; x_wconf 85' lang='lat' dir='ltr'>congestaque</span> 
     </span>
     <span class='ocr_line' id='line_1_5' title="bbox 242 831 379 904; baseline 0 0"><span class='ocrx_word' id='word_1_24' title='bbox 242 831 379 904; x_wconf 86' lang='lat' dir='ltr'>eodem</span> 
     </span>
    </p>

    <p class='ocr_par' dir='ltr' id='par_1_5' title="bbox 93 943 1048 1045">
     <span class='ocr_line' id='line_1_6' title="bbox 93 943 1048 1045; baseline 0.009 -29"><span class='ocrx_word' id='word_1_25' title='bbox 93 943 179 1018; x_wconf 91' lang='lat' dir='ltr'>Non</span> <span class='ocrx_word' id='word_1_26' title='bbox 197 947 297 1022; x_wconf 87' lang='lat' dir='ltr'>bene</span> <span class='ocrx_word' id='word_1_27' title='bbox 310 949 527 1045; x_wconf 90' lang='lat' dir='ltr'>junctarum</span> <span class='ocrx_word' id='word_1_28' title='bbox 544 948 732 1023; x_wconf 84' lang='lat' dir='ltr'>discordia</span> <span class='ocrx_word' id='word_1_29' title='bbox 749 950 894 1024; x_wconf 88' lang='lat' dir='ltr'>semina</span> <span class='ocrx_word' id='word_1_30' title='bbox 911 975 1048 1027; x_wconf 88' lang='lat' dir='ltr'>rerum.</span> 
     </span>
    </p>

    <p class='ocr_par' dir='ltr' id='par_1_6' title="bbox 93 1059 1211 1165">
     <span class='ocr_line' id='line_1_7' title="bbox 93 1059 1211 1165; baseline 0.009 -33"><span class='ocrx_word' id='word_1_31' title='bbox 93 1059 230 1136; x_wconf 90' lang='lat' dir='ltr'>Nullus</span> <span class='ocrx_word' id='word_1_32' title='bbox 249 1063 372 1139; x_wconf 92' lang='lat' dir='ltr'>adhuc</span> <span class='ocrx_word' id='word_1_33' title='bbox 390 1066 531 1143; x_wconf 88' lang='lat' dir='ltr'>mundo</span> <span class='ocrx_word' id='word_1_34' title='bbox 548 1067 744 1165; x_wconf 80' lang='lat' dir='ltr'>praebebat</span> <span class='ocrx_word' id='word_1_35' title='bbox 761 1067 904 1143; x_wconf 89' lang='lat' dir='ltr'>lumina</span> <span class='ocrx_word' id='word_1_36' title='bbox 919 1067 1052 1158; x_wconf 83' lang='lat' dir='ltr'>Titan3</span> <span class='ocrx_word' id='word_1_37' title='bbox 1090 1073 1135 1142; x_wconf 91' lang='grc'>10</span> <span class='ocrx_word' id='word_1_38' title='bbox 1208 1130 1211 1135; x_wconf 92' lang='grc'><strong>.</strong></span> 
     </span>
    </p>
   </div>
   <div class='ocr_carea' id='block_1_3' title="bbox 87 1338 1138 1782">
    <p class='ocr_par' dir='ltr' id='par_1_7' title="bbox 88 1338 1137 1630">
     <span class='ocr_line' id='line_1_8' title="bbox 89 1338 1137 1410; baseline 0.007 -24"><span class='ocrx_word' id='word_1_39' title='bbox 89 1339 225 1388; x_wconf 73' lang='lat' dir='ltr'>raritatibus</span> <span class='ocrx_word' id='word_1_40' title='bbox 241 1338 327 1387; x_wconf 85' lang='lat' dir='ltr'>fultum</span> <span class='ocrx_word' id='word_1_41' title='bbox 348 1349 372 1389; x_wconf 88' lang='lat' dir='ltr'>et</span> <span class='ocrx_word' id='word_1_42' title='bbox 392 1339 467 1389; x_wconf 88' lang='lat' dir='ltr'>multo</span> <span class='ocrx_word' id='word_1_43' title='bbox 487 1339 588 1400; x_wconf 76' lang='lat' dir='ltr'>facilius,</span> <span class='ocrx_word' id='word_1_44' title='bbox 640 1343 706 1396; x_wconf 82' lang='lat' dir='ltr'>Quod</span> <span class='ocrx_word' id='word_1_45' title='bbox 717 1347 773 1409; x_wconf 81' lang='lat' dir='ltr'>tagit</span> <span class='ocrx_word' id='word_1_46' title='bbox 781 1345 865 1400; x_wconf 67' lang='lat' dir='ltr'>omnia</span> <span class='ocrx_word' id='word_1_47' title='bbox 878 1342 1023 1410; x_wconf 63' lang='grc' dir='ltr'><strong>ἀπεριέχων</strong></span> <span class='ocrx_word' id='word_1_48' title='bbox 1029 1344 1061 1392; x_wconf 85' lang='grc' dir='ltr'>τὰ</span> <span class='ocrx_word' id='word_1_49' title='bbox 1072 1341 1137 1394; x_wconf 80' lang='grc' dir='ltr'>πάν·</span> 
     </span>
     <span class='ocr_line' id='line_1_9' title="bbox 88 1412 1137 1470; baseline 0.006 -10"><span class='ocrx_word' id='word_1_50' title='bbox 88 1412 470 1470; x_wconf 86' lang='lat' dir='ltr'>nisividissem,Seidenstikerum</span> <span class='ocrx_word' id='word_1_51' title='bbox 487 1415 513 1463; x_wconf 93' lang='lat' dir='ltr'>in</span> <span class='ocrx_word' id='word_1_52' title='bbox 528 1414 588 1464; x_wconf 93' lang='lat' dir='ltr'>libro</span> <span class='ocrx_word' id='word_1_53' title='bbox 639 1437 671 1466; x_wconf 82' lang='lat' dir='ltr'>ra</span> <span class='ocrx_word' id='word_1_54' title='bbox 692 1418 783 1467; x_wconf 84' lang='lat' dir='ltr'>Graecis</span> <span class='ocrx_word' id='word_1_55' title='bbox 806 1419 930 1467; x_wconf 83' lang='lat' dir='ltr'>dicebatur</span> <span class='ocrx_word' id='word_1_56' title='bbox 952 1419 1059 1467; x_wconf 81' lang='lat' dir='ltr'>coelum:</span> <span class='ocrx_word' id='word_1_57' title='bbox 1087 1420 1137 1467; x_wconf 79' lang='lat' dir='ltr'>ccli</span> 
     </span>
     <span class='ocr_line' id='line_1_10' title="bbox 89 1487 1137 1558; baseline 0.005 -23"><span class='ocrx_word' id='word_1_58' title='bbox 89 1487 424 1554; x_wconf 55' lang='lat' dir='ltr'>Philologiscbqadugogisebes</span> <span class='ocrx_word' id='word_1_59' title='bbox 444 1489 589 1554; x_wconf 74' lang='lat' dir='ltr'>Megarica</span> <span class='ocrx_word' id='word_1_60' title='bbox 639 1502 734 1558; x_wconf 82' lang='lat' dir='ltr'>tegmert,</span> <span class='ocrx_word' id='word_1_61' title='bbox 756 1493 807 1542; x_wconf 87' lang='lat' dir='ltr'>Cic.</span> <span class='ocrx_word' id='word_1_62' title='bbox 829 1494 888 1542; x_wconf 92' lang='lat' dir='ltr'>Nat.</span> <span class='ocrx_word' id='word_1_63' title='bbox 909 1493 942 1541; x_wconf 91' lang='lat' dir='ltr'>D.</span> <span class='ocrx_word' id='word_1_64' title='bbox 963 1493 988 1541; x_wconf 89' lang='lat' dir='ltr'>ii.</span> <span class='ocrx_word' id='word_1_65' title='bbox 1011 1494 1058 1554; x_wconf 66' lang='lat'>1⁴13</span> <span class='ocrx_word' id='word_1_66' title='bbox 1085 1493 1137 1542; x_wconf 77' lang='lat' dir='ltr'>culi</span> 
     </span>
     <span class='ocr_line' id='line_1_11' title="bbox 90 1561 948 1630; baseline 0.008 -19"><span class='ocrx_word' id='word_1_67' title='bbox 90 1561 248 1627; x_wconf 84' lang='lat' dir='ltr'>Wiedeburg.</span> <span class='ocrx_word' id='word_1_68' title='bbox 261 1562 362 1612; x_wconf 90' lang='lat' dir='ltr'>Helmst.</span> <span class='ocrx_word' id='word_1_69' title='bbox 380 1563 421 1612; x_wconf 86' lang='lat' dir='ltr'>ed.</span> <span class='ocrx_word' id='word_1_70' title='bbox 432 1563 506 1613; x_wconf 82' lang='lat' dir='ltr'>voli.</span> <span class='ocrx_word' id='word_1_71' title='bbox 522 1581 547 1630; x_wconf 85' lang='lat' dir='ltr'>p.</span> <span class='ocrx_word' id='word_1_72' title='bbox 564 1565 588 1614; x_wconf 82' lang='grc'>3.</span> <span class='ocrx_word' id='word_1_73' title='bbox 637 1570 741 1625; x_wconf 67' lang='lat' dir='ltr'>amatur,</span> <span class='ocrx_word' id='word_1_74' title='bbox 752 1568 822 1617; x_wconf 88' lang='lat' dir='ltr'>Lucr.</span> <span class='ocrx_word' id='word_1_75' title='bbox 832 1567 865 1616; x_wconf 88' lang='lat' dir='ltr'>vi.</span> <span class='ocrx_word' id='word_1_76' title='bbox 878 1569 948 1618; x_wconf 82' lang='lat'>11³1.</span> 
     </span>
    </p>

    <p class='ocr_par' dir='ltr' id='par_1_8' title="bbox 87 1634 1138 1782">
     <span class='ocr_line' id='line_1_12' title="bbox 87 1634 1138 1706; baseline 0.005 -22"><span class='ocrx_word' id='word_1_77' title='bbox 87 1641 112 1684; x_wconf 83' lang='lat' dir='ltr'>at</span> <span class='ocrx_word' id='word_1_78' title='bbox 120 1636 169 1684; x_wconf 79' lang='lat' dir='ltr'>vol.</span> <span class='ocrx_word' id='word_1_79' title='bbox 182 1634 209 1684; x_wconf 87' lang='lat' dir='ltr'>ii.</span> <span class='ocrx_word' id='word_1_80' title='bbox 220 1653 245 1701; x_wconf 90' lang='lat' dir='ltr'>p.</span> <span class='ocrx_word' id='word_1_81' title='bbox 254 1638 276 1684; x_wconf 89' lang='grc'>1.</span> <span class='ocrx_word' id='word_1_82' title='bbox 289 1644 362 1702; x_wconf 85' lang='lat' dir='ltr'>atqua</span> <span class='ocrx_word' id='word_1_83' title='bbox 372 1637 492 1696; x_wconf 79' lang='lat' dir='ltr'>Ianzium,</span> <span class='ocrx_word' id='word_1_84' title='bbox 504 1639 588 1689; x_wconf 84' lang='lat' dir='ltr'>acriter</span> <span class='ocrx_word' id='word_1_85' title='bbox 670 1645 693 1691; x_wconf 84' lang='lat'>6.</span> <span class='ocrx_word' id='word_1_86' title='bbox 714 1643 779 1692; x_wconf 71' lang='lat' dir='ltr'>Uarus</span> <span class='ocrx_word' id='word_1_87' title='bbox 791 1643 889 1706; x_wconf 75' lang='lat' dir='ltr'>uultus]</span> <span class='ocrx_word' id='word_1_88' title='bbox 909 1641 965 1692; x_wconf 87' lang='lat' dir='ltr'>Una</span> <span class='ocrx_word' id='word_1_89' title='bbox 979 1639 1078 1706; x_wconf 88' lang='lat' dir='ltr'>species,</span> <span class='ocrx_word' id='word_1_90' title='bbox 1089 1655 1138 1689; x_wconf 86' lang='lat' dir='ltr'>una</span> 
     </span>
     <span class='ocr_line' id='line_1_13' title="bbox 89 1709 1137 1782; baseline 0.003 -22"><span class='ocrx_word' id='word_1_91' title='bbox 89 1725 130 1774; x_wconf 80' lang='lat' dir='ltr'>pro</span> <span class='ocrx_word' id='word_1_92' title='bbox 144 1709 230 1760; x_wconf 82' lang='lat' dir='ltr'>Heius.</span> <span class='ocrx_word' id='word_1_93' title='bbox 241 1709 331 1760; x_wconf 85' lang='lat' dir='ltr'>ratione</span> <span class='ocrx_word' id='word_1_94' title='bbox 344 1719 418 1761; x_wconf 88' lang='lat' dir='ltr'>stare.</span> <span class='ocrx_word' id='word_1_95' title='bbox 451 1713 588 1778; x_wconf 82' lang='lat' dir='ltr'>Urgentilli</span> <span class='ocrx_word' id='word_1_96' title='bbox 637 1717 721 1774; x_wconf 82' lang='lat' dir='ltr'>forma,</span> <span class='ocrx_word' id='word_1_97' title='bbox 732 1717 758 1767; x_wconf 91' lang='lat' dir='ltr'>in</span> <span class='ocrx_word' id='word_1_98' title='bbox 774 1734 823 1782; x_wconf 91' lang='lat' dir='ltr'>qua</span> <span class='ocrx_word' id='word_1_99' title='bbox 838 1718 909 1766; x_wconf 84' lang='lat' dir='ltr'>nullae</span> <span class='ocrx_word' id='word_1_100' title='bbox 926 1724 1007 1782; x_wconf 77' lang='lat' dir='ltr'>partas</span> <span class='ocrx_word' id='word_1_101' title='bbox 1016 1715 1137 1764; x_wconf 73' lang='lat' dir='ltr'>&#39;ranamm</span> 
     </span>
    </p>
   </div>
   <div class='ocr_carea' id='block_1_4' title="bbox 86 1785 591 3712">
    <p class='ocr_par' dir='ltr' id='par_1_9' title="bbox 86 1785 591 3712">
     <span class='ocr_line' id='line_1_14' title="bbox 88 1785 589 1854; baseline 0.008 -21"><span class='ocrx_word' id='word_1_102' title='bbox 88 1785 141 1841; x_wconf 90' lang='lat' dir='ltr'>boc,</span> <span class='ocrx_word' id='word_1_103' title='bbox 155 1794 211 1834; x_wconf 79' lang='lat' dir='ltr'>eam</span> <span class='ocrx_word' id='word_1_104' title='bbox 228 1799 280 1834; x_wconf 86' lang='lat' dir='ltr'>esse</span> <span class='ocrx_word' id='word_1_105' title='bbox 297 1785 460 1844; x_wconf 82' lang='lat' dir='ltr'>difficiliorem,</span> <span class='ocrx_word' id='word_1_106' title='bbox 482 1787 589 1854; x_wconf 80' lang='lat' dir='ltr'>adeoque</span> 
     </span>
     <span class='ocr_line' id='line_1_15' title="bbox 88 1859 589 1925; baseline 0.008 -18"><span class='ocrx_word' id='word_1_107' title='bbox 88 1859 224 1921; x_wconf 84' lang='lat' dir='ltr'>veriorem·;&#39;</span> <span class='ocrx_word' id='word_1_108' title='bbox 235 1875 372 1925; x_wconf 87' lang='lat' dir='ltr'>quanquam</span> <span class='ocrx_word' id='word_1_109' title='bbox 390 1861 463 1911; x_wconf 90' lang='lat' dir='ltr'>Ovid.</span> <span class='ocrx_word' id='word_1_110' title='bbox 480 1861 589 1919; x_wconf 84' lang='lat' dir='ltr'>nonim-</span> 
     </span>
     <span class='ocr_line' id='line_1_16' title="bbox 88 1934 589 2001; baseline 0.006 -19"><span class='ocrx_word' id='word_1_111' title='bbox 88 1934 207 2000; x_wconf 80' lang='lat' dir='ltr'>peditiora</span> <span class='ocrx_word' id='word_1_112' title='bbox 222 1942 295 1991; x_wconf 89' lang='lat' dir='ltr'>amat,</span> <span class='ocrx_word' id='word_1_113' title='bbox 305 1935 348 1984; x_wconf 87' lang='lat' dir='ltr'>sed</span> <span class='ocrx_word' id='word_1_114' title='bbox 365 1935 472 1985; x_wconf 81' lang='lat' dir='ltr'>faciliora</span> <span class='ocrx_word' id='word_1_115' title='bbox 485 1936 589 2001; x_wconf 78' lang='lat' dir='ltr'>praefert.</span> 
     </span>
     <span class='ocr_line' id='line_1_17' title="bbox 87 2007 591 2074; baseline 0.008 -18"><span class='ocrx_word' id='word_1_116' title='bbox 87 2009 143 2058; x_wconf 84' lang='lat' dir='ltr'>Sine</span> <span class='ocrx_word' id='word_1_117' title='bbox 152 2007 228 2057; x_wconf 89' lang='lat' dir='ltr'>dubio</span> <span class='ocrx_word' id='word_1_118' title='bbox 238 2008 413 2074; x_wconf 86' lang='lat' dir='ltr'>lectoraliquis,</span> <span class='ocrx_word' id='word_1_119' title='bbox 425 2010 591 2069; x_wconf 82' lang='lat' dir='ltr'>autlibrarius,</span> 
     </span>
     <span class='ocr_line' id='line_1_18' title="bbox 87 2079 590 2143; baseline 0.002 -11"><span class='ocrx_word' id='word_1_120' title='bbox 87 2083 126 2132; x_wconf 85' lang='lat' dir='ltr'>cui</span> <span class='ocrx_word' id='word_1_121' title='bbox 136 2083 192 2132; x_wconf 87' lang='lat' dir='ltr'>loca</span> <span class='ocrx_word' id='word_1_122' title='bbox 204 2082 229 2131; x_wconf 90' lang='lat' dir='ltr'>in</span> <span class='ocrx_word' id='word_1_123' title='bbox 245 2079 308 2132; x_wconf 74' lang='lat' dir='ltr'>nous</span> <span class='ocrx_word' id='word_1_124' title='bbox 324 2083 398 2133; x_wconf 84' lang='lat' dir='ltr'>allata</span> <span class='ocrx_word' id='word_1_125' title='bbox 412 2084 590 2143; x_wconf 76' lang='lat' dir='ltr'>succurrebant,</span> 
     </span>
     <span class='ocr_line' id='line_1_19' title="bbox 88 2156 589 2215; baseline 0.008 -10"><span class='ocrx_word' id='word_1_126' title='bbox 88 2157 150 2206; x_wconf 84' lang='lat' dir='ltr'>hanc</span> <span class='ocrx_word' id='word_1_127' title='bbox 160 2156 215 2206; x_wconf 91' lang='lat' dir='ltr'>illis·</span> <span class='ocrx_word' id='word_1_128' title='bbox 224 2157 326 2207; x_wconf 77' lang='lat' dir='ltr'>similem</span> <span class='ocrx_word' id='word_1_129' title='bbox 339 2159 433 2209; x_wconf 86' lang='lat' dir='ltr'>efficere</span> <span class='ocrx_word' id='word_1_130' title='bbox 444 2158 526 2215; x_wconf 88' lang='lat' dir='ltr'>voluit,</span> <span class='ocrx_word' id='word_1_131' title='bbox 537 2176 589 2209; x_wconf 87' lang='lat' dir='ltr'>mn·</span> 
     </span>
     <span class='ocr_line' id='line_1_20' title="bbox 87 2231 589 2291; baseline 0.008 -10"><span class='ocrx_word' id='word_1_132' title='bbox 87 2240 135 2281; x_wconf 84' lang='lat' dir='ltr'>tato</span> <span class='ocrx_word' id='word_1_133' title='bbox 145 2236 222 2281; x_wconf 69' lang='lat' dir='ltr'>tetrius</span> <span class='ocrx_word' id='word_1_134' title='bbox 231 2231 257 2280; x_wconf 88' lang='lat' dir='ltr'>in</span> <span class='ocrx_word' id='word_1_135' title='bbox 267 2234 343 2282; x_wconf 83' lang='lat' dir='ltr'>tellus.</span> <span class='ocrx_word' id='word_1_136' title='bbox 368 2235 437 2291; x_wconf 78' lang='lat' dir='ltr'>Ante,</span> <span class='ocrx_word' id='word_1_137' title='bbox 446 2241 501 2282; x_wconf 83' lang='lat' dir='ltr'>unte</span> <span class='ocrx_word' id='word_1_138' title='bbox 512 2251 589 2286; x_wconf 83' lang='lat' dir='ltr'>rerum</span> 
     </span>
     <span class='ocr_line' id='line_1_21' title="bbox 88 2305 590 2372; baseline 0.008 -18"><span class='ocrx_word' id='word_1_139' title='bbox 88 2305 211 2371; x_wconf 80' lang='lat' dir='ltr'>originem.</span> <span class='ocrx_word' id='word_1_140' title='bbox 241 2305 461 2370; x_wconf 66' lang='lat' dir='ltr'>lapdacips&#39;odixit</span> <span class='ocrx_word' id='word_1_141' title='bbox 470 2307 590 2372; x_wconf 78' lang='lat' dir='ltr'>legislator</span> 
     </span>
     <span class='ocr_line' id='line_1_22' title="bbox 88 2379 588 2448; baseline 0.004 -19"><span class='ocrx_word' id='word_1_142' title='bbox 88 2379 215 2430; x_wconf 84' lang='lat' dir='ltr'>Judaicus.</span> <span class='ocrx_word' id='word_1_143' title='bbox 247 2381 315 2429; x_wconf 79' lang='lat' dir='ltr'>Mora</span> <span class='ocrx_word' id='word_1_144' title='bbox 340 2380 411 2445; x_wconf 82' lang='lat' dir='ltr'>igitur</span> <span class='ocrx_word' id='word_1_145' title='bbox 438 2389 464 2430; x_wconf 87' lang='lat' dir='ltr'>et</span> <span class='ocrx_word' id='word_1_146' title='bbox 489 2382 588 2448; x_wconf 83' lang='lat' dir='ltr'>reliqua,</span> 
     </span>
     <span class='ocr_line' id='line_1_23' title="bbox 87 2454 588 2512; baseline 0.012 -10"><span class='ocrx_word' id='word_1_147' title='bbox 87 2468 148 2503; x_wconf 73' lang='lat' dir='ltr'>usus</span> <span class='ocrx_word' id='word_1_148' title='bbox 158 2455 238 2504; x_wconf 81' lang='lat' dir='ltr'>uultus</span> <span class='ocrx_word' id='word_1_149' title='bbox 248 2463 305 2512; x_wconf 71' lang='lat' dir='ltr'>arnt,</span> <span class='ocrx_word' id='word_1_150' title='bbox 315 2454 406 2504; x_wconf 85' lang='lat' dir='ltr'>dictum</span> <span class='ocrx_word' id='word_1_151' title='bbox 417 2455 485 2512; x_wconf 81' lang='lat' dir='ltr'>toret,</span> <span class='ocrx_word' id='word_1_152' title='bbox 496 2464 525 2504; x_wconf 87' lang='lat' dir='ltr'>ut</span> <span class='ocrx_word' id='word_1_153' title='bbox 533 2457 588 2508; x_wconf 83' lang='lat' dir='ltr'>Art.</span> 
     </span>
     <span class='ocr_line' id='line_1_24' title="bbox 88 2527 591 2594; baseline 0.008 -17"><span class='ocrx_word' id='word_1_154' title='bbox 88 2529 171 2578; x_wconf 85' lang='lat' dir='ltr'>Amat.</span> <span class='ocrx_word' id='word_1_155' title='bbox 188 2527 215 2577; x_wconf 90' lang='lat' dir='ltr'>ii.</span> <span class='ocrx_word' id='word_1_156' title='bbox 232 2529 296 2577; x_wconf 76' lang='lat'>468:</span> <span class='ocrx_word' id='word_1_157' title='bbox 323 2529 418 2592; x_wconf 80' lang='lat' dir='ltr'>Unaque</span> <span class='ocrx_word' id='word_1_158' title='bbox 437 2539 505 2578; x_wconf 77' lang='lat' dir='ltr'>eram</span> <span class='ocrx_word' id='word_1_159' title='bbox 512 2531 591 2594; x_wconf 81' lang='lat' dir='ltr'>facies</span> 
     </span>
     <span class='ocr_line' id='line_1_25' title="bbox 86 2603 588 2667; baseline 0.006 -16"><span class='ocrx_word' id='word_1_160' title='bbox 86 2605 170 2660; x_wconf 80' lang='lat' dir='ltr'>sidera,</span> <span class='ocrx_word' id='word_1_161' title='bbox 182 2603 361 2667; x_wconf 63' lang='lat' dir='ltr'>terrufrctum,</span> <span class='ocrx_word' id='word_1_162' title='bbox 374 2612 399 2652; x_wconf 89' lang='lat' dir='ltr'>et</span> <span class='ocrx_word' id='word_1_163' title='bbox 414 2604 481 2654; x_wconf 76' lang='lat' dir='ltr'>Fert.</span> <span class='ocrx_word' id='word_1_164' title='bbox 491 2604 508 2652; x_wconf 91' lang='lat' dir='ltr'>i.</span> <span class='ocrx_word' id='word_1_165' title='bbox 527 2607 588 2654; x_wconf 84' lang='lat'>106:</span> 
     </span>
     <span class='ocr_line' id='line_1_26' title="bbox 89 2675 587 2742; baseline 0.012 -19"><span class='ocrx_word' id='word_1_166' title='bbox 89 2675 162 2742; x_wconf 78' lang='lat' dir='ltr'>Ignis,</span> <span class='ocrx_word' id='word_1_167' title='bbox 169 2694 241 2742; x_wconf 72' lang='lat' dir='ltr'>oque,</span> <span class='ocrx_word' id='word_1_168' title='bbox 252 2679 322 2726; x_wconf 81' lang='lat' dir='ltr'>tellas</span> <span class='ocrx_word' id='word_1_169' title='bbox 329 2694 392 2726; x_wconf 79' lang='lat' dir='ltr'>uuus</span> <span class='ocrx_word' id='word_1_170' title='bbox 404 2695 500 2727; x_wconf 78' lang='lat' dir='ltr'>scemata</span> <span class='ocrx_word' id='word_1_171' title='bbox 512 2691 587 2739; x_wconf 73' lang='lat' dir='ltr'>aaut,</span> 
     </span>
     <span class='ocr_line' id='line_1_27' title="bbox 88 2751 589 2816; baseline 0.01 -16"><span class='ocrx_word' id='word_1_172' title='bbox 88 2752 175 2816; x_wconf 90' lang='lat' dir='ltr'>quibus</span> <span class='ocrx_word' id='word_1_173' title='bbox 189 2751 250 2801; x_wconf 87' lang='lat' dir='ltr'>locis</span> <span class='ocrx_word' id='word_1_174' title='bbox 259 2761 373 2801; x_wconf 85' lang='lat' dir='ltr'>nostmm</span> <span class='ocrx_word' id='word_1_175' title='bbox 386 2751 489 2802; x_wconf 88' lang='lat' dir='ltr'>illustrat</span> <span class='ocrx_word' id='word_1_176' title='bbox 504 2754 589 2805; x_wconf 87' lang='lat' dir='ltr'>Heius.</span> 
     </span>
     <span class='ocr_line' id='line_1_28' title="bbox 88 2826 590 2894; baseline 0.002 -18"><span class='ocrx_word' id='word_1_177' title='bbox 88 2834 113 2876; x_wconf 85' lang='lat' dir='ltr'>et</span> <span class='ocrx_word' id='word_1_178' title='bbox 128 2843 184 2892; x_wconf 72' lang='lat' dir='ltr'>quse</span> <span class='ocrx_word' id='word_1_179' title='bbox 198 2842 310 2892; x_wconf 86' lang='lat' dir='ltr'>expressa</span> <span class='ocrx_word' id='word_1_180' title='bbox 319 2826 428 2877; x_wconf 83' lang='lat' dir='ltr'>videntur</span> <span class='ocrx_word' id='word_1_181' title='bbox 440 2842 471 2877; x_wconf 84' lang='lat' dir='ltr'>ex</span> <span class='ocrx_word' id='word_1_182' title='bbox 481 2827 590 2894; x_wconf 84' lang='lat' dir='ltr'>Euripid.</span> 
     </span>
     <span class='ocr_line' id='line_1_29' title="bbox 89 2899 589 2968; baseline 0.008 -20"><span class='ocrx_word' id='word_1_183' title='bbox 89 2899 208 2968; x_wconf 83' lang='lat' dir='ltr'>Menalip.</span> <span class='ocrx_word' id='word_1_184' title='bbox 218 2901 303 2967; x_wconf 75' lang='lat' dir='ltr'>fragm.</span> <span class='ocrx_word' id='word_1_185' title='bbox 314 2919 337 2967; x_wconf 88' lang='lat' dir='ltr'>p.</span> <span class='ocrx_word' id='word_1_186' title='bbox 348 2903 406 2952; x_wconf 79' lang='lat'>454.</span> <span class='ocrx_word' id='word_1_187' title='bbox 417 2910 476 2951; x_wconf 76' lang='lat' dir='ltr'>tom.</span> <span class='ocrx_word' id='word_1_188' title='bbox 487 2901 515 2951; x_wconf 89' lang='lat' dir='ltr'>ii.</span> <span class='ocrx_word' id='word_1_189' title='bbox 529 2903 589 2953; x_wconf 89' lang='lat' dir='ltr'>edit.</span> 
     </span>
     <span class='ocr_line' id='line_1_30' title="bbox 90 2975 589 3043; baseline 0.01 -19"><span class='ocrx_word' id='word_1_190' title='bbox 90 2975 153 3042; x_wconf 84' lang='lat' dir='ltr'>lips.</span> <span class='ocrx_word' id='word_1_191' title='bbox 169 2977 212 3025; x_wconf 87' lang='lat' dir='ltr'>ubi</span> <span class='ocrx_word' id='word_1_192' title='bbox 226 2977 366 3043; x_wconf 80' lang='lat' dir='ltr'>Menalippa</span> <span class='ocrx_word' id='word_1_193' title='bbox 380 2977 423 3034; x_wconf 83' lang='lat' dir='ltr'>ait,</span> <span class='ocrx_word' id='word_1_194' title='bbox 438 2993 464 3026; x_wconf 84' lang='lat' dir='ltr'>se</span> <span class='ocrx_word' id='word_1_195' title='bbox 483 2993 498 3026; x_wconf 89' lang='lat' dir='ltr'>a</span> <span class='ocrx_word' id='word_1_196' title='bbox 513 2986 589 3029; x_wconf 85' lang='lat' dir='ltr'>matre</span> 
     </span>
     <span class='ocr_line' id='line_1_31' title="bbox 90 3048 589 3118; baseline 0.008 -18"><span class='ocrx_word' id='word_1_197' title='bbox 90 3051 220 3118; x_wconf 82' lang='lat' dir='ltr'>accepisse,</span> <span class='ocrx_word' id='word_1_198' title='bbox 228 3048 273 3110; x_wconf 66' lang='lat' dir='ltr'>&#39;oc</span> <span class='ocrx_word' id='word_1_199' title='bbox 283 3050 389 3117; x_wconf 77' lang='grc' dir='ltr'><strong><em>οὐρανός</em></strong></span> <span class='ocrx_word' id='word_1_200' title='bbox 403 3069 429 3103; x_wconf 80' lang='grc' dir='ltr'>τε</span> <span class='ocrx_word' id='word_1_201' title='bbox 443 3051 504 3118; x_wconf 80' lang='grc' dir='ltr'><em>γαῖά</em></span> <span class='ocrx_word' id='word_1_202' title='bbox 517 3051 539 3103; x_wconf 76' lang='grc' dir='ltr'>τ’</span> <span class='ocrx_word' id='word_1_203' title='bbox 555 3053 589 3113; x_wconf 73' lang='grc' dir='ltr'>ἦν</span> 
     </span>
     <span class='ocr_line' id='line_1_32' title="bbox 88 3123 589 3190; baseline 0.006 -18"><span class='ocrx_word' id='word_1_204' title='bbox 88 3126 169 3190; x_wconf 72' lang='grc' dir='ltr'><strong><em>μορφὴ</em></strong></span> <span class='ocrx_word' id='word_1_205' title='bbox 179 3123 234 3190; x_wconf 81' lang='grc' dir='ltr'><strong>μία.</strong></span> <span class='ocrx_word' id='word_1_206' title='bbox 256 3125 405 3175; x_wconf 36' lang='grc' dir='ltr'>,νεωωεὶο</span> <span class='ocrx_word' id='word_1_207' title='bbox 420 3126 519 3176; x_wconf 86' lang='lat' dir='ltr'>molesta</span> <span class='ocrx_word' id='word_1_208' title='bbox 534 3135 589 3176; x_wconf 83' lang='lat' dir='ltr'>sunt</span> 
     </span>
     <span class='ocr_line' id='line_1_33' title="bbox 89 3199 589 3265; baseline 0.004 -19"><span class='ocrx_word' id='word_1_209' title='bbox 89 3201 162 3248; x_wconf 81' lang='lat' dir='ltr'>verba</span> <span class='ocrx_word' id='word_1_210' title='bbox 173 3199 273 3247; x_wconf 75' lang='lat' dir='ltr'>Natura</span> <span class='ocrx_word' id='word_1_211' title='bbox 282 3208 307 3248; x_wconf 92' lang='lat' dir='ltr'>et</span> <span class='ocrx_word' id='word_1_212' title='bbox 317 3209 363 3248; x_wconf 85' lang='lat' dir='ltr'>toto</span> <span class='ocrx_word' id='word_1_213' title='bbox 371 3203 397 3248; x_wconf 82' lang='lat' dir='ltr'>lo</span> <span class='ocrx_word' id='word_1_214' title='bbox 407 3202 465 3248; x_wconf 79' lang='lat' dir='ltr'>orbe.</span> <span class='ocrx_word' id='word_1_215' title='bbox 498 3200 589 3265; x_wconf 87' lang='lat' dir='ltr'>Displi-</span> 
     </span>
     <span class='ocr_line' id='line_1_34' title="bbox 89 3273 588 3340; baseline 0.006 -18"><span class='ocrx_word' id='word_1_216' title='bbox 89 3281 128 3323; x_wconf 84' lang='lat' dir='ltr'>cet</span> <span class='ocrx_word' id='word_1_217' title='bbox 141 3273 216 3322; x_wconf 88' lang='lat' dir='ltr'>etiarn</span> <span class='ocrx_word' id='word_1_218' title='bbox 227 3273 325 3322; x_wconf 71' lang='lat' dir='ltr'>aurasio</span> <span class='ocrx_word' id='word_1_219' title='bbox 338 3275 363 3322; x_wconf 91' lang='lat' dir='ltr'>in</span> <span class='ocrx_word' id='word_1_220' title='bbox 377 3273 492 3340; x_wconf 88' lang='lat' dir='ltr'>principio</span> <span class='ocrx_word' id='word_1_221' title='bbox 503 3275 588 3340; x_wconf 83' lang='lat' dir='ltr'>operis,</span> 
     </span>
     <span class='ocr_line' id='line_1_35' title="bbox 89 3347 588 3413; baseline 0.006 -18"><span class='ocrx_word' id='word_1_222' title='bbox 89 3347 129 3396; x_wconf 86' lang='lat' dir='ltr'>ubi</span> <span class='ocrx_word' id='word_1_223' title='bbox 139 3347 201 3396; x_wconf 85' lang='lat' dir='ltr'>nilril</span> <span class='ocrx_word' id='word_1_224' title='bbox 214 3348 334 3412; x_wconf 68' lang='lat' dir='ltr'>precessit</span> <span class='ocrx_word' id='word_1_225' title='bbox 346 3348 377 3397; x_wconf 86' lang='lat' dir='ltr'>ad</span> <span class='ocrx_word' id='word_1_226' title='bbox 388 3348 451 3413; x_wconf 91' lang='lat' dir='ltr'>quod</span> <span class='ocrx_word' id='word_1_227' title='bbox 465 3349 588 3399; x_wconf 81' lang='lat' dir='ltr'>referatur.</span> 
     </span>
     <span class='ocr_line' id='line_1_36' title="bbox 90 3421 589 3487; baseline 0.002 -17"><span class='ocrx_word' id='word_1_228' title='bbox 90 3421 138 3471; x_wconf 86' lang='lat' dir='ltr'>Vix</span> <span class='ocrx_word' id='word_1_229' title='bbox 148 3436 207 3485; x_wconf 81' lang='lat' dir='ltr'>ergo</span> <span class='ocrx_word' id='word_1_230' title='bbox 217 3421 301 3471; x_wconf 87' lang='lat' dir='ltr'>dubito</span> <span class='ocrx_word' id='word_1_231' title='bbox 308 3422 417 3487; x_wconf 69' lang='lat' dir='ltr'>prolerre</span> <span class='ocrx_word' id='word_1_232' title='bbox 432 3423 530 3471; x_wconf 87' lang='lat' dir='ltr'>alteram</span> <span class='ocrx_word' id='word_1_233' title='bbox 541 3423 589 3472; x_wconf 90' lang='lat' dir='ltr'>lec-</span> 
     </span>
     <span class='ocr_line' id='line_1_37' title="bbox 89 3495 590 3552; baseline 0.004 -8"><span class='ocrx_word' id='word_1_234' title='bbox 89 3495 188 3552; x_wconf 87' lang='lat' dir='ltr'>tionem,</span> <span class='ocrx_word' id='word_1_235' title='bbox 213 3497 247 3544; x_wconf 88' lang='lat' dir='ltr'>ab.</span> <span class='ocrx_word' id='word_1_236' title='bbox 263 3496 361 3546; x_wconf 77' lang='lat' dir='ltr'>Heinsio</span> <span class='ocrx_word' id='word_1_237' title='bbox 387 3496 487 3547; x_wconf 88' lang='lat' dir='ltr'>duorum</span> <span class='ocrx_word' id='word_1_238' title='bbox 514 3496 590 3546; x_wconf 89' lang='lat' dir='ltr'>Codd.</span> 
     </span>
     <span class='ocr_line' id='line_1_38' title="bbox 89 3569 589 3636; baseline 0 -18"><span class='ocrx_word' id='word_1_239' title='bbox 89 3569 231 3619; x_wconf 64' lang='lat' dir='ltr'>ancmfitate</span> <span class='ocrx_word' id='word_1_240' title='bbox 240 3570 343 3636; x_wconf 86' lang='lat' dir='ltr'>pulsam,</span> <span class='ocrx_word' id='word_1_241' title='bbox 361 3572 422 3620; x_wconf 77' lang='lat' dir='ltr'>date</span> <span class='ocrx_word' id='word_1_242' title='bbox 436 3589 499 3620; x_wconf 82' lang='lat' dir='ltr'>more</span> <span class='ocrx_word' id='word_1_243' title='bbox 511 3581 533 3619; x_wconf 82' lang='lat' dir='ltr'>ot</span> <span class='ocrx_word' id='word_1_244' title='bbox 544 3582 589 3620; x_wconf 85' lang='lat' dir='ltr'>ter·</span> 
     </span>
     <span class='ocr_line' id='line_1_39' title="bbox 89 3645 590 3712; baseline 0.006 -19"><span class='ocrx_word' id='word_1_245' title='bbox 89 3662 127 3695; x_wconf 83' lang='lat' dir='ltr'>rus</span> <span class='ocrx_word' id='word_1_246' title='bbox 139 3645 166 3694; x_wconf 53' lang='lat' dir='ltr'>‘at</span> <span class='ocrx_word' id='word_1_247' title='bbox 182 3649 242 3708; x_wconf 80' lang='lat' dir='ltr'>quud</span> <span class='ocrx_word' id='word_1_248' title='bbox 260 3650 317 3712; x_wconf 81' lang='lat' dir='ltr'>tegit</span> <span class='ocrx_word' id='word_1_249' title='bbox 332 3651 407 3696; x_wconf 79' lang='lat' dir='ltr'>omnia</span> <span class='ocrx_word' id='word_1_250' title='bbox 423 3648 511 3703; x_wconf 76' lang='lat' dir='ltr'>crolum,</span> <span class='ocrx_word' id='word_1_251' title='bbox 523 3655 590 3696; x_wconf 89' lang='lat' dir='ltr'>ante·</span> 
     </span>
    </p>
   </div>
   <div class='ocr_carea' id='block_1_5' title="bbox 637 1789 1140 3712">
    <p class='ocr_par' dir='ltr' id='par_1_10' title="bbox 637 1789 1138 2435">
     <span class='ocr_line' id='line_1_40' title="bbox 637 1789 1136 1856; baseline 0.002 -19"><span class='ocrx_word' id='word_1_252' title='bbox 637 1790 982 1856; x_wconf 85' lang='lat' dir='ltr'>figurarumdiscernipossent.</span> <span class='ocrx_word' id='word_1_253' title='bbox 1015 1789 1136 1846; x_wconf 76' lang='lat' dir='ltr'>Horatiae,</span> 
     </span>
     <span class='ocr_line' id='line_1_41' title="bbox 637 1863 1138 1914; baseline -0.006 -1"><span class='ocrx_word' id='word_1_254' title='bbox 637 1865 660 1914; x_wconf 90' lang='grc' dir='ltr'>Ι.</span> <span class='ocrx_word' id='word_1_255' title='bbox 678 1865 701 1914; x_wconf 80' lang='lat' dir='ltr'>&#39;i.</span> <span class='ocrx_word' id='word_1_256' title='bbox 725 1867 775 1914; x_wconf 85' lang='lat'>90:</span> <span class='ocrx_word' id='word_1_257' title='bbox 807 1865 890 1913; x_wconf 80' lang='lat' dir='ltr'>Vultus</span> <span class='ocrx_word' id='word_1_258' title='bbox 915 1875 1007 1913; x_wconf 79' lang='lat' dir='ltr'>mutans</span> <span class='ocrx_word' id='word_1_259' title='bbox 1034 1863 1138 1911; x_wconf 82' lang='lat' dir='ltr'>Proteus.</span> 
     </span>
     <span class='ocr_line' id='line_1_42' title="bbox 639 1938 1138 1993; baseline -0.006 -5"><span class='ocrx_word' id='word_1_260' title='bbox 639 1938 848 1988; x_wconf 65' lang='lat' dir='ltr'>Claudianum:</span> <span class='ocrx_word' id='word_1_261' title='bbox 868 1939 925 1993; x_wconf 80' lang='lat' dir='ltr'>Quis</span> <span class='ocrx_word' id='word_1_262' title='bbox 936 1940 1138 1987; x_wconf 72' lang='lat' dir='ltr'>dedictaaumcros</span> 
     </span>
     <span class='ocr_line' id='line_1_43' title="bbox 639 2012 1136 2062; baseline 0 -2"><span class='ocrx_word' id='word_1_263' title='bbox 639 2029 686 2061; x_wconf 81' lang='lat' dir='ltr'>uno</span> <span class='ocrx_word' id='word_1_264' title='bbox 695 2016 724 2062; x_wconf 83' lang='lat' dir='ltr'>ds</span> <span class='ocrx_word' id='word_1_265' title='bbox 735 2030 846 2062; x_wconf 74' lang='lat' dir='ltr'>monuere</span> <span class='ocrx_word' id='word_1_266' title='bbox 858 2015 950 2062; x_wconf 72' lang='lat' dir='ltr'>uultur?</span> <span class='ocrx_word' id='word_1_267' title='bbox 977 2013 1009 2061; x_wconf 89' lang='lat' dir='ltr'>Et</span> <span class='ocrx_word' id='word_1_268' title='bbox 1018 2012 1043 2060; x_wconf 89' lang='lat' dir='ltr'>lr.</span> <span class='ocrx_word' id='word_1_269' title='bbox 1053 2012 1071 2060; x_wconf 94' lang='lat' dir='ltr'>l.</span> <span class='ocrx_word' id='word_1_270' title='bbox 1081 2028 1136 2061; x_wconf 86' lang='lat' dir='ltr'>cum</span> 
     </span>
     <span class='ocr_line' id='line_1_44' title="bbox 638 2086 1137 2138; baseline -0.004 -2"><span class='ocrx_word' id='word_1_271' title='bbox 638 2086 737 2137; x_wconf 86' lang='lat' dir='ltr'>dilectu.</span> <span class='ocrx_word' id='word_1_272' title='bbox 770 2089 876 2138; x_wconf 78' lang='lat' dir='ltr'>Natura.</span> <span class='ocrx_word' id='word_1_273' title='bbox 892 2087 999 2136; x_wconf 83' lang='lat' dir='ltr'>Parentis</span> <span class='ocrx_word' id='word_1_274' title='bbox 1015 2093 1039 2135; x_wconf 87' lang='lat' dir='ltr'>et</span> <span class='ocrx_word' id='word_1_275' title='bbox 1056 2093 1137 2135; x_wconf 90' lang='lat' dir='ltr'>aucto·</span> 
     </span>
     <span class='ocr_line' id='line_1_45' title="bbox 639 2159 1138 2211; baseline 0 -2"><span class='ocrx_word' id='word_1_276' title='bbox 639 2160 672 2210; x_wconf 86' lang='lat' dir='ltr'>ris</span> <span class='ocrx_word' id='word_1_277' title='bbox 687 2161 793 2210; x_wconf 90' lang='lat' dir='ltr'>omnium</span> <span class='ocrx_word' id='word_1_278' title='bbox 802 2178 888 2211; x_wconf 89' lang='lat' dir='ltr'>rerum.</span> <span class='ocrx_word' id='word_1_279' title='bbox 920 2161 1014 2209; x_wconf 88' lang='lat' dir='ltr'>Natura</span> <span class='ocrx_word' id='word_1_280' title='bbox 1027 2159 1090 2209; x_wconf 86' lang='lat' dir='ltr'>enirn</span> <span class='ocrx_word' id='word_1_281' title='bbox 1101 2159 1138 2209; x_wconf 83' lang='lat' dir='ltr'>vis</span> 
     </span>
     <span class='ocr_line' id='line_1_46' title="bbox 639 2235 1138 2301; baseline -0.004 -17"><span class='ocrx_word' id='word_1_282' title='bbox 639 2245 676 2284; x_wconf 87' lang='lat' dir='ltr'>est</span> <span class='ocrx_word' id='word_1_283' title='bbox 693 2235 803 2300; x_wconf 82' lang='lat' dir='ltr'>quaedam</span> <span class='ocrx_word' id='word_1_284' title='bbox 822 2251 870 2301; x_wconf 92' lang='lat' dir='ltr'>qna</span> <span class='ocrx_word' id='word_1_285' title='bbox 890 2235 969 2283; x_wconf 86' lang='lat' dir='ltr'>omnia</span> <span class='ocrx_word' id='word_1_286' title='bbox 990 2241 1138 2294; x_wconf 69' lang='lat' dir='ltr'>nascuntur,</span> 
     </span>
     <span class='ocr_line' id='line_1_47' title="bbox 639 2307 1137 2375; baseline -0.004 -17"><span class='ocrx_word' id='word_1_287' title='bbox 639 2325 711 2375; x_wconf 90' lang='lat' dir='ltr'>qnam</span> <span class='ocrx_word' id='word_1_288' title='bbox 729 2312 821 2360; x_wconf 86' lang='lat' dir='ltr'>Seneca</span> <span class='ocrx_word' id='word_1_289' title='bbox 837 2309 898 2359; x_wconf 87' lang='lat' dir='ltr'>nihil</span> <span class='ocrx_word' id='word_1_290' title='bbox 914 2307 980 2357; x_wconf 89' lang='lat' dir='ltr'>alind</span> <span class='ocrx_word' id='word_1_291' title='bbox 996 2324 1047 2357; x_wconf 85' lang='lat' dir='ltr'>esse</span> <span class='ocrx_word' id='word_1_292' title='bbox 1064 2323 1137 2373; x_wconf 86' lang='lat' dir='ltr'>qnam</span> 
     </span>
     <span class='ocr_line' id='line_1_48' title="bbox 639 2385 956 2435; baseline -0.003 -2"><span class='ocrx_word' id='word_1_293' title='bbox 639 2385 718 2433; x_wconf 86' lang='lat' dir='ltr'>Deum</span> <span class='ocrx_word' id='word_1_294' title='bbox 730 2385 811 2435; x_wconf 86' lang='lat' dir='ltr'>sentit.</span> <span class='ocrx_word' id='word_1_295' title='bbox 953 2392 956 2397; x_wconf 86' lang='lat'>&#39;</span> 
     </span>
    </p>

    <p class='ocr_par' dir='ltr' id='par_1_11' title="bbox 638 2456 1139 3177">
     <span class='ocr_line' id='line_1_49' title="bbox 673 2456 1137 2523; baseline -0.009 -15"><span class='ocrx_word' id='word_1_296' title='bbox 673 2460 697 2508; x_wconf 82' lang='grc' dir='ltr'>Β.</span> <span class='ocrx_word' id='word_1_297' title='bbox 713 2459 800 2523; x_wconf 76' lang='lat' dir='ltr'>lucra]</span> <span class='ocrx_word' id='word_1_298' title='bbox 819 2457 923 2515; x_wconf 85' lang='lat' dir='ltr'>Inutilis,</span> <span class='ocrx_word' id='word_1_299' title='bbox 939 2456 985 2505; x_wconf 88' lang='lat' dir='ltr'>nisi</span> <span class='ocrx_word' id='word_1_300' title='bbox 1005 2456 1063 2521; x_wconf 91' lang='lat' dir='ltr'>quid</span> <span class='ocrx_word' id='word_1_301' title='bbox 1081 2456 1137 2520; x_wconf 76' lang='lat' dir='ltr'>inde</span> 
     </span>
     <span class='ocr_line' id='line_1_50' title="bbox 639 2530 1137 2595; baseline -0.004 -13"><span class='ocrx_word' id='word_1_302' title='bbox 639 2532 764 2583; x_wconf 80' lang='lat' dir='ltr'>formatum</span> <span class='ocrx_word' id='word_1_303' title='bbox 779 2540 850 2583; x_wconf 86' lang='lat' dir='ltr'>esset.</span> <span class='ocrx_word' id='word_1_304' title='bbox 882 2530 922 2580; x_wconf 87' lang='lat' dir='ltr'>Sic</span> <span class='ocrx_word' id='word_1_305' title='bbox 933 2530 1000 2595; x_wconf 91' lang='lat' dir='ltr'>Virg.</span> <span class='ocrx_word' id='word_1_306' title='bbox 1015 2531 1103 2595; x_wconf 85' lang='lat' dir='ltr'>Georg.</span> <span class='ocrx_word' id='word_1_307' title='bbox 1120 2531 1137 2580; x_wconf 91' lang='lat' dir='ltr'>i.</span> 
     </span>
     <span class='ocr_line' id='line_1_51' title="bbox 639 2603 1136 2671; baseline -0.008 -16"><span class='ocrx_word' id='word_1_308' title='bbox 639 2605 686 2655; x_wconf 77' lang='lat'>94:</span> <span class='ocrx_word' id='word_1_309' title='bbox 704 2608 772 2671; x_wconf 74' lang='lat' dir='ltr'>glebo</span> <span class='ocrx_word' id='word_1_310' title='bbox 787 2610 879 2662; x_wconf 77' lang='lat' dir='ltr'>laertes,</span> <span class='ocrx_word' id='word_1_311' title='bbox 894 2604 998 2661; x_wconf 88' lang='lat' dir='ltr'>inutiles,</span> <span class='ocrx_word' id='word_1_312' title='bbox 1013 2603 1058 2653; x_wconf 80' lang='lat' dir='ltr'>nisi</span> <span class='ocrx_word' id='word_1_313' title='bbox 1071 2619 1136 2652; x_wconf 89' lang='lat' dir='ltr'>com-</span> 
     </span>
     <span class='ocr_line' id='line_1_52' title="bbox 639 2677 1139 2731; baseline -0.008 0"><span class='ocrx_word' id='word_1_314' title='bbox 639 2679 782 2731; x_wconf 83' lang='lat' dir='ltr'>minuantur.</span> <span class='ocrx_word' id='word_1_315' title='bbox 815 2681 855 2729; x_wconf 89' lang='lat' dir='ltr'>De</span> <span class='ocrx_word' id='word_1_316' title='bbox 880 2678 977 2727; x_wconf 81' lang='lat' dir='ltr'>informi.</span> <span class='ocrx_word' id='word_1_317' title='bbox 999 2687 1023 2726; x_wconf 89' lang='lat' dir='ltr'>et</span> <span class='ocrx_word' id='word_1_318' title='bbox 1046 2677 1139 2727; x_wconf 85' lang='lat' dir='ltr'>inculta</span> 
     </span>
     <span class='ocr_line' id='line_1_53' title="bbox 639 2751 1138 2817; baseline -0.002 -15"><span class='ocrx_word' id='word_1_319' title='bbox 639 2754 702 2804; x_wconf 90' lang='lat' dir='ltr'>mole</span> <span class='ocrx_word' id='word_1_320' title='bbox 717 2753 790 2803; x_wconf 91' lang='lat' dir='ltr'>nolim</span> <span class='ocrx_word' id='word_1_321' title='bbox 805 2769 860 2802; x_wconf 91' lang='lat' dir='ltr'>cum</span> <span class='ocrx_word' id='word_1_322' title='bbox 879 2753 931 2800; x_wconf 86' lang='lat' dir='ltr'>aliis</span> <span class='ocrx_word' id='word_1_323' title='bbox 949 2751 1065 2817; x_wconf 84' lang='lat' dir='ltr'>accipere,</span> <span class='ocrx_word' id='word_1_324' title='bbox 1081 2751 1138 2816; x_wconf 86' lang='lat' dir='ltr'>quia</span> 
     </span>
     <span class='ocr_line' id='line_1_54' title="bbox 638 2826 1138 2896; baseline -0.008 -20"><span class='ocrx_word' id='word_1_325' title='bbox 638 2828 721 2896; x_wconf 86' lang='lat' dir='ltr'>idjam</span> <span class='ocrx_word' id='word_1_326' title='bbox 728 2827 858 2894; x_wconf 71' lang='lat' dir='ltr'>processit.</span> <span class='ocrx_word' id='word_1_327' title='bbox 883 2826 930 2875; x_wconf 81' lang='lat' dir='ltr'>Sed</span> <span class='ocrx_word' id='word_1_328' title='bbox 941 2842 1013 2890; x_wconf 88' lang='lat' dir='ltr'>qnam</span> <span class='ocrx_word' id='word_1_329' title='bbox 1023 2842 1066 2874; x_wconf 91' lang='lat' dir='ltr'>nos</span> <span class='ocrx_word' id='word_1_330' title='bbox 1075 2828 1138 2874; x_wconf 78' lang='lat' dir='ltr'>iner-</span> 
     </span>
     <span class='ocr_line' id='line_1_55' title="bbox 639 2901 1139 2967; baseline 0 -17"><span class='ocrx_word' id='word_1_331' title='bbox 639 2905 695 2954; x_wconf 83' lang='lat' dir='ltr'>tiam</span> <span class='ocrx_word' id='word_1_332' title='bbox 704 2903 867 2967; x_wconf 83' lang='lat' dir='ltr'>intelligimus,</span> <span class='ocrx_word' id='word_1_333' title='bbox 878 2917 907 2951; x_wconf 88' lang='lat' dir='ltr'>ea</span> <span class='ocrx_word' id='word_1_334' title='bbox 918 2917 979 2950; x_wconf 85' lang='lat' dir='ltr'>vers.</span> <span class='ocrx_word' id='word_1_335' title='bbox 991 2902 1031 2957; x_wconf 88' lang='grc'>16,</span> <span class='ocrx_word' id='word_1_336' title='bbox 1044 2902 1084 2949; x_wconf 89' lang='grc'>17.</span> <span class='ocrx_word' id='word_1_337' title='bbox 1096 2901 1139 2950; x_wconf 89' lang='lat' dir='ltr'>de·</span> 
     </span>
     <span class='ocr_line' id='line_1_56' title="bbox 638 2977 1138 3033; baseline -0.004 -7"><span class='ocrx_word' id='word_1_338' title='bbox 638 2977 756 3027; x_wconf 81' lang='lat' dir='ltr'>scribitur.</span> <span class='ocrx_word' id='word_1_339' title='bbox 789 2978 880 3026; x_wconf 71' lang='lat' dir='ltr'>&amp;mina</span> <span class='ocrx_word' id='word_1_340' title='bbox 905 2992 990 3033; x_wconf 63' lang='lat' dir='ltr'>ratim,</span> <span class='ocrx_word' id='word_1_341' title='bbox 1011 2977 1138 3032; x_wconf 85' lang='lat' dir='ltr'>clementa,</span> 
     </span>
     <span class='ocr_line' id='line_1_57' title="bbox 638 3051 1138 3119; baseline -0.002 -17"><span class='ocrx_word' id='word_1_342' title='bbox 638 3056 758 3119; x_wconf 77' lang='grc' dir='ltr'>στοιχεῖα,</span> <span class='ocrx_word' id='word_1_343' title='bbox 774 3053 838 3102; x_wconf 88' lang='lat' dir='ltr'>unde</span> <span class='ocrx_word' id='word_1_344' title='bbox 852 3051 932 3100; x_wconf 87' lang='lat' dir='ltr'>omnia</span> <span class='ocrx_word' id='word_1_345' title='bbox 946 3060 1005 3101; x_wconf 89' lang='lat' dir='ltr'>nata</span> <span class='ocrx_word' id='word_1_346' title='bbox 1020 3066 1072 3100; x_wconf 87' lang='lat' dir='ltr'>esse</span> <span class='ocrx_word' id='word_1_347' title='bbox 1087 3067 1138 3101; x_wconf 86' lang='lat' dir='ltr'>cre-</span> 
     </span>
     <span class='ocr_line' id='line_1_58' title="bbox 638 3127 735 3177; baseline 0.01 -2"><span class='ocrx_word' id='word_1_348' title='bbox 638 3127 735 3177; x_wconf 89' lang='lat' dir='ltr'>duntur.</span> 
     </span>
    </p>

    <p class='ocr_par' dir='ltr' id='par_1_12' title="bbox 638 3199 1140 3562">
     <span class='ocr_line' id='line_1_59' title="bbox 657 3199 1139 3264; baseline -0.004 -15"><span class='ocrx_word' id='word_1_349' title='bbox 657 3201 695 3250; x_wconf 87' lang='lat'>-9.</span> <span class='ocrx_word' id='word_1_350' title='bbox 713 3201 855 3264; x_wconf 75' lang='lat' dir='ltr'>Discordia]</span> <span class='ocrx_word' id='word_1_351' title='bbox 875 3199 960 3249; x_wconf 86' lang='lat' dir='ltr'>Heius.</span> <span class='ocrx_word' id='word_1_352' title='bbox 979 3199 1041 3264; x_wconf 83' lang='lat' dir='ltr'>conj.</span> <span class='ocrx_word' id='word_1_353' title='bbox 1058 3200 1139 3247; x_wconf 70' lang='lat' dir='ltr'>duror-</span> 
     </span>
     <span class='ocr_line' id='line_1_60' title="bbox 639 3272 1139 3339; baseline -0.002 -17"><span class='ocrx_word' id='word_1_354' title='bbox 639 3278 680 3323; x_wconf 79' lang='lat' dir='ltr'>tio.</span> <span class='ocrx_word' id='word_1_355' title='bbox 691 3276 801 3325; x_wconf 83' lang='lat' dir='ltr'>Frustra:</span> <span class='ocrx_word' id='word_1_356' title='bbox 820 3278 975 3338; x_wconf 80' lang='lat' dir='ltr'>mnlojunctc</span> <span class='ocrx_word' id='word_1_357' title='bbox 990 3272 1068 3339; x_wconf 88' lang='lat' dir='ltr'>potius</span> <span class='ocrx_word' id='word_1_358' title='bbox 1084 3281 1139 3322; x_wconf 89' lang='lat' dir='ltr'>sunt</span> 
     </span>
     <span class='ocr_line' id='line_1_61' title="bbox 638 3347 1138 3400; baseline -0.004 -2"><span class='ocrx_word' id='word_1_359' title='bbox 638 3349 756 3400; x_wconf 84' lang='lat' dir='ltr'>dissertas.</span> <span class='ocrx_word' id='word_1_360' title='bbox 789 3350 849 3399; x_wconf 91' lang='lat' dir='ltr'>Inde</span> <span class='ocrx_word' id='word_1_361' title='bbox 861 3365 915 3398; x_wconf 88' lang='lat' dir='ltr'>vero</span> <span class='ocrx_word' id='word_1_362' title='bbox 926 3347 1044 3397; x_wconf 87' lang='lat' dir='ltr'>oriebatur</span> <span class='ocrx_word' id='word_1_363' title='bbox 1054 3351 1138 3396; x_wconf 66' lang='lat' dir='ltr'>ducor-</span> 
     </span>
     <span class='ocr_line' id='line_1_62' title="bbox 639 3421 1140 3488; baseline -0.004 -16"><span class='ocrx_word' id='word_1_364' title='bbox 639 3427 679 3472; x_wconf 80' lang='lat' dir='ltr'>dio</span> <span class='ocrx_word' id='word_1_365' title='bbox 686 3424 737 3482; x_wconf 88' lang='lat' dir='ltr'>illa,</span> <span class='ocrx_word' id='word_1_366' title='bbox 748 3440 819 3488; x_wconf 88' lang='lat' dir='ltr'>quam</span> <span class='ocrx_word' id='word_1_367' title='bbox 835 3423 934 3479; x_wconf 82' lang='lat' dir='ltr'>Auctor,</span> <span class='ocrx_word' id='word_1_368' title='bbox 948 3421 1050 3470; x_wconf 83' lang='lat'>18-20.</span> <span class='ocrx_word' id='word_1_369' title='bbox 1061 3437 1140 3485; x_wconf 86' lang='lat' dir='ltr'>perse·</span> 
     </span>
     <span class='ocr_line' id='line_1_63' title="bbox 640 3499 729 3562; baseline 0.011 -16"><span class='ocrx_word' id='word_1_370' title='bbox 640 3499 729 3562; x_wconf 88' lang='lat' dir='ltr'>quitur.</span> 
     </span>
    </p>

    <p class='ocr_par' dir='ltr' id='par_1_13' title="bbox 640 3567 1139 3712">
     <span class='ocr_line' id='line_1_64' title="bbox 675 3567 1139 3632; baseline -0.011 -11"><span class='ocrx_word' id='word_1_371' title='bbox 675 3573 712 3621; x_wconf 92' lang='lat'>10.</span> <span class='ocrx_word' id='word_1_372' title='bbox 731 3573 818 3621; x_wconf 85' lang='lat' dir='ltr'>Nuttus</span> <span class='ocrx_word' id='word_1_373' title='bbox 828 3573 911 3629; x_wconf 80' lang='lat' dir='ltr'>adbuc,</span> <span class='ocrx_word' id='word_1_374' title='bbox 923 3570 981 3632; x_wconf 82' lang='lat' dir='ltr'>etc]</span> <span class='ocrx_word' id='word_1_375' title='bbox 998 3567 1139 3618; x_wconf 85' lang='lat' dir='ltr'>Cavendum</span> 
     </span>
     <span class='ocr_line' id='line_1_65' title="bbox 640 3641 1139 3712; baseline -0.012 -17"><span class='ocrx_word' id='word_1_376' title='bbox 640 3654 676 3695; x_wconf 85' lang='lat' dir='ltr'>est</span> <span class='ocrx_word' id='word_1_377' title='bbox 690 3655 774 3712; x_wconf 76' lang='lat' dir='ltr'>poeta,</span> <span class='ocrx_word' id='word_1_378' title='bbox 785 3662 815 3695; x_wconf 88' lang='lat' dir='ltr'>ne</span> <span class='ocrx_word' id='word_1_379' title='bbox 830 3645 855 3693; x_wconf 92' lang='lat' dir='ltr'>in</span> <span class='ocrx_word' id='word_1_380' title='bbox 872 3643 1006 3693; x_wconf 90' lang='lat' dir='ltr'>notionibus</span> <span class='ocrx_word' id='word_1_381' title='bbox 1023 3641 1139 3706; x_wconf 80' lang='lat' dir='ltr'>generali-</span> 
     </span>
    </p>
   </div>
   <div class='ocr_carea' id='block_1_6' title="bbox 87 3715 1243 4232">
    <p class='ocr_par' dir='ltr' id='par_1_14' title="bbox 87 3715 1243 4232">
     <span class='ocr_line' id='line_1_66' title="bbox 88 3715 1141 3784; baseline -0.003 -16"><span class='ocrx_word' id='word_1_382' title='bbox 88 3734 162 3784; x_wconf 85' lang='lat' dir='ltr'>quam</span> <span class='ocrx_word' id='word_1_383' title='bbox 172 3733 238 3767; x_wconf 86' lang='lat' dir='ltr'>mare</span> <span class='ocrx_word' id='word_1_384' title='bbox 248 3727 274 3768; x_wconf 90' lang='lat' dir='ltr'>et</span> <span class='ocrx_word' id='word_1_385' title='bbox 282 3719 375 3784; x_wconf 86' lang='lat' dir='ltr'>reliqua</span> <span class='ocrx_word' id='word_1_386' title='bbox 383 3727 558 3776; x_wconf 73' lang='lat' dir='ltr'>enumerentur,</span> <span class='ocrx_word' id='word_1_387' title='bbox 564 3719 590 3768; x_wconf 87' lang='lat' dir='ltr'>in</span> <span class='ocrx_word' id='word_1_388' title='bbox 639 3721 685 3769; x_wconf 86' lang='lat' dir='ltr'>bus</span> <span class='ocrx_word' id='word_1_389' title='bbox 694 3720 806 3770; x_wconf 88' lang='lat' dir='ltr'>subsistat</span> <span class='ocrx_word' id='word_1_390' title='bbox 815 3741 822 3779; x_wconf 78' lang='lat'>3</span> <span class='ocrx_word' id='word_1_391' title='bbox 839 3719 920 3782; x_wconf 90' lang='lat' dir='ltr'>itaque</span> <span class='ocrx_word' id='word_1_392' title='bbox 933 3724 958 3766; x_wconf 92' lang='lat' dir='ltr'>et</span> <span class='ocrx_word' id='word_1_393' title='bbox 968 3717 1055 3765; x_wconf 90' lang='lat' dir='ltr'>Noster</span> <span class='ocrx_word' id='word_1_394' title='bbox 1072 3715 1141 3782; x_wconf 88' lang='lat' dir='ltr'>copia</span> 
     </span>
     <span class='ocr_line' id='line_1_67' title="bbox 87 3786 1243 3860; baseline -0.003 -18"><span class='ocrx_word' id='word_1_395' title='bbox 87 3801 138 3843; x_wconf 91' lang='lat' dir='ltr'>toto</span> <span class='ocrx_word' id='word_1_396' title='bbox 157 3793 214 3842; x_wconf 83' lang='lat' dir='ltr'>orbe</span> <span class='ocrx_word' id='word_1_397' title='bbox 233 3809 294 3842; x_wconf 87' lang='lat' dir='ltr'>unus</span> <span class='ocrx_word' id='word_1_398' title='bbox 308 3793 390 3844; x_wconf 88' lang='lat' dir='ltr'>&#39;vultus</span> <span class='ocrx_word' id='word_1_399' title='bbox 405 3794 510 3842; x_wconf 70' lang='lat' dir='ltr'>‘Naturae</span> <span class='ocrx_word' id='word_1_400' title='bbox 530 3801 590 3844; x_wconf 88' lang='lat' dir='ltr'>erat.</span> <span class='ocrx_word' id='word_1_401' title='bbox 640 3794 735 3860; x_wconf 85' lang='lat' dir='ltr'>poetica</span> <span class='ocrx_word' id='word_1_402' title='bbox 744 3794 876 3859; x_wconf 79' lang='lat' dir='ltr'>praecipuas</span> <span class='ocrx_word' id='word_1_403' title='bbox 891 3791 973 3840; x_wconf 90' lang='lat' dir='ltr'>mundi</span> <span class='ocrx_word' id='word_1_404' title='bbox 990 3799 1069 3856; x_wconf 89' lang='lat' dir='ltr'>partes</span> <span class='ocrx_word' id='word_1_405' title='bbox 1081 3807 1140 3840; x_wconf 87' lang='lat' dir='ltr'>enn—</span> <span class='ocrx_word' id='word_1_406' title='bbox 1242 3786 1243 3789; x_wconf 61' lang='grc'>’</span> 
     </span>
     <span class='ocr_line' id='line_1_68' title="bbox 88 3865 1142 3934; baseline -0.002 -16"><span class='ocrx_word' id='word_1_407' title='bbox 88 3867 250 3918; x_wconf 84' lang='lat' dir='ltr'>Sicnihilhic</span> <span class='ocrx_word' id='word_1_408' title='bbox 260 3868 410 3934; x_wconf 86' lang='lat' dir='ltr'>impeditum.</span> <span class='ocrx_word' id='word_1_409' title='bbox 442 3869 590 3918; x_wconf 87' lang='lat' dir='ltr'>Nouautem</span> <span class='ocrx_word' id='word_1_410' title='bbox 640 3876 722 3926; x_wconf 85' lang='lat' dir='ltr'>merat,</span> <span class='ocrx_word' id='word_1_411' title='bbox 738 3885 791 3934; x_wconf 77' lang='lat' dir='ltr'>que</span> <span class='ocrx_word' id='word_1_412' title='bbox 813 3867 918 3916; x_wconf 88' lang='lat' dir='ltr'>nondum</span> <span class='ocrx_word' id='word_1_413' title='bbox 935 3869 1026 3932; x_wconf 77' lang='lat' dir='ltr'>digesta</span> <span class='ocrx_word' id='word_1_414' title='bbox 1047 3865 1142 3916; x_wconf 84' lang='lat' dir='ltr'>tuerint.</span> 
     </span>
     <span class='ocr_line' id='line_1_69' title="bbox 88 3940 1143 4009; baseline -0.002 -17"><span class='ocrx_word' id='word_1_415' title='bbox 88 3951 168 4009; x_wconf 82' lang='lat' dir='ltr'>poeta,</span> <span class='ocrx_word' id='word_1_416' title='bbox 178 3959 233 4009; x_wconf 74' lang='lat' dir='ltr'>quar</span> <span class='ocrx_word' id='word_1_417' title='bbox 250 3951 301 3992; x_wconf 90' lang='lat' dir='ltr'>erat</span> <span class='ocrx_word' id='word_1_418' title='bbox 317 3942 484 3994; x_wconf 83' lang='lat' dir='ltr'>Seidenstikeri</span> <span class='ocrx_word' id='word_1_419' title='bbox 502 3942 589 4009; x_wconf 87' lang='lat' dir='ltr'>opinio,</span> <span class='ocrx_word' id='word_1_420' title='bbox 640 3943 686 3991; x_wconf 91' lang='lat' dir='ltr'>Sed</span> <span class='ocrx_word' id='word_1_421' title='bbox 705 3943 768 3999; x_wconf 89' lang='lat' dir='ltr'>vide,</span> <span class='ocrx_word' id='word_1_422' title='bbox 785 3958 857 4007; x_wconf 88' lang='lat' dir='ltr'>qoam</span> <span class='ocrx_word' id='word_1_423' title='bbox 875 3942 979 3992; x_wconf 87' lang='lat' dir='ltr'>suaviter</span> <span class='ocrx_word' id='word_1_424' title='bbox 994 3940 1143 3990; x_wconf 85' lang='lat' dir='ltr'>exornaverit</span> 
     </span>
     <span class='ocr_line' id='line_1_70' title="bbox 89 4015 1151 4083; baseline -0.002 -18"><span class='ocrx_word' id='word_1_425' title='bbox 89 4017 129 4066; x_wconf 88' lang='lat' dir='ltr'>hic</span> <span class='ocrx_word' id='word_1_426' title='bbox 141 4018 313 4067; x_wconf 87' lang='lat' dir='ltr'>elementorum</span> <span class='ocrx_word' id='word_1_427' title='bbox 329 4033 451 4066; x_wconf 88' lang='lat' dir='ltr'>numerum</span> <span class='ocrx_word' id='word_1_428' title='bbox 465 4015 490 4065; x_wconf 92' lang='lat' dir='ltr'>in</span> <span class='ocrx_word' id='word_1_429' title='bbox 501 4017 552 4083; x_wconf 88' lang='lat' dir='ltr'>ipso</span> <span class='ocrx_word' id='word_1_430' title='bbox 561 4017 590 4065; x_wconf 88' lang='lat' dir='ltr'>li·</span> <span class='ocrx_word' id='word_1_431' title='bbox 641 4016 722 4066; x_wconf 87' lang='lat' dir='ltr'>tenuia</span> <span class='ocrx_word' id='word_1_432' title='bbox 737 4017 787 4075; x_wconf 90' lang='lat' dir='ltr'>illa,</span> <span class='ocrx_word' id='word_1_433' title='bbox 799 4016 904 4065; x_wconf 90' lang='lat' dir='ltr'>nondum</span> <span class='ocrx_word' id='word_1_434' title='bbox 919 4024 970 4065; x_wconf 86' lang='lat' dir='ltr'>erat</span> <span class='ocrx_word' id='word_1_435' title='bbox 980 4016 1024 4072; x_wconf 90' lang='lat' dir='ltr'>sol,</span> <span class='ocrx_word' id='word_1_436' title='bbox 1035 4015 1151 4064; x_wconf 88' lang='lat' dir='ltr'>nondum.</span> 
     </span>
     <span class='ocr_line' id='line_1_71' title="bbox 88 4089 1141 4158; baseline -0.002 -18"><span class='ocrx_word' id='word_1_437' title='bbox 88 4091 153 4141; x_wconf 81' lang='lat' dir='ltr'>minc</span> <span class='ocrx_word' id='word_1_438' title='bbox 177 4092 305 4158; x_wconf 69' lang='lat' dir='ltr'>precipere</span> <span class='ocrx_word' id='word_1_439' title='bbox 329 4090 413 4148; x_wconf 85' lang='lat' dir='ltr'>voluit,</span> <span class='ocrx_word' id='word_1_440' title='bbox 436 4090 481 4141; x_wconf 86' lang='lat' dir='ltr'>sed</span> <span class='ocrx_word' id='word_1_441' title='bbox 507 4091 591 4140; x_wconf 90' lang='lat' dir='ltr'>mundi</span> <span class='ocrx_word' id='word_1_442' title='bbox 640 4093 705 4149; x_wconf 85' lang='lat' dir='ltr'>luna,</span> <span class='ocrx_word' id='word_1_443' title='bbox 716 4099 764 4140; x_wconf 90' lang='lat' dir='ltr'>etc.</span> <span class='ocrx_word' id='word_1_444' title='bbox 798 4090 1004 4156; x_wconf 84' lang='lat' dir='ltr'>Prohispartibus</span> <span class='ocrx_word' id='word_1_445' title='bbox 1018 4089 1141 4139; x_wconf 86' lang='lat' dir='ltr'>nominan-</span> 
     </span>
     <span class='ocr_line' id='line_1_72' title="bbox 89 4162 1141 4232; baseline -0.006 -16"><span class='ocrx_word' id='word_1_446' title='bbox 89 4174 170 4231; x_wconf 76' lang='lat' dir='ltr'>partes</span> <span class='ocrx_word' id='word_1_447' title='bbox 187 4182 201 4215; x_wconf 87' lang='lat' dir='ltr'>e</span> <span class='ocrx_word' id='word_1_448' title='bbox 219 4165 311 4231; x_wconf 76' lang='lat' dir='ltr'>vulgari</span> <span class='ocrx_word' id='word_1_449' title='bbox 328 4164 442 4214; x_wconf 83' lang='lat' dir='ltr'>divisione</span> <span class='ocrx_word' id='word_1_450' title='bbox 462 4165 590 4217; x_wconf 88' lang='lat' dir='ltr'>nominare.</span> <span class='ocrx_word' id='word_1_451' title='bbox 641 4175 679 4215; x_wconf 90' lang='lat' dir='ltr'>tur</span> <span class='ocrx_word' id='word_1_452' title='bbox 691 4182 796 4232; x_wconf 76' lang='lat' dir='ltr'>persona</span> <span class='ocrx_word' id='word_1_453' title='bbox 813 4163 988 4232; x_wconf 73' lang='lat' dir='ltr'>mythologice,</span> <span class='ocrx_word' id='word_1_454' title='bbox 1000 4164 1087 4230; x_wconf 89' lang='lat' dir='ltr'>quibus</span> <span class='ocrx_word' id='word_1_455' title='bbox 1102 4162 1141 4216; x_wconf 87' lang='lat' dir='ltr'>hic</span> 
     </span>
    </p>
   </div>
   <div class='ocr_carea' id='block_1_7' title="bbox 638 4472 1281 4704">
    <p class='ocr_par' dir='ltr' id='par_1_15' title="bbox 638 4472 1281 4704">
     <span class='ocr_line' id='line_1_73' title="bbox 638 4472 1281 4704; baseline 0.006 -3"><span class='ocrx_word' id='word_1_456' title='bbox 638 4490 899 4704; x_wconf 64' lang='grc' dir='ltr'><strong>Ἀ</strong></span> <span class='ocrx_word' id='word_1_457' title='bbox 949 4472 1281 4704; x_wconf 65' lang='grc' dir='ltr'>,Α</span> 
     </span>
    </p>
   </div>
   <div class='ocr_carea' id='block_1_8' title="bbox 0 0 1412 5010">
    <p class='ocr_par' dir='ltr' id='par_1_16' title="bbox 0 0 1412 5010">
     <span class='ocr_line' id='line_1_74' title="bbox 0 0 1412 5010; baseline 0 0"><span class='ocrx_word' id='word_1_458' title='bbox 0 0 1412 5010; x_wconf 95' lang='lat' dir='ltr'> </span> 
     </span>
    </p>
   </div>
  </div>
 </body>
</html>
