2812 5010
298 336 364 403 322
595 339 633 402 P.
659 337 822 404 OVIDII
847 338 1057 406 NASONIS

299 515 375 590 ‘l'er
393 525 526 613 quater
544 513 672 608 exegit
689 513 850 611 repetita
867 539 933 613 per
951 516 1015 589 ilia
1032 517 1183 591 ferrum.

301 633 429 707 Litora
445 655 532 704 cum
549 630 684 727 plausu
702 630 842 703 clamor
861 655 1092 728 superasque
1112 633 1294 707 Deorum·

300 750 509 847 Implevere
528 745 678 818 domos:
700 745 878 841 gaudent,
894 771 1150 845 generumque
1170 751 1342 837 salutant,

297 864 569 960 Auxiliumque
586 863 721 936 domus
739 874 1042 962 servatoremque
1057 865 1223 941 fatentur
1275 873 1341 942 736

299 981 497 1085 Cassiope,
518 979 775 1077 Cepheusque
793 990 920 1077 pater:
950 983 1115 1056 resoluta
1132 984 1278 1058 catenis

299 1097 449 1172 Incedit
465 1097 581 1193 virgo,
599 1091 838 1193 pretiumque
856 1107 895 1169 et
912 1121 1028 1172 causa
1044 1099 1195 1173 laboris

298 1215 388 1315 Ipse
405 1238 538 1287 manus
557 1205 693 1285 hausta
709 1212 882 1287 victrices
900 1214 1021 1287 abluit
1037 1216 1158 1304 unda;

298 1329 620 1426 Anguiferurnque
638 1340 754 1428 caput
771 1329 865 1402 dura
881 1355 929 1403 ne
947 1331 1061 1404 laedat
1079 1356 1204 1417 arena,
1275 1336 1342 1405 740

298 1447 425 1520 Mollit
441 1449 598 1520 humum
616 1445 736 1534 foliis3
767 1456 951 1544 natasque
970 1448 1040 1521 sub
1060 1472 1210 1546 aequore
1225 1449 1341 1545 virgas

299 1564 453 1649 Sternit,
472 1572 511 1636 et
530 1562 688 1659 imponit
707 1561 968 1660 Phorcynidos
987 1587 1051 1636 ora
1069 1563 1256 1637 Medusae.

296 1680 414 1775 Virga
431 1702 574 1764 recem,
592 1677 797 1774 bibulaque
815 1678 1021 1751 etiamnum
1039 1679 1122 1752 viva
1140 1680 1316 1766 medulla,

299 1796 385 1867 Vim
403 1794 527 1891 rapuit
545 1794 714 1879 monstri,
733 1803 917 1891 tactuque
935 1794 1100 1869 induruit
1117 1797 1253 1894 hujus;

297 1912 552 2008 Percepitque
570 1933 708 1983 novum
722 1911 835 1983 ramis
854 1921 892 1986 et
906 1911 1037 1985 fronde
1056 1913 1229 2007 rigorem.
1247 1917 1339 1986 ..745

296 2028 349 2099 At
366 2026 490 2127 pelagi
507 2025 696 2122 Nymphae
714 2024 856 2099 factum
876 2027 1045 2100 mirabile
1062 2037 1212 2101 tentant

296 2142 474 2215 Pluribus
493 2142 531 2215 in
549 2134 674 2238 virgis,
692 2149 729 2214 et
747 2141 848 2214 idem
866 2141 1082 2238 contingere
1101 2143 1291 2239 gaudent;

298 2259 527 2356 Seminaque
545 2284 594 2332 ex
612 2257 685 2330 illis
704 2259 842 2331 iterant
854 2259 1000 2356 jactata
1017 2282 1084 2356 per
1101 2260 1235 2333 undas

297 2376 409 2451 Nunc
428 2400 582 2474 quoque
601 2375 750 2449 curaliis
770 2376 904 2450 eadem
923 2385 1057 2448 natura
1074 2375 1270 2460 remansit,
1290 2432 1293 2437 .

326 2638 383 2685 733.
400 2637 479 2700 Em'git
489 2637 593 2702 ferram,
605 2639 646 2701 qui
657 2637 682 2684 id
696 2638 793 2686 summis
842 2636 957 2685 Phorcus.
982 2635 1080 2705 Hesiod.
1095 2634 1207 2683 Thero.
1240 2635 1339 2683 Diceba-

293 2710 381 2758 viribus
389 2709 512 2774 transigit:
524 2710 579 2758 vide
589 2711 648 2759 Intt.
658 2711 689 2758 ad
700 2710 792 2768 Silium,
843 2721 880 2761 tur
895 2728 990 2776 quoque
1009 2712 1118 2773 Phorcys,
1131 2709 1272 2768 Phorcidos,
1290 2708 1340 2756 vide

291 2785 308 2832 i.
319 2786 376 2832 642.
410 2785 525 2846 Repetita,
543 2785 629 2849 saepius
646 2785 730 2849 petita.
754 2785 793 2833 Sic
843 2801 891 2834 ver.
903 2786 959 2833 774.

292 2857 428 2921 frequenter
449 2855 559 2913 Ovidius,
579 2875 602 2906 v.
622 2859 678 2906 473.
697 2863 795 2920 repetita
876 2862 932 2908 743.
952 2860 1008 2906 Viva
1022 2858 1106 2907 eadem
1123 2873 1273 2922 querecens,
1286 2875 1341 2906 non·

291 2934 403 2993 percussit
414 2933 506 2992 pectora
520 2933 602 2993 palmis
609 2950 618 2990 ,·
632 2931 663 2980 vi.
674 2934 714 2980 20.
730 2950 793 2994 repe-
843 2934 900 2983 dum
911 2934 1025 2990 marcida,
1036 2933 1061 2982 in
1072 2933 1140 2997 cujus
1150 2934 1261 2990 medulla,
1273 2932 1341 2989 vasis,

292 3009 338 3053 rita
345 3006 431 3053 vellera
441 3007 543 3052 mollibat
550 3023 558 3063 ,·
569 3006 619 3054 viii.
627 3007 684 3054 770.
696 3010 792 3068 repetita
843 3008 908 3057 succi
924 3008 1010 3056 adhuc.
1045 3008 1134 3068 Rapuit
1151 3009 1206 3062 uim,
1216 3006 1282 3054 illico
1300 3022 1339 3054 ex-

291 3081 485 3127 robora'caedehat.
518 3081 616 3139 Superas
625 3083 706 3128 domos.
734 3081 791 3129 cla-

291 3170 343 3201 mor
357 3152 465 3201 ascendit
476 3153 507 3200 ad
518 3154 616 3202 coelum.
636 3154 703 3202 Nihil
717 3155 790 3204 aliud.

292 3228 408 3276 Generum
416 3249 417 3253 ¹
425 3229 529 3275 salutant
542 3244 555 3276 e
567 3228 668 3276 formula
683 3228 789 3277 solenni:

291 3303 361 3350 Salve
371 3316 453 3366 gener.
475 3302 515 3350 Sic
526 3320 609 3368 regem,
621 3313 716 3366 poetam,
726 3306 788 3352 salu-

291 3387 348 3424 tare.
383 3376 497 3432 Pretium,
509 3376 639 3442 praemium.

324 3451 379 3500 739.
397 3448 447 3511 Ipse
457 3467 547 3506 marum,
557 3450 617 3513 etc]
643 3451 721 3515 Prope
732 3453 789 3517 Jop-

289 3540 337 3590 peu
357 3523 525 3572 ostendebatur
546 3539 610 3587 aqua
630 3523 710 3581 rutila,
730 3541 788 3588 qua,

289 3599 429 3663 interempto
436 3606 498 3655 ceto,
506 3614 613 3647 cruorem
621 3597 724 3647 abluisse
733 3599 789 3648 Per-

288 3689 343 3721 seus
358 3672 508 3721 credebatur.
533 3672 638 3720 Pausan.
651 3673 756 3721 Messon.
765 3691 788 3735 p.

289 3748 347 3795 370.
382 3747 484 3802 Mollire,
496 3745 645 3810 exquisitius,
659 3762 741 3810 quarn,
753 3755 789 3795 te-

289 3835 354 3882 gere.
383 3820 482 3881 Imponr't
493 3837 543 3868 ora.
578 3819 607 3866 In
625 3820 714 3884 Orphei
726 3820 789 3869 Lith.

288 3892 389 3940 Perseus
399 3893 508 3940 Medusae
520 3893 586 3941 caede
596 3893 701 3958 pollutus
712 3894 742 3941 ad
759 3893 788 3941 li-

288 3975 327 4014 tus
337 3966 439 4022 accedit,
449 3976 476 4015 ut
487 3975 510 4014 et
525 3965 646 4030 piaculum
662 3967 752 4023 abluat,
764 3978 788 4016 et

288 4038 314 4088 se
325 4039 452 4102 refrigeret.
486 4040 581 4089 Interea
593 4041 697 4089 calidum
709 4042 787 4091 adhuc

288 4120 360 4177 caput
378 4112 478 4177 imponit
496 4113 573 4176 virgis,
592 4130 646 4178 quae
673 4116 787 4178 sanguine

286 4194 428 4236 saturantur.
463 4188 626 4250 Phorcynidos,
638 4189 705 4252 cujus
722 4198 787 4253 pater

841 3090 909 3146 perta
916 3091 952 3130 est
962 3081 1010 3130 vim
1021 3081 1098 3131 illam.
1116 3080 1131 3126 I
1132 3082 1239 3137 ndurm't,
1248 3096 1342 3128 saxeam

840 3165 949 3204 naturam
965 3155 1073 3219 accepit3
1091 3154 1133 3203 sed
1148 3153 1261 3204 duritiem
1276 3153 1341 3202 Schi-

840 3229 904 3277 rach.
916 3239 981 3277 creat
992 3247 1020 3277 ro
1032 3230 1107 3289 bajus.

872 3305 929 3351 746.
949 3304 1032 3368 Pelagi
1041 3304 1158 3366 Nymphas
1166 3319 1214 3350 non
1224 3302 1275 3367 ipse
1284 3303 1340 3351 Ovi-

839 3374 893 3424 dius
904 3370 1011 3436 addidit}
1028 3376 1069 3424 sed
1081 3385 1105 3423 et
1116 3374 1228 3439 Orpheus
1239 3375 1265 3423 in
1276 3375 1340 3424 Lith.

840 3449 922 3506 habet,
931 3466 1066 3514 quanquam
1073 3448 1106 3497 ibi
1115 3449 1164 3496 alia
1172 3464 1254 3513 earum
1263 3464 1341 3513 opera.

840 3523 984 3586 Sanguinem
994 3523 1067 3579 enim,
1079 3538 1126 3588 quo
1137 3521 1208 3585 virgae
1220 3530 1341 3578 saturatae,

839 3595 874 3644 ita
885 3597 1046 3661 compingunt,
1055 3604 1082 3643 ut
1092 3594 1154 3659 lapis
1163 3611 1216 3644 esse
1228 3595 1341 3644 videatur.

842 3669 1341 3735 Tentant,admotispluribusvirgiscapiti.

840 3745 932 3793 lteram
939 3750 1043 3807 jactata,
1055 3743 1161 3809 repetitis
1173 3743 1267 3792 vicibus
1277 3760 1341 3809 spar-

839 3828 909 3884 gunt.
944 3822 1048 3877 Morare,
1059 3834 1144 3875 serere,
1156 3834 1277 3884 spargere.

872 3897 927 3943 749.
946 3896 1048 3943 Corallis
1058 3893 1126 3941 dedit
1136 3891 1252 3940 Heinsius
1263 3909 1276 3940 e
1287 3893 1339 3940 Flo·
1352 3932 1354 3936 .

839 3969 930 4017 rentino
938 3970 962 4016 S.
969 3968 1047 4016 Marci
1055 3977 1078 4015 et
1087 3966 1249 4030 Neapolitano
1256 3983 1298 4030 pro
1305 3983 1338 4012 co·

838 4044 911 4100 ratiis,
918 4042 975 4106 quia
983 4040 1122 4090 vetustiores
1131 4038 1211 4088 Greci
1220 4038 1338 4104 κουράλια

838 4126 862 4164 et
873 4117 1001 4180 robpahha
1012 4116 1161 4179 scripserunt.
1184 4112 1257 4176 Regii
1269 4112 1338 4160 nostri

838 4190 927 4238 habent
945 4193 1043 4239 curaliis.
1084 4189 1185 4237 Minime
1203 4190 1337 4236 eademna-
