2812 5010
168 319 290 386 xxxviii
450 379 451 382 ,
562 317 821 387 PRAEFATIO

167 492 235 557 sine
256 491 390 554 aliorum
409 501 576 556 auctorum
595 491 781 576 adjumento
795 492 963 580 intelliget.
1010 494 1118 559 Etiam
1138 492 1216 559 alibi

168 610 299 676 festinat
317 609 421 685 nimis,
436 608 618 692 omittitque
637 632 703 674 non
722 610 911 690 omittenda,
927 613 1015 677 unde
1035 612 1216 679 obscuritas

168 729 369 794 oritur-ix.
389 729 460 804 165,
480 750 545 792 non
564 741 710 813 apparet,
726 752 792 816 quo
813 733 910 797 modo
929 731 1102 810 Hercules,
1122 733 1216 798 factis

168 849 202 912 in
218 848 358 912 Euboeae
381 848 601 930 promontorio
621 849 730 926 sacris,
749 850 848 915 OEten
861 852 994 918 vocibus
1017 853 1082 918 suis
1104 851 1217 936 imple-

169 969 262 1032 verit·
307 965 475 1030 Interdum
503 987 568 1030 nou
597 966 673 1031 satis
698 955 883 1052 perpendit,
905 992 980 1054 quae
1004 971 1217 1035 scriberet-

169 1088 191 1150 i.
214 1088 290 1163 270,
315 1107 415 1171 quum
440 1095 528 1149 terra
553 1084 672 1150 diluvio
692 1086 848 1150 vastanda
868 1099 964 1165 esset,
990 1088 1051 1153 Iris
1072 1111 1174 1172 aquas
1197 1112 1217 1152 a

169 1217 256 1271 terra
269 1205 389 1281 haurit,
402 1227 482 1289 quas
496 1204 531 1268 in
544 1213 663 1268 terram
677 1205 924 1270 demittat—iii.
938 1207 976 1271 41
995 1230 1065 1292 sqq.
1080 1230 1215 1293 serpens

169 1324 331 1389 immensis
351 1320 485 1386 saltibus
504 1322 586 1406 petit
607 1344 674 1400 eos,
695 1323 751 1407 qui
769 1325 914 1408 proxime
938 1327 1078 1390 stabant.
1124 1326 1217 1391 Idem

170 1465 265 1508 versu
278 1443 333 1518 43,
347 1441 451 1504 media
460 1442 535 1526 plus
551 1450 647 1526 parte
664 1450 786 1506 erectas
800 1443 833 1505 in
847 1465 946 1506 caras
960 1443 1112 1530 Despicit
1128 1469 1217 1510 omne

169 1583 297 1634 nemas,-
320 1559 377 1624 sed
398 1581 493 1623 versu
517 1560 571 1637 94,
598 1570 685 1625 totus
710 1562 832 1644 pendet
857 1562 890 1625 in
916 1563 1116 1627 arbore—v.
1139 1566 1215 1643 228,

170 1680 311 1745 Perseus
325 1675 452 1742 Phinea
471 1700 603 1742 saxeum
620 1701 747 1763 semper
761 1679 847 1743 domi
861 1682 1001 1764 spectari
1016 1680 1085 1746 vult
1100 1705 1120 1746 a
1141 1704 1217 1746 con·

67 1803 80 1821 ⁸
166 1803 259 1885 juge,
282 1821 356 1885 quae
379 1819 455 1861 vero
476 1817 552 1859 mox
576 1794 728 1862 relictura
748 1809 818 1862 erat
838 1799 968 1865 domum
992 1811 1218 1885 paternam.—

170 1920 227 1984 xii.
244 1919 318 1993 620,
335 1916 472 1980 Somnus
491 1914 524 1977 in
541 1912 625 1978 lecto
645 1915 842 1980 decumbens
851 1927 988 2002 pectora
1000 1921 1144 2005 percutit
1161 1943 1218 1986 ητι-

171 2039 253 2103 tanti
277 2045 387 2102 mento.
442 2034 541 2098 Mitto
566 2035 724 2100 dictiones
748 2037 988 2121 improbandas,
1014 2049 1061 2114 ut,
1082 2063 1112 2103 v.
1139 2040 1215 2118 426,

169 2155 393 2224 inconsolabile
415 2155 534 2231 marra,
555 2155 780 2239 repetitionem
798 2157 943 2239 ejusdem
961 2156 1110 2221 vocabuli
1132 2159 1218 2225 inter

170 2296 349 2362 paucorum
364 2295 515 2337 versuum
537 2274 701 2351 ambitum,
721 2284 754 2339 et
776 2272 877 2338 multa
896 2274 967 2338 alia.
1013 2274 1110 2339 Talia
1130 2277 1218 2340 exci-

170 2396 253 2459 dunt
271 2393 320 2470 iis,
339 2392 395 2476 qui
417 2413 476 2454 sua
498 2412 563 2455 non
585 2391 698 2455 sedulo
720 2391 924 2476 conquirunt,
947 2393 1042 2457 sede
1065 2392 1151 2457 felici
1169 2395 1218 2457 in-

170 2512 256 2600 genii
271 2511 320 2576 sui
334 2533 427 2586 vena,
442 2510 535 2594 quasi
549 2520 670 2575 stantes
685 2511 769 2595 pede
784 2511 908 2588 inuno,
923 2510 1075 2574 fundunt.

213 2629 342 2716 Ingenii
364 2650 442 2712 pars
463 2649 512 2703 ea,
531 2649 627 2710 quarn
650 2627 747 2712 paulo
767 2638 842 2692 ante
866 2628 1034 2713 descripsi,
1053 2629 1162 2694 statim
1183 2631 1217 2693 in

169 2748 331 2834 principio
351 2746 496 2810 carminis
512 2746 637 2810 emicat.
682 2746 734 2811 Ibi
748 2768 813 2810 non
827 2768 936 2809 veram
950 2746 1040 2810 rudis
1054 2747 1145 2811 molis
1161 2770 1218 2811 na-

170 2877 275 2930 turam
294 2864 387 2928 nobis
406 2861 557 2947 explieat,
574 2863 632 2927 sed
651 2873 816 2928 externam
834 2884 943 2927 rerum
961 2874 995 2927 et
1011 2863 1218 2929 confusarum

170 2994 203 3047 et
225 2991 340 3067 postea
362 2979 589 3062 dispositarum
606 2979 740 3044 formam
764 2981 916 3057 ostendit,
941 2982 1122 3067 acriterque
1145 3004 1218 3045 sen·

170 3100 311 3166 tiendam
325 3099 488 3182 proponit.

248 3309 357 3370 Nullus
370 3307 464 3367 adhuc
475 3307 583 3367 mundo
595 3310 740 3387 praebebat
752 3309 863 3369 lumina
877 3310 977 3380 Titan,

247 3406 313 3465 Nec
325 3425 398 3464 nova
411 3403 562 3463 crescendo
574 3407 723 3483 reparabat
737 3426 841 3465 cornua
855 3405 971 3475 Pharbe,

248 3501 281 3558 N
281 3520 314 3558 ec
325 3499 498 3559 circumfuso
509 3498 654 3577 pendebat
666 3500 697 3557 in
711 3519 775 3558 aere
788 3499 876 3559 tellus

248 3593 428 3654 Ponderibus
440 3595 544 3654 librata
556 3595 632 3653 suis:
654 3615 708 3655 nec
720 3596 836 3654 brachia
848 3596 933 3673 longo

248 3689 385 3768 Margine
397 3699 539 3765 terrarum
552 3700 717 3766 porrexerat
731 3688 921 3769 Amphitrite.

171 3934 238 3998 Sed
258 3943 372 4017 postea
394 3933 488 3998 Deus
509 3935 607 4019 jussit
618 3935 715 4019 freta
733 3934 880 4020 diffundi,
902 3936 1086 4021 rabidisque
1107 3947 1220 4001 taraces-

171 4073 243 4115 cere
271 4051 382 4127 neatis,
408 4053 536 4116 extendi
566 4050 705 4138 campos,
731 4052 893 4118 subsidere
921 4055 1030 4132 aruer,
1057 4056 1219 4142 lapidosos

170 4191 302 4256 surgere
326 4179 453 4235 montes.
500 4170 608 4237 Multa
636 4194 679 4238 ex
704 4172 767 4238 hoc
793 4195 912 4259 genere
938 4175 1084 4260 insignia,
1109 4197 1161 4238 xv.
1185 4176 1218 4238 in
