2812 5010
285 273 753 395 METAMORPHOSEON
777 331 868 396 LIB.
892 332 920 396 Ι.
1061 332 1124 398 127

82 499 177 572 Oret
194 524 325 599 opem;
348 525 559 598 nomenque
577 527 699 589 suum,
714 529 900 602 casusque
917 506 1102 603 loquatur.

80 604 292 715 Litera'pro
308 617 444 704 verbis,
464 640 578 715 quam
596 642 664 716 pes
682 620 720 692 in
738 621 890 719 pulvere
908 620 1029 709 duxit,

78 729 257 828 Corporis
271 731 451 805 indicium
465 733 599 805 mutati
616 733 722 807 triste
740 736 897 832 peregit.
1042 741 1115 810 650

79 852 103 883 ‘¹
123 845 191 920 Me
210 847 387 920 miserum
399 846 432 918 !”
459 848 646 921 exclamat
662 859 769 947 pater
787 850 973 939 Inachus3
1003 850 1117 948 inque

228 964 412 1060 gementis
449 1000 451 1007 ν

78 1077 280 1165 Cornibus,
300 1090 339 1152 et
354 1078 471 1151 niveae
489 1079 657 1175 pendens
675 1080 818 1153 cervice
832 1082 1016 1176 juveneae,

78 1193 186 1267 “Me
211 1193 409 1267 miserum!
436 1193 660 1288 ingeminat:
689 1204 778 1267 tune
805 1218 845 1267 es
866 1196 1026 1292 quaesita
1050 1220 1118 1294 per

227 1335 369 1397 omnes,

77 1425 189 1515 Nata,
208 1427 454 1501 mihi'terras?
480 1436 521 1499 tu
539 1450 613 1499 non
630 1426 781 1499 inventa
797 1436 945 1524 reperta
1037 1431 1110 1501 654

77 1542 216 1617 Luctus
234 1569 316 1619 eras
330 1544 468 1618 levior:
497 1542 645 1631 retices
665 1567 735 1616 nec
753 1551 883 1615 mutua
900 1540 1035 1614 nostris

76 1658 187 1731 Dicta
205 1659 340 1748 refers;
370 1659 445 1732 alto
461 1667 608 1731 tantum
626 1657 786 1757 suspiria
803 1657 910 1730 ducis

75 1773 234 1849 Pectore
244 1803 253 1863 ;
283 1774 462 1872 quodque
481 1798 595 1847 unum
613 1785 732 1877 potes,
752 1773 800 1848 ad
818 1797 903 1846 mea
919 1774 1034 1846 verba
1051 1797 1107 1846 re-

222 1891 357 1987 mugis.

75 2005 123 2080 At
140 2006 211 2080 tibi
229 2031 299 2104 ego
319 2005 469 2102 ignarus
487 2006 670 2080 thalamos
690 2006 886 2103 taedasque
904 2005 1086 2103 parabam
1101 2032 1110 2093 ;

52 2137 54 2143 ’
77 2120 249 2220 Spesque
262 2121 333 2194 fuit
346 2121 474 2216 generi
486 2121 578 2194 mihi
593 2121 724 2220 prima,
740 2120 906 2195 secunda
920 2129 1111 2218 nepotum.

76 2235 131 2312 De
154 2262 270 2334 grege
292 2262 391 2311 nunc
417 2238 486 2310 tibi
503 2237 569 2325 vir,
589 2262 688 2311 nuno
711 2238 759 2311 de
781 2260 895 2333 grege
920 2245 1029 2308 natus
1047 2235 1112 2307 ha-

219 2355 378 2427 bendus.
1036 2355 1110 2424 660

75 2468 106 2542 N
108 2493 152 2544 ec
170 2469 276 2543 finire
294 2471 382 2543 licet
394 2480 518 2543 tantos
537 2471 627 2543 mihi
645 2479 763 2542 morte
782 2468 949 2540 dolores:

73 2756 163 2823 Liagam
178 2768 238 2809 tacet
245 2778 255 2818 ,-
272 2778 312 2810 aaa
324 2779 365 2810 aaa
375 2771 506 2825 tentataque
515 2779 564 2810 ver-
615 2759 708 2812 Cereris
723 2758 809 2815 verbis,
820 2755 862 2806 ubi
876 2755 1016 2805 innotuisset
1032 2755 1068 2803 illi
1083 2754 1113 2805 de

72 2831 238 2894 insequantur.
254 2833 340 2898 Virgil.
350 2834 440 2884 AEneid
451 2835 493 2884 xii.
501 2837 563 2884 912:
614 2834 664 2883 filia
682 2850 696 2882 a
713 2834 814 2881 Plutone
831 2837 906 2895 rapta,
921 2830 1021 2878 Metam.
1034 2828 1076 2876 lib.
1090 2845 1114 2878 v.

73 2903 123 2953 Nem
134 2923 225 2968 corpure
239 2917 296 2957 nata
309 2908 434 2973 Sufficiunt
448 2914 514 2967 vires,
524 2928 565 2958 aee
615 2909 670 2956 518:
691 2908 723 2955 Et
733 2909 825 2969 quaesita
835 2907 886 2960 dia,
895 2905 986 2952 tandem
993 2904 1114 2951 mihinata

71 2983 230 3028 amaut'verbo
236 2993 370 3044 sequuntur.
386 2983 483 3039 Statius,
490 2983 565 3033 Theb.
614 2992 704 3043 reperta
714 2989 746 3029 est
753 2997 762 3038 ,·
779 2979 805 3027 Si
815 2980 913 3039 reperire
927 2992 998 3033 vocas,
1009 2979 1113 3025 amittere

69 3051 97 3100 xi.
117 3053 180 3100 602:
207 3053 256 3103 Nea
276 3057 342 3103 verba
361 3059 403 3104 dia
425 3062 513 3105 tentata
532 3074 565 3105 ee·
615 3058 711 3102 certius:
727 3062 769 3101 aut
786 3055 805 3100 si
821 3053 884 3100 Scire
900 3053 940 3098 ubi
956 3052 995 3107 sit,
1012 3052 1113 3111 reperire

69 3135 180 3186 meatur.
615 3144 686 3183 uocas,
699 3128 757 3190 quod
767 3136 842 3187 rapta,
844 3126 956 3189 feremus.
990 3122 1065 3182 Quasi
1076 3122 1112 3170 di-

97 3200 155 3249 649.
172 3199 263 3258 Lirem,
273 3200 331 3265 ete]
349 3202 441 3266 Regius
455 3203 563 3267 putabat,
613 3211 653 3250 cat
668 3201 784 3250 Inachus:
805 3200 840 3246 Ta
858 3204 958 3255 invento,
974 3215 1020 3245 noa
1035 3214 1057 3245 es
1075 3199 1111 3245 ia-

67 3270 165 3334 figuram
180 3272 289 3339 intelligi,
299 3291 370 3340 quam
384 3276 456 3323 boum
473 3277 563 3339 ungula
612 3285 679 3323 venta
689 3285 763 3323 tamea
771 3292 780 3331 ,·
798 3291 865 3336 quam
874 3274 976 3335 puellam
986 3274 1110 3320 metanea-

66 3345 191 3410 exprimat.
215 3349 338 3406 Quomodo
349 3349 405 3397 inde
414 3357 481 3414 pater
489 3350 562 3396 filiam
612 3359 690 3397 tarum
710 3352 821 3411 sperabam
839 3349 1044 3408 desideratamque,
1063 3364 1113 3395 eoae

66 3420 214 3490 agnovissett
230 3421 305 3470 Immo
312 3437 387 3479 mens,
394 3438 446 3486 quae
455 3423 480 3469 in
487 3438 561 3471 vacca
611 3439 701 3471 vaccam
711 3425 808 3470 inuenio.
840 3421 926 3485 Itaque
937 3422 1109 3468 taidesiderata

64 3501 216 3551 remanserat,
225 3494 385 3544 docebateam
395 3496 560 3545 literasletO
611 3498 686 3545 luctas
710 3506 759 3546 erat
786 3498 862 3551 levior,
890 3512 957 3556 qaam
979 3496 1014 3540 ita
1030 3494 1111 3557 forma

63 3564 232 3628 pedflducere.
610 3581 700 3619 mutata
719 3576 823 3620 iaaeatae.
851 3570 929 3627 Quam
951 3565 1110 3630 conjecturam

94 3639 154 3688 654.
179 3639 216 3687 Ta
234 3658 280 3689 aon
296 3643 410 3705 inventa]
432 3642 469 3690 Tu
488 3659 561 3706 quum
610 3660 687 3692 meam
711 3651 795 3708 postea
818 3642 848 3690 ab
874 3639 926 3688 aliis
949 3638 1110 3686 confirmatam

63 3711 171 3760 noudum
181 3713 278 3764 inventa
292 3732 364 3772 esses,
378 3716 490 3766 leviorem
505 3717 562 3765 mihi
611 3720 695 3782 reperi.

62 3785 155 3835 luctum
164 3790 271 3846 creabas,
278 3806 349 3854 quam
357 3806 430 3846 nune,
440 3799 562 3855 postquam
643 3793 699 3840 658.
716 3791 825 3854 Igaamas,
836 3788 908 3835 talem
920 3793 943 3834 te
959 3793 1044 3834 sortem
1058 3800 1111 3832 ma·

61 3869 155 3924 reperta
165 3877 200 3910 es.
231 3863 270 3912 Sic
280 3872 343 3913 recte
353 3863 437 3913 Heius.
447 3865 525 3912 locum
535 3872 559 3912 et
608 3879 676 3913 nere:
695 3863 749 3912 vide
766 3861 796 3909 nd
808 3860 841 3909 iii.
852 3861 875 3907 3.

62 3933 193 3988 coustituit.
203 3944 227 3984 et
237 3938 351 4002 exposuit.
378 3938 442 3986 Ante
453 3953 559 3986 eumnu-
642 3939 699 3987 659.
718 3938 810 3990 Generi,
822 3934 880 3996 ete]
900 3931 963 3981 Vide
975 3947 1034 3979 vers.
1050 3930 1109 3994 481,

62 4007 181 4069 gabautnr
189 4008 277 4057 Intt.in
285 4010 417 4059 deliniendo
428 4010 561 4058 discrimine
610 4013 666 4060 482.
682 4014 718 4058 air
728 4010 798 4058 etiam
810 4008 839 4055 de
854 4015 929 4061 tauro,
940 4015 967 4054 ut
977 4005 1045 4066 Virg.
1056 4003 1110 4051 Eol.

63 4081 129 4129 verb.
152 4085 251 4145 reperire
268 4092 292 4132 et
308 4087 418 4133 invenire.
461 4085 563 4148 Elegnn-
612 4085 652 4132 vii.
661 4086 685 4134 7.
695 4084 725 4132 de
739 4098 809 4146 capro
823 4085 926 4135 maritos,
938 4079 1003 4144 apud
1016 4078 1075 4125 Hor.
1086 4076 1110 4124 Ι.

63 4153 107 4202 tior
116 4154 177 4203 mihi
192 4157 249 4204 olim
261 4158 466 4213 monuissemus,
477 4174 506 4206 ex
517 4157 564 4205 illis
614 4158 661 4207 Od.
674 4157 729 4206 xvii.
741 4158 755 4203 7
766 4174 773 4216 ;
790 4156 877 4204 abusus
887 4163 923 4205 est
932 4150 1034 4216 ingenio.
