2812 5010
172 338 239 405 ⁴82
465 331 505 396 P.
528 329 690 396 OVIDII
714 327 927 393 NASONIS

173 511 295 585 Lutea
312 531 421 582 mane
439 504 542 579 videt
559 503 678 602 pulsis
696 502 841 575 Aurora
857 502 1037 587 tenebris

174 625 415 719 Invitumque
435 619 553 716 rapit:
583 618 696 690 liceat
713 615 805 687 mihi
823 640 911 688 vera
928 616 1064 690 referre

173 739 276 814 Pace
295 737 400 820 Deae,
421 733 522 830 quod
540 731 590 803 sit
608 754 715 803 roseo
733 730 953 827 spectabilis
971 756 1047 816 ore,
1154 737 1224 804 705

175 852 288 938 Quod
305 860 434 924 teneat
450 847 558 930 locis,
578 857 705 917 teneat
722 843 885 917 confinia
900 846 1044 931 noctis,

177 963 620 1061 Nectareisquodalatur
633 959 760 1056 aquis:
781 983 852 1055 ego
865 960 1020 1032 Procrin
1033 961 1223 1046 amabam3

177 1082 339 1157 Pectore
358 1079 507 1152 Procris
525 1087 618 1162 erat,
633 1074 784 1148 Procris
802 1075 893 1147 mihi
912 1101 1061 1174 semper
1080 1077 1118 1148 in
1137 1101 1212 1149 ore.

178 1198 296 1272 Sacra
307 1195 391 1280 tori,
406 1193 605 1287 coitusque
619 1213 746 1274 novoS,
763 1190 1026 1285 thalamosque
1042 1201 1226 1276 recentes

178 1313 381 1406 Primaque
399 1308 540 1382 deserti
558 1306 765 1380 referebam
783 1303 924 1378 foedera
941 1305 1041 1378 lecti.
1158 1311 1228 1378 710

179 1427 288 1501 Mota
306 1426 390 1499 Dea
403 1434 481 1510 est;
511 1433 562 1509 et,
584 1422 716 1495 “siste
735 1430 833 1505 tuas,
853 1421 1011 1516 ingrate,
1031 1420 1225 1517 querelas:

179 1541 335 1616 Procrin
354 1538 488 1624 habe,’'
503 1538 620 1610 dixit:
652 1545 676 1573 “
692 1535 841 1632 quodsi
857 1558 941 1608 mea
954 1534 1111 1633 provida
1124 1559 1228 1608 mens

180 1656 267 1731 Non
279 1654 457 1729 habuisse
466 1651 616 1726 voles:'’
635 1675 773 1748 meque
785 1650 837 1723 illi
849 1640 944 1724 irata
954 1651 1110 1723 remisit.
1143 1647 1227 1745 [est

180 1770 281 1844 Dum
299 1769 424 1853 redeo,
443 1790 669 1862 mecumque
689 1766 781 1839 Deae
799 1776 1006 1839 memorata
1023 1776 1199 1850 retracto,

181 1883 277 1958 Esse
296 1893 418 1957 metus
436 1883 563 1979 coepit,
583 1905 630 1953 ne
644 1883 731 1978 jura
744 1881 888 1977 jugalia
905 1883 1044 1977 conjux
1134 1944 1136 1949 .
1159 1886 1229 1953 715

181 1999 270 2074 Non
287 2001 384 2073 bene
403 1998 612 2084 servassem
641 1996 833 2092 faciesque
851 2008 1020 2092 aetasque
1033 1996 1197 2091 jubebat

181 2115 347 2188 Credere
366 2113 612 2201 adulterium3
642 2112 892 2210 prohibebant
909 2112 1062 2185 credere
1077 2135 1212 2185 mores,

184 2230 261 2304 Sed
284 2241 411 2303 tamen
436 2228 649 2303 abfueram:
679 2228 747 2301 sed
770 2238 809 2301 et
832 2229 914 2300 lraec
938 2236 1030 2312 erat,
1051 2226 1153 2300 unde
1176 2252 1230 2300 re-

332 2346 471 2429 dibam,

184 2465 275 2514 Gaude.
301 2466 423 2530 Hyginus:
437 2467 495 2513 Gom
506 2467 619 2512 matutino
628 2474 682 2513 tem·
764 2468 822 2514 710.
841 2465 936 2515 Foedero
948 2466 1001 2512 lecti
1011 2472 1067 2512 sunt
1083 2464 1232 2513 concubitus.

180 2555 235 2601 pore
244 2542 270 2586 io
280 2549 375 2588 montem
386 2543 473 2595 exisset,
483 2541 583 2595 Aurora,
592 2538 683 2587 Tithoni
732 2538 785 2587 Art.
803 2538 884 2587 Amat.
903 2539 928 2587 ii.
945 2538 1001 2585 462.
1008 2537 1090 2602 foedos
1105 2541 1235 2586 coronemus

183 2616 330 2674 conjunctim
336 2615 593 2674 odomooitpetitqueob
601 2628 684 2660 eccon·
733 2622 828 2679 petere;
846 2620 870 2660 et
885 2611 919 2660 iii.
930 2613 988 2660 593.
1000 2613 1096 2658 rivalem
1105 2615 1235 2674 partitoque

183 2688 302 2734 salitum:
319 2691 358 2735 eui
376 2687 489 2749 Cephalus
507 2690 607 2751 negavit,
626 2689 685 2748 quod
727 2688 821 2753 foedera
840 2689 910 2744 lecti3
935 2684 1034 2734 Heroid.
1051 2684 1068 2732 i.
1089 2685 1114 2732 7.
1134 2690 1235 2733 temerati

186 2759 268 2807 Procri
269 2761 343 2822 fidem
351 2762 458 2817 dederot3
470 2759 532 2824 quod
540 2767 686 2825 postremum
727 2762 821 2827 fodero
835 2762 888 2810 lecti
895 2778 905 2819 ‚-
922 2759 1004 2808 Sabin.
1020 2758 1037 2806 i.
1051 2760 1109 2807 131.
1123 2758 1183 2816 dies,
1197 2762 1235 2822 qni

184 2832 307 2898 Cephalus
317 2849 372 2882 mox
382 2832 476 2899 copiose
487 2843 511 2882 et
519 2833 622 2881 suaviter
633 2848 686 2895 per·
735 2843 827 2881 renovet
834 2833 928 2898 foedm
946 2835 1017 2890 ἰωῆς
1034 2847 1114 2896 supra,
1130 2831 1165 2879 iii.
1181 2833 1235 2879 292.

184 2905 626 2973 sequitur,prtefatus,utfidemsuam
636 2921 686 2954 am·
738 2907 830 2956 Veneris
836 2907 918 2970 foedos
928 2908 996 2954 inire.
1028 2905 1089 2953 Mox
1100 2920 1149 2953 non
1163 2921 1236 2970 appa-

184 2978 309 3044 plificaret‚
331 2981 444 3028 nonnulla
467 2981 497 3028 de
518 2980 614 3027 Aurora
632 2978 686 3043 pul·
735 2988 779 3036 ret,
790 2995 832 3030 cur
848 2984 967 3043 ingratam
984 2976 1082 3026 dixerit.
1115 2976 1236 3034 Heinsius,

184 3051 327 3101 chritudine.
359 3052 432 3117 Apud
443 3052 624 3117 Apollodorum,
635 3052 685 3100 111.
735 3068 764 3103 ex
786 3053 941 3109 Bononiensi,
958 3051 1042 3100 laudat
1057 3055 1149 3116 ignore,
1166 3051 1237 3115 idque

185 3124 234 3172 xiv.
244 3128 269 3174 3.
280 3125 340 3174 alius
352 3127 500 3188 Cephalum
516 3135 593 3174 nostro
608 3126 687 3176 diver·
736 3126 848 3193 explicat,
866 3142 957 3175 morum
978 3124 1058 3174 uxoris
1079 3133 1128 3173 tuae
1148 3127 1236 3189 ignare.

186 3213 235 3254 sus,
245 3198 359 3247 Mercurii
373 3206 398 3248 et
413 3201 501 3248 Herses
514 3199 584 3256 filius,
594 3204 687 3263 ropimr
736 3199 815 3248 Possis
834 3208 858 3248 et
875 3198 1031 3263 interpretari,
1048 3198 1167 3254 nesciens,
1182 3198 1238 3263 quid

186 3271 218 3319 sb
228 3269 331 3319 Aurora.
736 3273 779 3321 tibi
790 3273 871 3339 prosit,
884 3280 934 3328 aut,
947 3272 991 3320 tibi
1004 3271 1085 3329 instet,
1095 3279 1124 3320 ut
1134 3272 1162 3320 it.
1176 3273 1236 3320 100:

219 3345 276 3392 704.
293 3344 374 3393 Lioeot
393 3346 457 3402 milii,
474 3344 534 3406 etc]
569 3344 636 3394 Licet
656 3345 687 3394 sit
736 3345 781 3394 hoc
799 3347 860 3394 bene
881 3345 992 3394 convenit
1011 3361 1066 3410 sqq.
1107 3346 1175 3394 Habe
1192 3362 1237 3394 vox

186 3416 242 3467 Dea
257 3424 282 3466 et
299 3417 465 3482 pulcherrima,
483 3424 508 3465 et
524 3418 687 3482 potentissima
736 3436 824 3478 eorum,
843 3419 885 3485 qui
908 3421 1023 3476 iudicant,
1044 3437 1071 3469 se
1097 3420 1164 3469 nolle
1188 3436 1236 3469 rem

186 3498 212 3539 et
236 3489 374 3539 suavissime
399 3491 489 3547 vivens,
515 3505 568 3554 qua
594 3492 688 3556 singula
737 3494 827 3559 eripere
843 3494 920 3542 alteri.
953 3492 1027 3558 Apud
1042 3493 1178 3558 Hyginum,
1195 3494 1237 3541 mi·

187 3563 261 3613 alium
285 3564 426 3612 movissent:
455 3564 486 3613 od
511 3565 688 3615 multitudinem
738 3583 783 3616 nus
797 3568 907 3632 ambigue
919 3566 1028 3617 Aurora:
1048 3567 1239 3634 Nolo‚setfollos

185 3644 263 3686 rernm
290 3636 402 3685 lectorem
431 3637 533 3686 advertit
561 3638 687 3703 repetitum
730 3641 868 3703 fidentem
883 3642 926 3688 illo
938 3645 1003 3702 prior
1011 3641 1142 3706 fefellerit.
1176 3642 1242 3696 Quot

187 3713 253 3774 qood.
288 3709 394 3773 confinio
404 3713 477 3759 lacis.-
494 3711 575 3759 confer
586 3712 618 3759 iv.
629 3713 687 3761 399.
737 3717 828 3770 simeo,
840 3722 888 3762 etc.
920 3713 967 3762 Sed
981 3712 1010 3770 si,
1022 3714 1109 3778 inquit,
1121 3703 1239 3778 praevideo

189 3783 306 3832 Neetoree
314 3800 385 3847 aqum
393 3793 481 3842 nectar,
492 3784 622 3842 ut,ii.120.
633 3786 688 3833 Am·
737 3787 824 3841 futura.
836 3786 918 3852 cupies
927 3802 1048 3850 uunquam
1060 3787 1173 3837 habuisse
1183 3789 1238 3835 Pro·

187 3860 263 3906 mono
273 3874 360 3906 meotes.
393 3859 437 3907 Vis
453 3866 489 3907 est
498 3858 524 3906 in
536 3858 637 3922 repetito
648 3874 689 3906 no·
738 3862 797 3910 crin.

187 3930 252 3979 mine
270 3930 371 3979 Procris.
403 3931 442 3979 Sic
461 3931 582 3996 Virgilius,
600 3933 689 3996 Georg.
771 3937 827 3984 714.
846 3935 963 3991 Retracto,
974 3949 1069 3984 mecum
1079 3934 1168 3999 cogito,
1176 3935 1240 3983 utiv.

187 4003 221 4053 iv.
232 4005 279 4052 465
290 4020 357 4068 sqq:
377 4004 415 4060 Te,
424 4007 500 4053 dulcis
511 4008 602 4066 conjice,
616 4016 638 4054 te
646 4009 690 4055 solo
739 4010 796 4058 568.
829 4010 898 4065 Jurn,
909 4009 996 4057 officia.

189 4081 215 4126 in
227 4080 292 4125 litore
300 4093 381 4134 mcum,
394 4078 425 4126 Te
438 4081 541 4127 veniente
556 4081 602 4136 die,
615 4089 637 4129 ts
650 4083 688 4128 de-
772 4084 828 4130 718.
846 4081 981 4144 Sed—sed]
1008 4081 1114 4146 Elegaus
1125 4081 1241 4146 hujusve-

190 4153 281 4199 eedente
291 4153 393 4200 constat.
739 4154 774 4203 cis
791 4154 907 4220 repetitio,
918 4163 942 4204 et
958 4170 987 4203 ea
998 4170 1043 4202 vox
1063 4170 1127 4203 nunc
1144 4166 1181 4204 est
1197 4153 1241 4203 cri·
