2812 5010
299 326 364 391 296
590 322 630 385 Ρ.
655 319 816 385 OVIDII
840 304 1051 385 NASONIS

300 499 418 572 Veste
435 495 563 594 procul
577 496 694 592 jacta,
712 493 845 567 mediis
860 493 1073 566 immittitur
1090 493 1222 582 undis3

301 614 595 710 Pugnacemque
613 621 739 701 tenet;
769 609 1025 706 luctantiaque
1044 611 1173 682 oscula
1190 607 1331 706 carpit;

303 730 740 827 Subjectatquemanus,
759 727 950 823 invitaque
967 733 1121 823 pectora
1137 724 1283 821 tangit:

302 846 352 920 Et
364 868 463 918 nunc
476 844 546 918 hac
560 843 701 940 juveni,
714 866 813 915 nunc
826 839 1135 915 circumfunditur
1149 839 1248 913 illac.
1270 843 1348 912 360

303 961 478 1058 Denique
495 960 676 1033 nitentem
694 977 834 1045 contra,
853 958 1027 1056 elabique
1043 959 1230 1031 volentem

302 1075 490 1175 Implicat‚
510 1084 551 1147 ut
569 1097 736 1172 serpens,
756 1096 869 1169 quam
887 1071 991 1169 regia
1007 1072 1167 1145 sustinet
1183 1072 1276 1158 ales

303 1191 587 1289 Sublimemque
605 1190 702 1289 rapit
712 1217 721 1278 ;
751 1190 919 1287 pendens
937 1198 1052 1287 caput
1068 1188 1132 1260 illa
1148 1188 1346 1286 pedesque

300 1308 453 1405 Alligat,
473 1317 512 1380 et
529 1307 650 1380 cauda
667 1304 874 1403 spatiantes
893 1304 1060 1403 implicat
1077 1303 1176 1377 alas:

302 1423 401 1498 Utve
416 1423 537 1496 solent
551 1422 699 1495 hederae
716 1421 848 1517 longos
867 1420 1034 1494 intexere
1052 1432 1224 1492 truncos:
1269 1421 1343 1491 365

303 1539 433 1636 thue
451 1539 521 1611 sub
539 1537 751 1635 aequoribus
769 1536 994 1633 deprensum
1016 1535 1177 1633 polypus
1194 1534 1343 1608 hostem

302 1654 493 1742 Continet,
513 1678 561 1727 ex
579 1653 679 1726 omni
696 1651 860 1726 dimissis
878 1661 985 1750 parte
1002 1651 1173 1746 flagellis.

302 1768 455 1842 Perstat
470 1768 724 1855 Atlantiades;
754 1778 978 1865 sperataque
996 1766 1133 1863 gaudia
1151 1765 1342 1864 Nymphae

303 1885 498 1982 Denegat:
526 1885 590 1957 illa
614 1885 768 1984 premit;
798 1884 1073 1980 commissaque
1091 1904 1245 1980 corpore
1262 1889 1343 1953 toto

304 2000 413 2074 Sicut
428 2000 644 2087 inhaerebat,
665 2009 688 2038 “
705 1999 858 2097 Pugnes
875 1999 977 2086 licet,
995 1995 1201 2096 improbe‚’'
1219 1995 1330 2081 dixit,

303 2123 327 2152 “
344 2114 431 2189 Non
448 2125 575 2189 tamen
589 2114 767 2212 effugies:
795 2114 848 2213 ita
866 2114 916 2188 Di
930 2113 1108 2211 jubeatis,
1128 2123 1167 2186 et
1183 2111 1302 2185 istum

301 2382 434 2433 Ovidiane.
466 2384 582 2447 Saljectot
599 2385 796 2443 manaascilicet,
847 2394 871 2435 et
881 2401 934 2450 quae
945 2386 975 2433 ab
985 2384 1015 2432 iis
1030 2391 1145 2433 tenentur.
1179 2378 1344 2429 Intemele-

301 2457 380 2505 subter
389 2456 488 2506 brachia
498 2458 573 2522 pueri.
607 2474 609 2480 ·
846 2468 929 2524 gauter
938 2460 968 2508 de
976 2458 1062 2508 hedera
1069 2467 1178 2507 truncum
1186 2455 1288 2504 nexibus
1295 2451 1344 2502 suis

333 2531 389 2580 362.
400 2532 529 2595 Implicat.]
548 2532 668 2591 Quoniam
675 2531 796 2581 idemver-
845 2532 989 2583 includente.

300 2605 357 2652 bum
375 2605 446 2670 paulo
462 2612 517 2669 post
535 2604 656 2670 repetitur,
673 2614 797 2671 propterea
878 2609 936 2656 366.
959 2607 1068 2670 Polypus,
1082 2603 1155 2671 piscis
1169 2602 1344 2653 voracissimus.

300 2677 414 2728 Heinsius
424 2679 535 2728 alterutro
551 2680 603 2728 loco
613 2683 706 2743 impedit
715 2680 795 2745 legen·
845 2680 989 2730 Insidiarum
1010 2696 1082 2730 causa
1101 2694 1163 2744 sepe
1183 2677 1211 2726 in
1231 2677 1344 2742 scopulis,

301 2750 358 2799 dum
379 2761 467 2802 censet.
503 2753 549 2802 Sed
569 2752 626 2802 alibi
643 2754 695 2819 jam
715 2753 796 2803 docui·
846 2769 945 2818 quorum
955 2755 1055 2803 colorem
1064 2751 1169 2807 assumit,
1177 2749 1345 2817 latitatpisci·

301 2839 360 2881 mus,
372 2825 483 2874 Nostrum
494 2826 621 2891 sepissime
636 2827 699 2876 intra
709 2843 796 2892 pauco·
846 2827 959 2892 culosque
975 2844 1057 2877 secure
1075 2827 1218 2875 adnatantes
1233 2824 1345 2891 pedibus,

300 2912 352 2944 rum
366 2914 476 2948 versuum
494 2900 608 2948 ambitum
625 2900 689 2949 idem
699 2902 796 2950 verbum
846 2902 919 2951 vetuti
935 2901 979 2951 reti
992 2901 1108 2966 implicat.
1129 2899 1223 2949 AElian.
1232 2901 1266 2949 V.
1278 2899 1311 2947 H.
1324 2901 1345 2949 l.

301 2978 416 3034 repetere.
449 2972 479 3020 In
499 2981 599 3037 utroque
621 2973 674 3022 loco
696 2973 797 3022 Codices
846 2975 874 3035 l;
891 2975 954 3025 Plin.
965 2976 998 3025 ix.
1014 2977 1044 3024 29
1051 2992 1059 3035 ;
1075 2975 1162 3022 Noster
1171 2971 1283 3022 Halieut.
1296 2989 1346 3021 ver.

300 3044 373 3091 nostri
395 3045 467 3108 Regii
490 3045 579 3094 habent
597 3048 707 3108 implicat.
748 3047 797 3096 Cu·
847 3051 878 3097 30
889 3065 942 3115 sqq.
974 3049 1052 3098 Pedes
1066 3048 1104 3097 hic
1116 3056 1232 3096 vocantur
1234 3047 1345 3112 flagella,

301 3115 377 3165 mulat
391 3134 470 3167 rursus
488 3119 662 3178 similitudines,
681 3137 694 3169 e
712 3118 798 3185 quibus
846 3125 876 3172 ab
887 3123 940 3171 aliis
950 3125 1015 3179 cirri,
1025 3126 1106 3178 crines,
1117 3121 1219 3170 brocha

300 3189 383 3253 prima,
395 3207 448 3255 quae
460 3207 508 3240 ver.
520 3193 568 3242 713
585 3209 638 3258 sqq.
647 3193 747 3258 repetita
763 3193 797 3242 le·
879 3198 935 3246 369.
963 3197 1089 3254 Commissa,
1109 3194 1251 3259 exquisitius
1272 3210 1344 3260 quam

300 3263 372 3328 gitur,
385 3281 449 3314 nunc
464 3265 560 3330 quidem
577 3265 654 3315 minus
671 3275 739 3330 grata
753 3275 797 3316 est.
847 3274 977 3333 conjuncta.
1021 3271 1110 3319 Diduct
1134 3280 1199 3317 recte
1225 3267 1346 3325 dicuntur,

301 3339 376 3403 Regio
391 3342 445 3397 ales,
460 3339 548 3404 aquila.
580 3341 690 3398 Sustinet,
706 3358 797 3390 sursum
846 3343 1043 3408 quidivelluntur
1057 3341 1253 3407 acomplexibns.
1289 3342 1345 3390 Pro-

301 3412 371 3463 tollit.
549 3475 551 3477 ¹
846 3424 907 3482 pert.
918 3419 939 3465 I.
949 3416 1002 3466 xiii.
1015 3419 1053 3467 14.
1074 3418 1139 3473 Suos,
1152 3415 1275 3481 propitios.
1302 3415 1344 3464 Dii

333 3489 391 3537 364.
418 3489 555 3550 spatiantes,
581 3490 650 3554 longe
677 3498 795 3549 extensas,
846 3491 1018 3541 exaudiverunt
1035 3506 1123 3556 preces.
1155 3489 1194 3538 Sic
1211 3497 1236 3538 et
1250 3490 1345 3538 neus.

300 3560 392 3626 longas,
410 3570 436 3611 ut
454 3564 502 3612 xiv.
520 3565 584 3612 6³0:
602 3567 726 3625 spatiantia
743 3568 794 3613 bra·
845 3565 921 3631 Supra
938 3582 1006 3615 versu
1026 3566 1079 3613 164.
1095 3574 1147 3612 voto
1163 3566 1260 3627 tetigere
1278 3563 1344 3611 Deos.

299 3637 474 3686 cudarim.
500 3638 796 3702 Expressusautemlocus
847 3640 933 3697 Facies,
948 3656 1041 3706 corpus.
1073 3639 1103 3687 Id
1119 3638 1240 3702 eleganter
1258 3635 1346 3686 dicitur

300 3726 330 3757 ex
341 3711 410 3774 Virg.
421 3710 519 3760 AEneid.
530 3711 563 3760 xi.
573 3714 629 3761 751.
662 3713 701 3760 De
715 3729 796 3779 pugna
844 3715 1020 3778 indaci,qunm
1036 3713 1114 3761 datur.
1146 3710 1226 3760 Etiam
1236 3710 1346 3759 vineat.

300 3783 432 3847 aquilarum
453 3793 478 3833 et
496 3794 640 3851 serpentum,
659 3786 713 3835 vide
731 3787 795 3835 Plin.
846 3789 949 3836 membris
964 3789 1073 3835 inducere
1082 3787 1192 3851 formam.
1227 3784 1345 3832 conducto

300 3856 363 3904 Hist.
372 3857 431 3906 Nat.
445 3875 469 3906 x.
485 3860 514 3906 4:
534 3861 617 3908 Acrior
632 3869 664 3908 est
679 3859 794 3924 (aquilae)
846 3863 929 3909 curtim
944 3861 1058 3909 debemus
1068 3859 1167 3908 Heinsio
1178 3856 1220 3922 qui
1234 3849 1259 3906 et
1274 3860 1344 3907 corti·

300 3947 351 3977 cum
364 3933 461 3980 dracone
473 3950 561 3997 pugno.
594 3934 655 3982 Eam
668 3939 731 3995 rapit
744 3937 795 3983 ubi·
845 3951 899 3991 cem,
910 3933 1002 3998 generis
1015 3932 1129 3990 feminini,
1140 3939 1165 3981 ct
1179 3929 1278 3997 phrasin
1292 3947 1344 3978 con-

300 4019 388 4065 cunque
408 4009 488 4054 uisam.
531 4005 575 4053 Ille
595 4009 718 4071 rrrultiplici
736 4025 796 4056 neca
844 4006 1267 4073 ducerecorticempluribusillustrat.
1285 4005 1345 4052 Con·

301 4077 368 4139 ligat,
376 4082 411 4126 ita
419 4096 440 4127 se
450 4081 576 4142 implicans,
583 4091 611 4129 at
618 4085 686 4130 simul
696 4085 795 4132 decidat.
844 4086 934 4140 dacae,
941 4082 1091 4142 contrahere
1102 4081 1174 4130 etiarn
1184 4082 1283 4134 culm
1292 4097 1344 4128 con-

302 4150 404 4200 Pendere
420 4152 530 4202 dicuntur
546 4169 601 4203 aves
612 4156 727 4213 volantes,
739 4156 794 4205 hinc
844 4158 972 4213 ducamur,
983 4155 1079 4220 quando
1090 4162 1185 4204 coeunt.
