2812 5010
311 331 381 398 DE
405 329 569 396 OPERE
592 327 1084 395 METAMORPHOSEON.
1142 336 1222 399 xxxi

180 505 252 571 curii
266 503 527 568 ministerium'et
540 510 700 578 ornatum,
715 500 833 570 Diauae
845 501 961 568 choros
976 513 1010 568 et
1023 504 1220 582 venationes,

178 625 297 690 Bacchi
322 625 528 700 nominares
547 632 656 709 gestas
675 631 709 686 et
731 643 833 698 sacra,
849 620 1007 686 Minervae
1025 623 1060 686 in
1081 625 1224 688 texendo

177 743 409 820 excellentiam,¹
425 737 561 806 Latonae
576 761 703 805 errores
718 749 752 803 et
766 739 934 816 vindictas,
951 738 1121 823 Cupidinis
1136 757 1227 806 arma

176 873 206 926 et
228 857 422 946 potentiam,
446 859 595 925 Plutonis
618 859 787 943 imperium
811 858 844 919 iu
866 855 996 932 inferos,
1020 856 1226 944 Proserpinae

174 981 249 1056 fata,
280 979 487 1064 Neptunum,
518 978 638 1042 Protea
666 977 863 1061 ambiguum,
893 996 1045 1038 canorum
1074 974 1223 1055 Tritona,

174 1096 346 1160 Musarum
361 1105 486 1172 cantus,
502 1094 647 1159 Telluris
667 1094 802 1170 fructus,
819 1092 1015 1177 Tisiphones
1035 1093 1168 1159 formam
1192 1105 1225 1160 et

174 1216 345 1290 venenum,
362 1213 457 1278 Isidis
476 1233 607 1296 quoque
622 1210 830 1302 AEgyptiacae
850 1233 1010 1295 pompam.
1057 1212 1226 1278 Prodeunt

174 1332 231 1396 viri
252 1342 287 1395 et
307 1331 435 1407 heroes,
451 1351 532 1414 quos
549 1328 725 1413 antiquitas
745 1324 871 1391 habuit
883 1327 1118 1406 celeberrimos,
1135 1330 1226 1394 Deu-

176 1449 292 1526 calion,
315 1448 450 1525 Chiron,
471 1445 693 1531 AEsculapius,
716 1445 858 1509 Cadmus
880 1467 954 1510 cum
974 1448 1050 1523 suis,
1070 1447 1225 1527 Tiresias,

175 1567 329 1642 Perseus,
350 1564 463 1641 Jason,
479 1563 642 1639 Theseus,
661 1561 783 1638 Minos,
807 1561 976 1640 Daedalus,
991 1562 1224 1649 Triptolemus,

175 1686 359 1770 Meleager,
382 1682 555 1759 Hercules,
574 1680 919 1766 Orpheus,·thilles,
939 1682 1083 1767 Ulysses,
1104 1686 1227 1770 Pytha-

175 1827 282 1890 gorae,
313 1803 451 1878 AEneas,
481 1799 654 1878 Romulus,
683 1801 805 1876 Numa,
834 1823 970 1884 quorum
998 1804 1138 1867 omnium
1174 1826 1226 1868 res

175 1921 325 2008 plurimae
350 1933 384 1987 et
408 1920 520 1986 laudes
547 1933 603 1986 aut
624 1922 754 1985 brevius
780 1923 994 2006 attinguntur,
1021 1934 1077 1987 aut
1104 1925 1226 2009 ingenii

175 2041 308 2104 flumine
338 2050 460 2104 ornatae
489 2037 706 2122 explicantur.
754 2038 932 2114 Notantur,
957 2041 1031 2123 quae
1057 2039 1092 2103 in
1120 2043 1226 2107 animo

177 2158 326 2223 humano
342 2160 427 2235 sunt,
448 2158 595 2222 adfectus
618 2167 784 2242 paternus,
799 2169 973 2236 maternus,
988 2158 1160 2238 fraternus,
1177 2185 1227 2227 so-

178 2278 293 2353 rorius,
309 2276 398 2342 amor
421 2286 540 2352 castus,
561 2277 713 2352 incestus,
729 2275 913 2353 sceleratus,
930 2278 979 2341 sui
997 2278 1110 2362 ipsius,
1123 2278 1226 2344 libido

179 2398 300 2473 furens,
327 2394 437 2481 plures
464 2395 582 2461 doloris
612 2407 645 2460 et
673 2395 779 2460 luctus
805 2397 937 2480 gradus,
960 2396 1155 2480 desperatio,
1178 2399 1226 2460 in·

180 2515 279 2591 senia,
297 2515 357 2590 ira,
377 2512 554 2580 ulciscendi
580 2512 732 2588 studium,
753 2512 884 2587 invidia,
906 2510 1090 2588 crudelitas,
1113 2513 1225 2597 impie-

180 2642 236 2708 tas,
261 2631 378 2716 pietas‚
401 2631 595 2706 innocentia,
614 2629 811 2714 simplicitas,
831 2629 1045 2713 hospitalitas,
1065 2629 1224 2709 mollities,

179 2747 347 2824 fortitudo,
362 2757 431 2811 tum
452 2745 624 2833 pugnae‘et
638 2747 795 2812 tumultus
809 2749 970 2812 variorum
989 2749 1173 2813 adfectuum
1192 2751 1226 2814 in

181 2866 295 2929 animo.
341 2862 440 2928 Adde
460 2866 567 2929 studia
587 2865 762 2943 hominum,
777 2866 875 2943 bella,
890 2865 1013 2950 praelia,
1029 2869 1225 2945 venationes,

180 2994 276 3047 artes>
288 2982 482 3065 (textoriam,
502 2983 677 3060 fatidicam,
698 2985 868 3061 nauticam,
891 2985 1105 3069 piscatoriam,
1127 2988 1228 3071 magi-

181 3101 272 3183 cam,)
292 3099 395 3177 lusus,
415 3102 512 3177 rixas,
533 3100 682 3178 lotiones,
703 3103 844 3187 nuptias,
865 3103 1020 3179 convivia,
1042 3106 1226 3182 certamina,

181 3219 256 3281 item
280 3238 356 3301 quae
378 3217 417 3280 iis
440 3216 491 3281 vel
516 3218 718 3302 contingunt,
739 3217 791 3283 vel
813 3220 975 3296 accidunt,
999 3232 1055 3285 aut
1074 3245 1093 3284 a
1111 3232 1227 3286 natura

181 3337 302 3400 tributa
325 3346 412 3412 sunt,
430 3335 597 3411 diluvium,
614 3345 750 3420 pestem,
771 3335 899 3412 famem,
917 3360 1073 3415 somnum,
1094 3340 1227 3417 somnia,

180 3463 416 3537 paupertatem,
436 3477 535 3538 opum
556 3454 799 3538 abundantiam,
819 3456 1069 3533 dilaniationem,
1085 3458 1227 3540 discerp-

182 3572 312 3637 tioncm'
333 3574 559 3649 membrorum,
590 3573 805 3659 naufragium,
835 3575 920 3638 mille
953 3575 1063 3638 mortis
1096 3587 1227 3658 genera
1323 3622 1325 3624 -

182 3690 313 3762 Partem
342 3692 450 3756 adhuc
478 3715 586 3757 rerum
611 3669 1010 3779 expositarum'recensui.
1055 3690 1228 3755 Accedunt

183 3810 266 3872 enim
280 3807 490 3893 'plurimarum
505 3833 623 3888 rerum,
640 3834 721 3896 quas
736 3822 770 3875 et
784 3822 900 3874 natura
914 3806 1059 3894 protulit,
1075 3818 1108 3871 et
1118 3819 1228 3894 poeta-

184 3933 251 3991 ruin
265 3928 397 4013 ingenia
410 3929 586 4015 finxerunt,
598 3932 843 4016 descriptiones,
859 3928 944 3992 sedis
963 3925 1114 4003 coelestis,
1129 3927 1228 4010 regiae

185 4043 266 4131 Solis
286 4068 359 4111 cum
378 4069 477 4113 curru
497 4050 591 4115 solari
611 4060 651 4115 et'
662 4049 764 4135 equis,
780 4046 854 4112 coeli
874 4044 1028 4122 stelliferi,
1043 4045 1228 4121 inferorum,

169 4148 171 4154 ’
184 4164 401 4244 animantium,
416 4167 611 4253 plantarum,
625 4171 791 4244 montium,
803 4166 984 4242 fluviorum,
997 4165 1142 4239 fontium,
1154 4185 1230 4228 ven-
