2812 5010
363 298 833 383 uursuommosnou
855 316 947 383 uin.
971 317 1020 383 11.
1150 317 1215 386 us

176 493 352 588 AEgaeona
368 492 447 565 suis
465 491 642 564 immania
658 501 764 589 terga
782 492 945 579 lacertis,
1056 551 1059 556 .
1121 492 1124 497 ’
1168 500 1214 567 10

175 608 405 704 Doridaque,
425 616 464 680 et
482 616 610 680 natas:
642 631 801 704 quarum
818 632 904 705 pars
922 633 1011 683 nare
1028 609 1213 698 videntur,

174 723 268 795 Pars
288 724 326 795 in
341 724 439 796 mole
458 720 594 795 sedens
612 722 748 795 virides
767 721 908 796 siccare
926 724 1103 822 capillos;
1205 734 1206 739 ’

175 838 288 913 Pisce
304 838 390 912 vehi
408 838 606 935 quaedam:
635 839 750 911 facies
765 864 839 911 non
857 841 1029 913 omnibus
1048 866 1134 927 una,

175 953 256 1027 Nec
276 955 424 1028 diversa
440 965 582 1043 tamen3
613 957 763 1052 qualem
781 957 893 1029 decet
911 982 994 1031 esse
1013 982 1192 1033 sororum.

173 1071 411 1156 Terravirm,
423 1072 611 1168 urbesque
623 1070 730 1167 gerit,
743 1072 944 1169 silvasque,
960 1072 1145 1170 ferasque,
1169 1079 1213 1147 15

175 1186 435 1284 Fluminaque,
451 1197 489 1259 et
504 1185 713 1284 Nymphas
730 1197 768 1258 et
782 1198 918 1260 caetera
935 1187 1089 1261 numina
1105 1190 1212 1263 ruris.

175 1300 268 1373 Haec
289 1326 401 1399 super
419 1301 594 1398 imposita
612 1311 670 1373 est
687 1301 770 1372 coeli
788 1302 963 1398 fulgentis
982 1304 1125 1399 imag03

176 1417 370 1514 Signaque
388 1440 456 1489 sex
471 1415 613 1489 foribus
626 1416 1025 1517 dextris,totidemque
1040 1420 1212 1494 sinistris,

176 1531 258 1616 Quo
278 1533 388 1605 simul
407 1532 546 1606 acclivo
567 1533 788 1630 Clymeneia
805 1534 922 1608 limite
940 1537 1063 1633 proles
1115 1578 1118 1582 >

175 1647 301 1734 Venit,
321 1659 359 1722 et
377 1650 526 1722 intravit
543 1649 703 1722 dubitati
721 1661 823 1723 tecta
841 1652 1027 1749 parentis3
1165 1658 1215 1725 20

175 1764 353 1837 Protinus
372 1766 418 1838 ad
433 1766 572 1862 patrios
591 1790 659 1838 sua
675 1764 747 1837 fert
764 1768 922 1863 vestigia
937 1768 1085 1856 vultus;

176 1879 436 1979 Consistitque
460 1881 612 1980 procul:
642 1882 889 1980 nequeenim
919 1882 1093 1982 propiora
1118 1882 1213 1957 iere-

324 1999 390 2072 bat

207 2241 247 2288 10.
257 2241 387 2304 ὤμοιο]
397 2243 477 2291 Etiam
487 2245 588 2309 AEgaeon,
601 2261 672 2310 quem
721 2246 784 2313 apud
798 2247 909 2295 Graecos:
927 2244 975 2293 vid.
987 2243 1017 2292 ad
1029 2243 1045 2291 i.
1056 2244 1112 2292 275.
1125 2241 1166 2290 ubi
1176 2257 1218 2290 vo-

176 2313 216 2362 Dii
235 2315 360 2363 Briareum
372 2319 499 2375 vocabant,
517 2317 584 2367 Deus
602 2320 672 2368 mari·
721 2329 790 2369 catur
802 2320 925 2368 ceruleus.

175 2405 227 2446 nus,
239 2390 346 2454 Neptuni
357 2391 395 2439 vel
406 2390 477 2448 filius,
489 2393 527 2441 vel
541 2394 673 2443 secundum
756 2397 794 2443 13.
806 2395 878 2450 Pisce,
888 2393 974 2442 belluis
984 2390 1089 2447 marinis,
1099 2389 1218 2454 delphinis

175 2463 273 2512 Hesiod.
290 2464 382 2527 Theog.
399 2466 446 2513 817
463 2482 516 2530 sqq.
532 2482 613 2529 gener,
630 2467 673 2516 sed
721 2467 746 2516 in
768 2466 857 2532 primis,
878 2465 932 2514 vehi
957 2466 1065 2513 solebant
1085 2463 1217 2513 Nereides:

175 2546 241 2601 patre
248 2538 329 2587 fortior
338 2556 345 2598 ;
357 2538 421 2587 unde
431 2538 454 2588 ei
464 2549 560 2589 centum
567 2541 673 2599 brachia,
721 2542 770 2591 vid.
789 2542 819 2590 ad
836 2541 871 2589 xi.
886 2540 943 2588 237.
976 2539 1063 2595 Facies,
1085 2546 1130 2586 etc.
1148 2537 1219 2601 Inge-

177 2610 201 2659 in
216 2612 304 2676 quibus
319 2613 388 2661 sedes
405 2614 556 2672 fortitudinis,
567 2616 674 2665 tribuun-
723 2614 788 2663 niose
799 2612 958 2662 etinlaudem
969 2611 1072 2661 artificis.
1092 2609 1220 2660 Claudian-

175 2694 229 2734 tnr:
247 2686 302 2735 vide
312 2689 386 2736 Hom.
396 2688 428 2736 ΙΙ.
439 2693 471 2737 Α.
481 2689 529 2736 402
542 2706 595 2754 sqq.
626 2691 673 2739 Sed
723 2705 747 2736 x.
759 2689 798 2737 72.
809 2687 838 2735 de
849 2685 990 2734 Amoribus:
1007 2687 1069 2732 mille
1071 2685 1171 2750 fratres,
1182 2699 1220 2731 ors

175 2759 261 2825 virgil.
278 2761 375 2811 AEneid.
392 2781 416 2811 x.
432 2765 489 2812 565.
509 2780 564 2813 eum
581 2764 675 2814 videtur
723 2779 795 2824 pares,
806 2764 887 2810 similes
898 2761 986 2809 habitu.

175 2835 238 2884 inter
264 2835 382 2900 Gigantas
407 2836 524 2886 retulisse.
569 2839 675 2887 Premem
758 2839 796 2886 15.
816 2836 900 2898 Viros]
915 2833 1042 2883 Homines:
1058 2835 1128 2897 gerit,
1138 2831 1220 2880 babet.

174 2908 269 2956 omnino
278 2909 376 2973 quidem
384 2920 420 2960 est
427 2911 541 2971 insidere;
553 2911 594 2960 sed
603 2928 674 2969 nunc,
759 2911 796 2957 17.
810 2907 866 2959 ceti
879 2912 964 2972 imago,
981 2907 1082 2955 coelum:
1094 2906 1220 2970 fulgentis,

175 2983 216 3031 ubi
235 2985 327 3033 lacertis
344 2984 448 3043 additur,
461 2985 544 3034 malim
559 2985 590 3033 ad
605 2986 674 3034 habi·
724 2984 821 3039 stellati,
833 2981 988 3048 αἰγλήεντος,
1000 2979 1166 3044 ἀστερόεντος.

175 3065 226 3104 tum
246 3057 387 3106 animalibus
408 3059 560 3108 insidentium
579 3060 673 3118 referre,
758 3060 796 3106 18.
814 3059 885 3122 Signa
906 3054 1044 3120 simpliciter
1060 3054 1171 3102 dicuntur
1189 3051 1221 3101 si-

175 3148 249 3195 quum
266 3131 375 3180 demissis
391 3133 494 3182 brachiis
510 3142 576 3199 terga
593 3150 674 3184 eorum
724 3133 780 3181 dera
797 3130 899 3188 Zodiaci,
911 3146 964 3194 quae
982 3137 1098 3177 certorum
1113 3127 1220 3176 animan-

174 3214 285 3270 tangunt,
296 3215 323 3255 ut
337 3206 398 3256 infra
409 3210 457 3256 874
468 3210 563 3274 Europa
579 3209 674 3258 dorsum
724 3207 792 3264 tium,
809 3206 956 3268 aliarumque
972 3219 1048 3251 rerum
1064 3201 1167 3267 speciem
1184 3216 1221 3249 re-

174 3280 245 3329 tauri·
616 3324 625 3343 ,
724 3281 784 3329 serre
804 3287 916 3344 putantur
923 3296 929 3338 ;
951 3277 1014 3325 unde
1036 3275 1152 3322 Zodiacus
1171 3273 1222 3336 ipse

209 3355 248 3402 ll.
260 3355 339 3412 Doris,
350 3355 400 3404 filia
411 3356 513 3413 Oceani,
525 3357 610 3422 conjux
622 3357 673 3406 Ne·
723 3354 821 3418 signifer
837 3355 902 3401 orbis.
924 3351 977 3399 Cic.
988 3349 1045 3398 Div.
1055 3348 1081 3396 ii.
1092 3350 1132 3396 45.
1164 3347 1220 3395 Jam

174 3427 216 3484 rei,
226 3436 302 3476 mater
317 3428 490 3493 quinquaginta
500 3431 675 3494 Nympharum,
725 3428 777 3476 haec
794 3427 920 3476 duodecim
937 3425 1003 3489 signa
1023 3431 1089 3471 secat
1105 3422 1224 3485 AEquator

175 3519 229 3566 quae
247 3519 262 3551 a
278 3512 345 3568 patre
352 3504 472 3552 Nereides
482 3504 607 3553 dicuntur:
625 3505 675 3553 He·
724 3503 766 3559 ita,
777 3511 851 3550 utsex
863 3500 942 3549 sintin
952 3509 1018 3564 parte
1029 3493 1223 3562 septemtrionali,

174 3576 234 3625 siod.
249 3577 342 3640 Tbeog.
357 3579 421 3637 2403
438 3578 515 3642 Orpb.
530 3578 621 3642 Hymn.
636 3581 676 3627 23.
725 3578 871 3640 totidemque
892 3574 916 3623 in
938 3572 1044 3622 australi.
1076 3572 1129 3618 Hoc
1151 3567 1223 3631 igitur

176 3651 242 3699 Nare
251 3654 370 3708 videntur,
381 3661 465 3700 nantes
476 3661 611 3699 cernuntur.
725 3661 869 3715 expresserat
885 3648 987 3697 Vulcan.
1004 3661 1078 3710 quum
1098 3641 1221 3724 dimidiam

208 3727 247 3774 12.
259 3726 341 3783 Moles,
352 3727 470 3791 scopulus·
498 3728 589 3774 Siceare
603 3729 676 3788 capit·
726 3725 844 3788 signorum
854 3730 944 3786 partem
956 3719 1044 3768 dextris
1055 3719 1142 3766 loribus
1153 3714 1221 3764 addr-
1297 3760 1302 3771 ,

174 3802 207 3848 los
229 3800 328 3849 solenne
345 3801 466 3864 negotium
484 3801 589 3849 Deorum
605 3800 677 3848 mari·
726 3798 806 3853 disset,
814 3796 936 3844 dimidiam
946 3793 1053 3842 sinistris.

175 3889 268 3931 norum,
280 3875 480 3939 quemadmodum
493 3875 534 3922 alii
543 3874 591 3922 otio
602 3875 676 3922 abun·
760 3872 864 3920 19—30.
887 3871 937 3922 Quo
960 3868 1027 3915 εἰναι
1054 3863 1159 3948 acclivo]
1180 3863 1223 3911 In-

175 3946 260 3996 dantes
271 3964 365 3996 comam
380 3957 471 3998 ornent.
498 3948 602 4012 Singulis
613 3964 675 3996 nunc
726 3955 792 3994 terna
802 3945 872 4007 regiae
884 3943 964 3991 facies.
984 3943 1084 3997 Aeolius,
1096 3954 1153 4003 quia
1163 3948 1223 3986 tem·

175 4022 236 4070 actio
247 4021 359 4086 qoaedarn
373 4022 491 4070 tribuitur.
527 4023 616 4071 Virides
628 4023 675 4070 Ne·
726 4019 766 4084 pla
781 4018 805 4065 in
820 4016 890 4065 editis
903 4016 951 4064 fere
965 4015 1024 4063 locis
1036 4014 1092 4079 poni
1107 4012 1222 4060 solebant.

176 4098 266 4144 ναίοντα
292 4113 357 4144 omne
384 4096 457 4144 etiam
482 4097 539 4144 Hor.
558 4096 607 4146 III.
628 4097 677 4144 Od.
729 4093 852 4153 Purpurea
866 4098 932 4137 veste
948 4088 1030 4145 velati,
1048 4096 1099 4142 aut,
1117 4086 1222 4152 epitheto

177 4169 258 4218 xxviii.
279 4171 318 4218 10.
361 4170 489 4235 Neptunus
509 4168 678 4234 κυανοχαίτης
727 4165 802 4216 veluti
817 4165 917 4229 proprio,
927 4166 1038 4226 purpurei
1055 4161 1143 4226 ubique
1157 4175 1225 4223 reges
