2812 5010
168 332 232 399 120

471 332 510 396 Ρ.
534 329 694 397 OVIDII
721 329 933 395 NASONIS

220 505 333 579 VIII.
363 504 434 579 Est
449 529 580 578 nemus
595 503 815 590 Haemoniae‚
830 514 1018 602 praerupta
1030 503 1132 599 quod
1146 526 1218 574 un-

321 622 435 719 dique
454 622 596 696 claudit
894 720 897 724 Ι

173 737 297 813 Silva:
327 749 462 812 vocant
478 738 634 837 Tempe,
650 764 717 837 per
735 763 820 836 quae
839 737 1003 824 Peneus,
1024 737 1072 810 ab
1090 737 1165 808 imo

174 852 326 927 Effusus
344 853 480 940 Pind0‚
500 854 687 953 spumosis
705 854 863 927 volvitur
881 852 1013 940 undis3
1114 925 1118 931 ,
1142 855 1219 924 570

173 969 411 1068 Dejectuque
429 970 531 1066 gravi
549 981 682 1044 tenues
701 968 882 1065 agitantia
899 967 1021 1040 fumos

173 1084 316 1159 Nubila
331 1086 520 1173 conducit,
540 1109 782 1182 summasque
802 1083 1000 1182 aspergine
1018 1082 1130 1155 silvas

174 1200 350 1300 Impluit;
381 1213 420 1277 et
437 1203 562 1276 sonitu
580 1203 666 1302 plus
684 1226 798 1301 quam
814 1202 937 1276 vicina
954 1201 1099 1296 fatigat.

202 1432 340 1482 568-750.
364 1433 477 1482 Fabulam
497 1433 541 1483 st
563 1432 670 1497 Asclepi-

172 1505 227 1562 ade,
239 1506 361 1563 Acusilao,
372 1508 476 1556 Hesiodo
493 1507 602 1563 ducibus,
617 1523 670 1555 nar-

170 1588 251 1627 rarunt
261 1580 343 1645 Apoll.
351 1582 386 1629 II.
396 1581 413 1629 i.
423 1583 438 1629 3
447 1598 455 1641 ;
471 1582 536 1657 Hyg.
545 1582 595 1629 fab.
609 1583 655 1631 145
664 1593 671 1636 ;

171 1653 252 1702 Valer.
277 1655 342 1703 Flac.
361 1655 450 1719 Argon.
468 1655 500 1704 iv.
524 1657 572 1704 353
598 1672 669 1720 sqq.;

171 1727 265 1784 Noster,
275 1729 320 1793 Ep.
331 1728 381 1777 xiv.
394 1731 425 1778 85
438 1746 490 1794 sqq.
523 1729 602 1778 Etiam
612 1732 668 1778 AEs-

171 1799 235 1864 chyl.
258 1802 337 1850 Prom.
358 1803 495 1851 568-892.
515 1802 609 1852 induxit
633 1805 668 1861 lo,

171 1889 309 1938 quanquam
324 1876 437 1924 nonnulla
453 1892 482 1925 ex
499 1875 554 1924 latis
572 1876 631 1941 ejus,
642 1887 669 1927 ut

171 1947 268 1996 consilio
299 1964 341 1997 suo
367 1949 541 2014 responderent,
565 1950 668 2000 novavit.

171 2020 238 2069 Idem
255 2031 419 2086 argumentum
436 2022 461 2071 in
477 2023 535 2071 solio
550 2024 668 2087 Amyntai

172 2111 309 2159 expressum
325 2105 386 2154 erat,
403 2099 476 2147 Paus.
494 2098 527 2146 iii.
547 2101 584 2148 l8.
602 2100 668 2148 etin

172 2170 256 2234 clypco
273 2171 354 2228 Turni,
376 2171 416 2236 qui
435 2188 509 2236 genus
525 2174 555 2221 ab
576 2172 667 2222 Inacho

171 2243 283 2300 ducebat,
292 2245 377 2309 Virgil.
385 2246 483 2295 AEneid.
496 2246 537 2295 vii.
547 2248 603 2296 789.
621 2247 667 2295 At-

172 2334 219 2382 que
233 2318 305 2368 etiam
319 2320 388 2368 hodie
400 2321 425 2368 in
437 2321 537 2385 gemmis
552 2322 666 2386 conspici·

128 2409 133 2417 ¹
171 2401 218 2442 tur.
246 2395 309 2444 Vide
324 2394 430 2461 Lipperti
444 2397 542 2461 Dactyl.
553 2397 589 2445 11.
599 2396 615 2445 i.
628 2399 666 2446 l8.

171 2469 289 2526 Quoniam
309 2469 335 2517 lo
356 2469 380 2518 in
398 2468 539 2534 Argivorum
558 2470 667 2528 dialecto,

721 1448 805 1486 nemus,
816 1440 840 1479 et
850 1429 919 1479 Mela
929 1429 955 1478 ii.
968 1431 992 1480 3.
1003 1446 1066 1479 sacro
1077 1445 1164 1477 nemore
1175 1447 1216 1476 uo·
1264 1478 1267 1485 ,

719 1508 774 1554 bilia
795 1506 882 1566 Tempe.
920 1504 1033 1568 Undique,
1043 1503 1128 1552 dextra
1145 1503 1218 1551 ltera-

720 1596 775 1644 que.
803 1580 867 1627 Silvo
879 1588 1005 1640 praeniptu,
1019 1577 1079 1626 silva
1090 1575 1115 1623 in
1130 1576 1217 1623 monti-

719 1655 764 1702 bus
786 1652 909 1718 praeruptis
916 1670 923 1712 3
944 1668 1000 1700 nam
1022 1667 1075 1715 quae
1097 1649 1217 1698 montibus

719 1727 870 1782 conveniunt,
888 1742 918 1774 ea
933 1735 958 1774 et
974 1725 1040 1775 silvis
1055 1725 1081 1772 in
1095 1723 1217 1772 montibus

718 1812 794 1868 poetae
806 1802 918 1851 tribuunt.
1192 1814 1195 1818 ’

751 1879 808 1926 569.
833 1876 941 1939 Peneus]
969 1874 1066 1923 Fluvios
1086 1872 1217 1921 Thessalia

719 1951 884 2006 nobilissimus,
906 1951 931 1998 in
951 1964 1022 2013 quem
1045 1945 1131 2011 reliqui
1153 1946 1217 1995 illius

717 2034 784 2074 terrae
799 2023 864 2072 fluvii
879 2023 1023 2072 influebant:
1044 2020 1136 2071 AElian.
1148 2022 1174 2070 d.
1186 2022 1216 2081 l.;

718 2100 815 2149 Gallim.
829 2099 853 2147 h.
870 2099 928 2147 Del.
945 2099 1000 2146 110.
1033 2097 1066 2154 Is,
1082 2096 1215 2145 secundum

718 2173 808 2222 AElian.
819 2189 865 2220 non
876 2174 982 2234 spumosis
991 2174 1061 2220 uadis
1074 2186 1116 2237 per
1125 2171 1215 2235 Tempe

718 2247 826 2302 volvitur,
841 2247 882 2296 sed
897 2247 970 2295 odose
985 2254 1010 2295 et
1023 2244 1116 2302 leniter,
1126 2243 1152 2293 in
1166 2259 1215 2292 mo-

718 2321 775 2369 dum
792 2320 846 2372 olei.
874 2321 963 2370 Verum
979 2329 1004 2369 et
1020 2319 1116 2368 Livius:
1137 2319 1216 2368 Terret

718 2407 740 2444 et
754 2399 842 2445 sonitus
856 2405 877 2444 et
893 2398 993 2444 altitudo
1005 2412 1046 2456 per
1055 2397 1152 2442 medium
1166 2395 1215 2442 vol·

719 2473 761 2519 lem
768 2473 868 2535 fluentis
879 2470 949 2518 Peuci
958 2473 1038 2518 omnis.
1055 2469 1088 2518 Is.
1115 2468 1216 2516 Vossius

172 2550 267 2590 notante
285 2542 395 2591 Eustath.
414 2543 445 2591 ad
460 2543 554 2607 Perieg.
569 2546 610 2600 92,
628 2545 666 2592 lu·
718 2543 747 2592 ad
764 2544 864 2592 Melam.
875 2544 910 2592 II.
921 2542 956 2592 iii.
969 2544 1024 2600 176,
1038 2551 1062 2592 et
1075 2542 1108 2592 iv.
1119 2543 1160 2590 38.
1174 2552 1215 2591 aut

172 2632 227 2664 nam
238 2617 392 2681 significabat,
404 2619 467 2666 lunae
482 2627 562 2666 autem
574 2620 667 2682 symbo·
718 2618 790 2667 verba
799 2622 827 2666 ut
839 2621 882 2666 imo
893 2618 969 2666 Pindo
980 2624 1090 2682 conupta
1103 2632 1163 2673 esse,
1175 2626 1216 2666 aut

172 2691 221 2739 lum
237 2692 326 2740 femina
342 2691 419 2757 capite
437 2700 534 2741 cornuto
548 2692 602 2749 luit,
612 2693 667 2742 inde
717 2694 798 2741 Penea
808 2708 838 2740 ex
848 2692 896 2740 alto
907 2707 949 2756 per
959 2701 1053 2740 meatus
1062 2691 1164 2739 latentes
1174 2707 1214 2740 ea·

172 2763 258 2811 labulae
285 2764 354 2812 initia
377 2766 452 2813 ducta
477 2781 529 2814 esse
551 2765 667 2823 videntur,
717 2766 780 2822 dere,
792 2765 929 2830 priusquam
939 2765 964 2813 in
975 2773 1127 2830 conspectum
1137 2781 1214 2814 erum-

171 2846 242 2885 aucta
267 2838 354 2887 deinde
381 2839 547 2888 additamentis
572 2840 668 2904 quibus·
717 2849 766 2903 pat,
778 2841 884 2904 putabat.
912 2839 989 2887 Male.

172 2911 235 2958 dam.
268 2913 299 2959 Et
314 2929 387 2977 quum
402 2914 481 2962 Graeci
494 2930 530 2963 res
541 2915 669 2980 AEgyptias
750 2913 806 2961 570.
824 2913 935 2974 Spumosis
952 2913 1041 2976 aarum]
1066 2912 1123 2961 Non
1144 2913 1216 2963 fertur

171 2999 226 3031 cum
237 2984 285 3032 suis
300 2985 473 3049 permiscerent,
483 2988 511 3035 Io
521 2996 545 3036 et
556 2988 668 3053 Epaphus
717 2987 812 3051 placido
827 3004 904 3044 cursu,
916 2988 958 3037 sed
969 2986 1065 3052 rapido,
1082 2996 1107 3035 et
1116 2989 1147 3036 ob
1158 3003 1216 3036 saxa

171 3057 230 3105 Isidi
250 3066 275 3105 et
292 3059 365 3124 Apidi
392 3060 515 3109 assimilari
537 3071 667 3126 coeperunt.
717 3060 816 3109 latentia
826 3061 891 3109 unda
901 3061 991 3126 spumis
999 3060 1137 3109 incanescit.

172 3131 235 3180 Vide
249 3132 334 3195 Heyne
352 3133 376 3181 in
390 3135 667 3200 Antiquamrlufsuotzen,
750 3136 806 3183 571.
830 3136 927 3197 Dejectu
947 3134 1039 3200 graui]
1062 3134 1215 3190 Vehementi,

172 3215 229 3254 tom.
247 3207 264 3255 i.
281 3225 305 3272 p.
324 3209 372 3268 41,
388 3217 412 3256 et
430 3209 461 3258 ad
480 3210 593 3274 Apollod.
611 3211 635 3259 d.
651 3212 667 3260 l.
717 3208 832 3273 praecipiti
842 3208 919 3273 lapsu.
954 3208 1174 3271 chmtusnonfuit
1185 3207 1215 3257 ad

174 3282 215 3328 Est
234 3299 320 3338 namur,
340 3290 386 3330 etc.
420 3284 467 3332 Hic
483 3284 602 3342 transitus,
620 3302 667 3349 quo
718 3283 813 3339 iontem,
825 3283 866 3331 sed
877 3283 919 3332 ubi
933 3282 1008 3330 amnis
1023 3282 1104 3331 lauces
1114 3282 1168 3331 illas
1178 3283 1214 3331 in-

164 3354 292 3413 fluviorum
308 3365 432 3404 conuentus
448 3356 551 3421 fingitur,
565 3373 619 3423 pars
633 3369 668 3408 est
718 3357 802 3405 trabat.
830 3359 999 3422 signantium
1011 3372 1036 3404 sc
1050 3357 1214 3422 propellenda,

170 3435 195 3476 et
206 3426 329 3492 superioris
339 3437 364 3477 et
372 3431 494 3494 sequentis
505 3431 599 3481 fabulae.
620 3434 667 3480 Lo·
710 3430 798 3494 fumos,
804 3431 932 3495 particulas
942 3447 1019 3495 aquae,
1028 3446 1129 3495 quarum
1137 3430 1213 3480 tenui·

171 3516 225 3548 cum
245 3501 307 3550 hunc
327 3503 448 3551 flamonio
466 3504 616 3568 (Thessaliae,
637 3507 667 3554 ab
718 3513 755 3552 tas
765 3504 870 3553 imitatur
881 3506 979 3553 fumum.

171 3576 286 3624 Haemone
300 3592 364 3640 rege,
374 3578 480 3629 Thessali
490 3588 564 3644 patre,
576 3580 667 3636 Strabo,
750 3580 806 3635 572,
818 3580 874 3628 573.
893 3580 1014 3635 conducit,
1026 3578 1129 3626 excitat:
1147 3580 1214 3644 Virg.

169 3648 204 3697 ir.
216 3667 242 3714 p.
253 3651 315 3714 449)
332 3660 358 3699 ut
376 3652 562 3701 amoenissimum
579 3653 665 3701 descri-

171 3724 231 3771 bunt
248 3724 311 3772 Plin.
324 3726 356 3773 H.
371 3727 405 3774 N.
419 3727 450 3776 iv.
465 3728 487 3775 8.
504 3727 625 3776 etAElian.
635 3729 666 3776 V.

171 3799 195 3844 H
199 3798 244 3846 ,iit
253 3801 275 3847 l.
300 3800 348 3848 Sed
359 3817 413 3849 cum
422 3802 509 3850 Ovidio
520 3803 603 3850 melius
611 3818 665 3850 con·

170 3872 242 3920 sentit
257 3873 308 3922 Liv.
325 3874 381 3923 xliv.
396 3878 421 3925 6.
449 3877 473 3924 Is
489 3879 572 3925 saltum
589 3886 664 3933 vocat,
716 3876 793 3940 spexit
810 3876 860 3923 haec
875 3876 957 3924 Sidon.
976 3875 1000 3923 ii.
1016 3877 1061 3940 Ep.
1078 3877 1121 3921 ll:
1140 3877 1210 3922 Arto-

171 3953 195 3992 et
214 3946 293 3994 xxxvi.
313 3949 351 3995 10.
365 3949 450 4012 sumus
469 3952 556 4006 sultus;
576 3949 664 3998 AElian.
715 3967 766 3996 rum
792 3953 866 4006 courir,
891 3968 938 4013 qnae
966 3951 1067 4013 margini
1094 3951 1214 4004 insistunt,

171 4020 303 4067 convallem
320 4021 381 4070 inter
396 4024 524 4087 Olympum
540 4032 564 4072 et
579 4025 664 4072 Ossam
714 4028 843 4086 mpnjectc
859 4028 984 4089 asperginis
1002 4025 1089 4087 fragor·
1113 4024 1214 4084 impluit.

170 4107 217 4139 non
228 4093 354 4142 admodum
366 4097 446 4144 lutam.
473 4097 502 4144 In
512 4113 540 4145 ea
551 4098 615 4145 varia
626 4116 664 4144 ue-
717 4099 754 4146 De
765 4116 788 4147 v.
799 4103 907 4160 impluere
920 4110 944 4148 et
953 4098 1068 4163 cognatis,
1080 4098 1130 4147 vid.
1139 4098 1213 4146 Hein-

170 4170 478 4218 uroruaestatesuavissima.
506 4172 568 4219 Hinc
581 4172 666 4220 Noster
716 4173 771 4221 sius.
811 4174 1019 4240 Sonitu-jutignt,
1042 4174 1101 4222 adeo
1122 4172 1213 4238 strepit,

717 3656 821 3718 colligere
837 3654 1214 3715 nubes—Summcsquc-impluit.

716 3728 848 3777 Cacumina
872 3729 980 3776 arborum
1002 3728 1139 3783 astantium,
1160 3728 1214 3792 plu·

716 3801 759 3849 vim
777 3801 907 3850 decidentis
923 3800 1004 3854 instar.
1027 3801 1138 3866 aspergit.
1163 3802 1213 3850 Re·
