2812 5010
363 319 828 387 METAMORPHOSEON
852 319 941 385 LIB.
967 320 1034 384 ΙΙΙ.
1152 321 1217 385 255

173 491 228 566 Et
242 494 405 591 patrium
421 506 592 569 revocate
610 494 747 568 decus:
776 495 808 567 si
825 494 902 567 fata
917 496 1093 567 vetabant

175 609 286 685 Stare
305 613 368 684 diu
386 611 556 701 Thebas;
585 613 728 685 utinam
745 621 930 685 tormenta
944 611 1088 706 virique
1139 613 1211 682 549

177 724 321 799 Moenia
336 727 543 818 diruerent;
572 726 784 823 ferrumque
802 727 975 824 ignisque
994 725 1185 829 sonarent!

180 839 364 916 Essemus.
377 844 506 919 miseri·
517 843 597 918 sine
615 844 769 918 crimine
785 871 793 931 3
823 867 979 939 sorsque
997 843 1202 939 querenda,

181 954 265 1030 Non
283 959 442 1033 celanda
458 958 573 1047 foret3
603 958 842 1055 lacrimaeque
860 958 1002 1056 pudore
1019 970 1201 1032 carerent.

180 1072 229 1145 At
247 1096 347 1147 nunc
366 1098 388 1147 a
407 1098 521 1172 puero
538 1073 678 1147 Thebae
696 1073 889 1171 capientur
907 1073 1058 1161 inermi-;
1104 1076 1214 1168 [rum‚

183 1186 308 1270 Quem
317 1183 440 1286 neque
457 1190 556 1263 bella
565 1191 708 1287 juvant,
725 1214 794 1263 nec
807 1190 894 1275 tela,
909 1213 979 1263 nec
994 1214 1085 1262 usus
1100 1213 1215 1286 equo-

184 1302 257 1376 Sed
267 1305 441 1378 madidus
452 1307 738 1404 myrrha-crinis,
750 1307 958 1402 mollesque
969 1330 1126 1391 coronae,
1143 1311 1216 1379 555

184 1417 440 1517 Purpuraque‚
459 1432 500 1496 et
515 1423 629 1521 pictis
646 1424 831 1497 intextum
847 1424 1015 1496 vestibus
1030 1421 1171 1494 aurum.

184 1531 303 1617 Quem
330 1537 482 1632 quidem
507 1564 578 1634 ege
605 1550 784 1624 actutum,
805 1538 915 1610 modo
941 1563 1007 1610 vos
1034 1538 1215 1622 absistite,

327 1676 459 1748 cogam

182 1765 500 1866 Assumptumque
512 1783 666 1867 patrem,
679 1781 968 1866 commentaque
979 1793 1084 1842 sacra
1094 1767 1212 1841 fateri.

185 1879 240 1954 An
257 1882 351 1956 satis
366 1883 511 1958 Acrisio
530 1897 590 1959 est
605 1886 730 1973 animi,
750 1899 988 1960 contemnere
1006 1910 1141 1959 vanum

212 2098 269 2146 549.
301 2098 395 2148 Utinam
418 2105 548 2167 tormenta]
584 2105 674 2153 Instru-
723 2103 899 2168 βοστρύχοισιν
911 2103 1026 2167 εὖκοσμος
1042 2103 1130 2166 κόμην.
1166 2102 1218 2148 lila-

184 2179 261 2218 menta
277 2180 332 2220 sunt
348 2173 434 2222 bellica
453 2191 468 2223 a
485 2178 620 2240 torquendis
640 2178 674 2226 la·
724 2179 800 2233 didus,
822 2177 949 2225 delibutus.
984 2176 1156 2239 Unguebantur
1177 2190 1219 2222 au·

183 2241 282 2307 pidibus,
293 2244 393 2310 aliisque
404 2247 529 2297 missilibus
540 2235 611 2298 dicta.
636 2251 674 2298 So·

184 2329 271 2367 narem.
303 2319 416 2369 Heinsius
435 2323 580 2387 conjecturat
599 2327 674 2372 dama-

184 2403 240 2443 rent.
273 2393 352 2443 Immo
364 2393 425 2443 illud
440 2396 531 2453 melius,
542 2398 675 2462 diciturque

184 2481 228 2515 nan
242 2465 313 2518 modo
328 2466 358 2515 de
368 2466 422 2531 igne
434 2469 501 2533 (vide
512 2471 633 2519 Drakenb.
645 2472 675 2520 ad

181 2538 221 2588 Sil.
236 2540 253 2588 i.
267 2540 334 2602 129.)
345 2541 388 2590 sed
404 2551 428 2590 et
446 2543 476 2592 de
492 2545 574 2605 armis3
596 2546 676 2595 confer

183 2613 268 2678 Virgit.
279 2615 368 2679 Georg.
379 2617 397 2665 i.
409 2617 466 2665 447.

210 2691 268 2737 551.
286 2689 545 2755 Essemus—carerent]
564 2693 630 2741 Idem
642 2703 676 2743 ter

181 2761 250 2820 dixit,
262 2763 320 2827 quia
337 2774 405 2829 urget
421 2765 455 2823 id,
472 2767 534 2830 quod
552 2777 624 2832 caput
642 2768 675 2817 rei

180 2844 224 2885 est.
260 2838 346 2887 Verbis
360 2849 428 2896 stare,
438 2843 529 2889 diruere
544 2850 568 2890 et
582 2845 632 2904 rapi
642 2843 676 2890 irs

180 2909 249 2959 nimis
260 2920 333 2976 auget
349 2928 406 2963 rem.
447 2916 540 2978 Sorsque
556 2921 678 2978 querenda.

180 2984 232 3033 Hoc
243 2992 288 3040 est,
299 3000 349 3034 sors
362 2995 440 3036 nostra
449 2988 617 3038 lamentatione
625 2990 677 3054 qui-

179 3056 234 3106 den
255 3058 331 3122 digna
350 3059 418 3118 soret,
436 3077 483 3110 non
499 3061 678 3127 vituperatione.

181 3131 257 3185 Queat
272 3149 354 3195 nequa
366 3142 412 3183 etc.
444 3135 524 3184 Tibul.
541 3137 562 3184 1.
572 3137 613 3187 vii.
630 3139 676 3186 43:

181 3205 235 3253 Non
250 3208 292 3255 tibi
302 3216 357 3255 suut
373 3211 447 3256 tristes
461 3226 528 3266 cura,
540 3227 580 3258 nec
592 3214 675 3268 luctus,

180 3279 242 3329 Osiri
259 3281 345 3344 (quern
361 3297 415 3329 curn
433 3283 529 3330 Baccho
548 3285 676 3334 confunde·

179 3354 238 3405 best
249 3353 352 3417 Graeci)
363 3357 408 3404 Sed
418 3358 478 3404 narii
486 3357 566 3421 flores,
575 3369 597 3405 et
607 3359 678 3423 frons

179 3430 288 3477 retines
298 3431 408 3491 corymbis
412 3446 421 3488 ‚¹
434 3430 497 3478 Fusa
506 3433 544 3478 sed
554 3435 584 3479 ad
593 3443 679 3480 teneros

725 2261 772 2299 terri
789 2251 888 2299 Veteres
905 2250 976 2298 etiarn
993 2250 1043 2296 oleo
1060 2249 1175 2311 myrrheo,
1190 2249 1220 2296 de

725 2327 792 2391 cujus
802 2323 937 2388 prestantia
946 2322 992 2370 vid.
1001 2323 1031 2369 nd
1039 2340 1062 2368 x.
1070 2323 1125 2368 500.
1160 2322 1220 2368 Mot-

726 2401 756 2446 les
776 2414 869 2450 corone,
889 2411 972 2459 nempe
994 2395 1138 2450 hederaceae‚
1158 2394 1220 2442 unde

726 2472 836 2520 Bacchus
856 2471 1013 2535 mesordpqc:
1033 2470 1121 2529 Serrrper
1139 2469 1221 2516 hedera

726 2555 824 2607 tempora
841 2549 918 2593 mirata
925 2546 995 2607 gerit,
1007 2541 1085 2590 Tibul.
1096 2542 1144 2590 III.
1154 2542 1186 2590 vi.
1198 2544 1222 2590 2.

727 2621 827 2669 Hedera
845 2627 922 2668 autem
943 2619 1061 2665 mollitudo
1080 2615 1189 2664 tribuitur
1207 2632 1222 2664 a

726 2694 810 2759 poetis..
833 2694 900 2757 Virg.
911 2693 965 2740 Ecl.
977 2709 1000 2739 v.
1013 2692 1053 2739 ³1.
1085 2691 1124 2738 De
1132 2708 1221 2752 priapu-

726 2784 765 2816 rea
776 2767 867 2816 Bacchi
878 2773 944 2816 veste
955 2765 1003 2813 vid.
1014 2764 1115 2812 Salmas.
1124 2764 1154 2813 ad
1165 2766 1221 2812 Ter·

726 2841 821 2891 tullian.
840 2843 870 2890 de
893 2840 977 2896 Pallio,
995 2847 1021 2903 p.
1043 2840 1098 2888 329.
1141 2840 1224 2889 Talem

727 2916 798 2964 etiarn
808 2917 933 2972 Homerus,
941 2916 965 2962 b.
973 2914 1063 2962 Bacch.
1070 2916 1095 2963 5.
1103 2913 1125 2962 ei
1134 2913 1224 2962 tribuit.

729 2991 801 3037 Pictis
812 3005 839 3037 eo
850 2989 909 3054 ipso,
921 2987 983 3052 quod
998 3002 1080 3035 aurum
1095 2986 1222 3036 intextum.

727 3063 754 3112 ii.
766 3065 820 3111 734.

760 3137 816 3186 557.
833 3135 915 3184 [ectio
929 3137 1030 3183 adsistite
1044 3133 1153 3183 convenit
1169 3132 1222 3198 qui-

727 3209 781 3257 dem
798 3209 873 3257 verbis
889 3209 970 3273 Eurip.
982 3209 1037 3257 780.
1048 3208 1089 3257 ubi
1104 3206 1224 3256 Pentheus

726 3292 831 3333 scutatos
844 3293 869 3333 et
887 3284 977 3348 equites
994 3283 1079 3332 arcessi
1094 3283 1172 3348 jubet,
1183 3282 1225 3329 sed

727 3373 773 3406 non
789 3358 886 3421 perinde
901 3357 1003 3405 moribus
1014 3366 1038 3405 et
1048 3355 1147 3404 consilio
1163 3356 1225 3403 Pan-

727 3431 776 3480 thei
793 3448 806 3479 e
826 3431 944 3480 notatione
961 3430 1042 3479 Ovidii
1061 3429 1105 3477 sibi
1125 3437 1226 3491 arrogat.

179 3500 243 3551 lictu
257 3502 323 3562 palla
339 3505 413 3564 pedes,
426 3503 458 3551 Et
477 3504 551 3566 Tyria
568 3516 678 3562 aestaset
728 3506 942 3562 Abusinasciticet
959 3506 1059 3554 asseris
1075 3503 1149 3551 novis.
1183 3505 1225 3549 As-

179 3577 410 3626 dulais-tt'biacantu.
441 3579 474 3625 Et
484 3578 515 3627 ad
525 3577 602 3644 ipsum
613 3582 675 3629 Bac·
727 3589 848 3642 sumptum,
859 3595 930 3642 quem
943 3579 1002 3627 snlso
1017 3577 1061 3626 sibi
1078 3583 1180 3637 arrogat.
1193 3575 1227 3625 xi.

180 3648 252 3699 mum
267 3649 352 3700 Horat.
363 3650 398 3699 Π.
411 3652 459 3700 xix.
477 3653 521 3701 26:
541 3654 676 3717 Quanquam
726 3657 781 3704 789.
815 3656 1000 3715 Assumptamqae
1014 3661 1118 3713 patrem
1142 3649 1227 3698 Jovem

180 3723 265 3772 abacis
279 3728 459 3787 opturet-jacis
473 3725 582 3788 Ludaque
591 3728 675 3782 dietus,
727 3744 798 3794 quem
808 3727 934 3776 ementitus
944 3735 979 3774 est
988 3734 1086 3791 patrem.
1109 3722 1225 3771 Commen-

180 3813 226 3845 aon
240 3807 277 3847 set
293 3800 388 3847 idoneus
403 3799 490 3864 Pugnis
499 3799 624 3863 ferebaris,
640 3802 678 3848 sed
729 3814 879 3865 taqaesacru,
891 3801 1000 3848 conficta.

181 3873 239 3921 idem
248 3872 375 3922 Pacis-eras
385 3876 512 3936 mediusque
523 3876 583 3923 belli.
599 3873 679 3922 Etiam
760 3879 817 3926 559.
829 3877 866 3924 Aa
874 3872 1044 3934 satisdatum]
1064 3869 1171 3919 Acrisius
1180 3869 1226 3918 Ar·

182 3946 311 3996 mnndum
328 3947 412 4012 Eurip.
423 3949 481 3997 419.
497 3955 561 3996 amat
577 3947 678 4010 ὀλβοδό-
730 3950 835 4014 givorum
857 3965 909 4004 rex,
928 3946 1028 3996 occlusis
1049 3944 1129 4009 portis,
1149 3958 1228 4007 neque

184 4036 267 4085 “W
278 4019 391 4087 ῑῖρῆνην·
427 4023 504 4070 (illuit
518 4022 610 4071 Bacchi
626 4037 680 4086 pas·
732 4026 811 4073 Deum
823 4024 886 4071 hunc
898 4021 1058 4086 (Bacchum.)
1071 4034 1149 4082 neque
1162 4033 1229 4066 sacra

183 4091 424 4144 simlsndaturtvid.
436 4095 524 4144 adver.
535 4097 592 4143 421.
620 4096 681 4144 Eum
731 4097 805 4163 ipsius
816 4096 918 4145 admisit.
951 4096 990 4144 De
1001 4093 1094 4142 Acrisio
1104 4091 1230 4140 Bacchum

184 4181 264 4216 ornare
271 4169 372 4219 solebat.
393 4169 543 4234 Euripast:
556 4171 683 4226 ξανθοῖσιν
732 4180 857 4237 spernente
867 4170 915 4220 vid.
926 4170 958 4219 iv.
969 4169 1018 4219 606
1027 4184 1080 4233 sqq.
1103 4166 1149 4216 sad
1159 4168 1232 4230 Argos
