2812 5010
149 340 215 405 250
295 367 297 372 s
445 339 484 402 P.
508 335 669 403 OVIDII
692 332 904 400 NASONIS

155 512 343 586 Indoluit:
364 511 593 609 quotiesque
607 534 700 608 puer
717 506 953 591 miserabilis,
974 503 1082 579 Eheu
1094 505 1200 577 l'495

155 629 334 717 Dixerat3
361 627 441 700 haec
460 626 602 700 resonis
621 627 780 700 iterabat
796 624 964 708 vocibus,
982 621 1111 695 Eheu!

154 743 356 840 Quumque
374 766 461 814 suos
479 741 654 814 manibus
673 749 910 839 percusserat
926 738 990 810 ille
1007 738 1184 820 lacertos

153 859 248 932 Haec
267 882 418 955 quoque
436 858 620 930 reddebat
633 857 798 931 sonitum
812 853 1000 952 plangoris
1019 851 1198 925 eundem.

156 973 300 1047 Ultima
308 983 382 1045 vox
400 973 547 1045 solitam
565 973 635 1045 fuit
652 974 733 1044 haec
752 969 956 1068 spectantis
975 969 1013 1041 in
1031 966 1195 1053 undam3

154 1089 241 1163 Heu
259 1087 395 1161 frustra
412 1087 549 1160 dilecte
568 1086 680 1184 puer!
707 1085 942 1182 totidemque
960 1081 1105 1155 remisit
1124 1085 1200 1153 500

153 1205 279 1278 Verba
295 1205 422 1290 locus;
451 1204 629 1298 dictoque
644 1201 747 1287 Vale,
763 1199 857 1272 Vale
875 1198 998 1295 inquit
1016 1207 1054 1270 et
1073 1195 1195 1268 Echo.

154 1319 224 1393 Ille
242 1330 358 1416 caput
374 1318 481 1390 viridi
499 1317 639 1390 sessum
658 1315 832 1388 submisit
848 1315 886 1386 in
903 1314 1042 1398 herba;

154 1433 313 1507 Lumina
330 1458 405 1506 nox
424 1432 577 1517 claudit,
597 1430 737 1503 domini
754 1429 928 1502 mirantia
941 1429 1110 1503 formam.

153 1549 251 1622 Tum
267 1574 419 1646 quoque
438 1573 490 1634 se,
504 1559 705 1646 postquam
720 1557 779 1620 est
796 1546 940 1619 inferna
958 1546 1047 1617 sede
1064 1566 1196 1640 recep-

154 1664 200 1736 In
221 1664 354 1761 Stygia
372 1666 568 1762 spectabat
586 1686 707 1762 aqua:
737 1666 916 1760 planxere
934 1684 1078 1759 sorores
1102 1661 1197 1753 [tus,

156 1778 193 1850 N
196 1779 322 1852 aiades
334 1807 343 1868 ;
357 1785 359 1792 ’
374 1790 412 1851 et
430 1789 553 1852 sectos
571 1779 673 1852 fratri
692 1803 850 1876 posuere
868 1777 1045 1875 capillos:
1122 1778 1197 1847 506

157 1893 344 1966 Planxere
363 1905 401 1966 ct
417 1894 611 1991 Dryades3
629 1895 891 1993 plangentibus
907 1902 1060 1967 assonat
1074 1890 1195 1963 Echo.

154 2008 318 2105 Jamque
333 2033 476 2105 rogum,
489 2034 723 2109 quassasque
733 2010 847 2096 faces,
859 2009 1112 2103 feretrumque
1129 2030 1196 2104 pa·

304 2126 462 2198 rabant:
881 2219 883 2223 ⁷

157 2238 355 2335 Nusquam
369 2264 504 2337 corpus
519 2249 619 2313 crat:
639 2265 811 2314 croceum
823 2265 890 2338 pro
901 2263 1055 2337 corpore
1065 2239 1197 2310 florem

156 2354 368 2441 Inveniunt,
388 2354 485 2427 foliis
504 2355 669 2429 medium
685 2356 922 2452 cingentibus
941 2356 1048 2428 albis.
1121 2357 1196 2426 510

187 2540 244 2588 503.
256 2541 368 2588 Dmninus
382 2542 502 2598 luminum,
512 2549 540 2589 ut
550 2540 581 2589 vi.
592 2541 649 2589 560.
701 2540 838 2590 Burmanni.
868 2543 945 2589 Caum
959 2557 1000 2604 pro
1016 2554 1104 2602 quassus
1120 2534 1194 2600 scrip·

156 2617 244 2661 domino
254 2615 347 2679 lingue·
364 2614 395 2662 In
403 2615 493 2680 Stygia,
502 2624 547 2663 etc.
563 2616 650 2663 Manes
701 2624 751 2663 tum
766 2615 837 2664 fuisse
848 2631 862 2663 a
872 2614 980 2671 librariis,
991 2612 1105 2661 eteoclem
1116 2613 1196 2666 sensu,

155 2685 219 2733 enim
234 2687 259 2735 in
274 2687 365 2736 inferna
378 2687 433 2737 sede
449 2697 560 2736 exercent
572 2687 651 2736 studia
701 2688 754 2753 quis
774 2688 909 2745 demiretur,
927 2704 1001 2753 quum
1022 2685 1117 2734 sciverit
1135 2699 1196 2749 quo·

156 2759 269 2824 antiqua:
291 2760 354 2808 'vide
376 2761 405 2808 ad
427 2761 460 2809 iv.
481 2763 536 2810 445.
569 2760 651 2809 Nihilo
700 2763 769 2810 modo
794 2770 848 2811 ante
873 2760 1052 2827 typographiam
1078 2765 1196 2822 repertam

155 2841 234 2882 tamen
258 2833 336 2882 minus
356 2835 443 2883 Noster
469 2851 532 2883 nunc
557 2835 651 2898 ingenio
700 2838 856 2898 scriberentur
871 2836 943 2884 lihril
960 2834 1052 2883 scilicet
1067 2833 1123 2889 duo,
1141 2839 1197 2887 tres,

156 2906 243 2955 abusus
253 2918 304 2955 est:
320 2910 397 2973 Stygis
410 2909 472 2956 enim
484 2909 578 2957 turbida
589 2925 651 2973 aqua
700 2910 738 2958 vel
753 2911 833 2975 plures
849 2909 931 2958 scrihae
946 2917 1001 2957 ante
1016 2908 1132 2972 pluteum,
1145 2906 1197 2955 dic-

155 2986 179 3026 et
196 2978 252 3027 limo
266 2980 338 3043 plena
353 2997 400 3029 non
416 2991 508 3045 poterat
524 2982 651 3047 spectantis
700 2991 766 3032 tante
778 2985 849 3032 verba
864 2983 983 3048 magistro,
999 2982 1145 3040 exarabant5
1163 2988 1196 3036 et,

156 3052 255 3099 sormam
265 3053 372 3101 reddere.
700 3066 770 3121 prout
776 3058 876 3122 quisque
887 3056 974 3122 peritus
984 3064 1053 3112 esset,
1060 3054 1120 3103 alter
1129 3071 1197 3118 quas·

188 3127 244 3174 505.
257 3127 371 3174 Planxere
381 3129 485 3190 sorores]
496 3127 569 3192 Apud
578 3128 650 3177 Clau·
700 3147 743 3187 sos,
755 3132 813 3180 alter
823 3148 895 3180 cassas
908 3131 933 3179 in
949 3146 990 3178 suo
1004 3128 1087 3177 codice
1097 3143 1195 3193 repone-

155 3198 220 3246 dian.
232 3199 257 3247 d.
270 3199 289 3248 l.
301 3201 438 3249 Narcissum
441 3202 525 3266 fracta
536 3203 651 3264 Cephissus
700 3205 750 3253 bat.
774 3204 885 3252 Similiter
895 3220 924 3252 ex
935 3201 1044 3251 omnibus
1054 3201 1118 3249 hisce
1128 3217 1195 3249 men-

155 3275 270 3322 arundine
290 3276 361 3339 luget.
394 3276 467 3325 Sestos
487 3279 588 3338 capillos.
613 3279 649 3326 Ex
700 3278 737 3326 dis
752 3295 804 3342 quae
822 3279 847 3326 in
864 3279 947 3326 nostris
962 3275 1055 3341 scriptis
1068 3275 1137 3324 libris
1155 3292 1196 3323 oc-

156 3361 219 3394 more
241 3348 403 3412 antiquissimo
424 3349 532 3398 solebant
549 3358 650 3399 mortuo·
700 3360 804 3400 currunt.
834 3352 941 3408 Qualem,
952 3365 1064 3413 quassare,
1075 3359 1196 3410 percutere

155 3436 206 3469 rum
218 3422 316 3471 tumulis
328 3423 388 3471 secti
399 3423 538 3488 capillorum
549 3424 650 3472 cincinni
692 3424 768 3488 seces,
784 3424 888 3472 formulae
904 3424 988 3472 obvies.
1015 3422 1073 3471 Vid.
1082 3422 1197 3471 Heinsius

154 3492 252 3560 imponi.
297 3496 384 3544 Ponere
404 3496 500 3545 solenne
521 3497 546 3545 in
569 3513 651 3546 conse·
700 3499 731 3547 ad
748 3498 782 3548 iv.
795 3500 852 3547 758.
878 3498 1037 3546 laetabuntur
1053 3494 1117 3544 enim
1134 3496 1197 3544 inter

155 3570 307 3619 erationibus.
337 3570 455 3627 Tibullus,
473 3571 494 3618 1.
512 3569 531 3619 i.
552 3571 591 3619 14.
611 3590 650 3634 po-
701 3572 814 3620 eundum.
834 3573 941 3619 Croeeum
944 3571 1035 3635 florem.
1046 3568 1197 3618 Narcissum.

155 3661 216 3690 mum
228 3660 310 3705 ponere
321 3644 378 3692 Deo.
405 3644 495 3692 Mirum
510 3653 590 3693 autem
607 3653 650 3703 est,
700 3646 754 3694 Flos
764 3646 803 3694 hic
812 3645 866 3694 Diis
879 3644 1036 3693 inlerissacer
1049 3643 1156 3707 tingitur,
1169 3651 1197 3692 ut

154 3717 279 3781 Nymphas
304 3735 384 3782 rogum
413 3728 438 3767 et
464 3720 582 3783 feretrum
608 3736 650 3784 pa·
700 3719 741 3783 qui
752 3720 833 3768 floreat
844 3727 936 3767 tantum
950 3725 975 3766 et
990 3725 1103 3772 trauseat,
1115 3732 1196 3781 neque

155 3789 228 3838 risse.
312 3798 314 3802 “
700 3792 775 3841 ullum
790 3809 819 3840 ex
834 3807 859 3840 sc
875 3791 976 3839 fructum
992 3790 1061 3850 edat3
1077 3789 1197 3838 itaetin-

186 3866 242 3912 508.
271 3866 431 3930 Quadosque]
460 3868 556 3932 Septem
580 3868 650 3915 MSS.
699 3866 769 3930 genia
777 3865 892 3930 praecocia
900 3865 963 3913 haud
974 3865 1044 3913 facile
1053 3862 1197 3928 perveniunt

155 3954 274 4000 cunasque.
308 3939 338 3987 Id
359 3941 510 3990 Burmannus
537 3940 648 4005 explicat,
698 3941 729 3989 ad
750 3941 848 4005 frugem.
887 3942 939 3989 Flos
960 3950 1038 3988 autem
1059 3938 1101 3987 ille
1120 3938 1195 3987 etiam

155 4020 315 4075 quaeresectae
331 4014 593 4063 abarboresuccosuo
608 4029 648 4062 ce·
698 4014 767 4063 hodie
779 4015 849 4079 juxta
866 4014 1006 4063 Heliconem
1024 4012 1140 4079 plurimus
1158 4029 1197 4062 re·
1237 4063 1238 4066 ,

155 4093 207 4132 rent
215 4091 239 4132 et
247 4084 388 4141 auderunt.
412 4087 501 4144 Nostri,
511 4104 649 4152 quaesoque.
698 4088 792 4153 peritur,
808 4097 836 4137 ut
852 4097 931 4139 narrat
944 4089 1060 4137 Chundler
1069 4088 1094 4136 in
1108 4088 1196 4136 Itiner.

154 4157 185 4205 Et
206 4164 289 4222 arguta
309 4157 368 4207 sorte
386 4158 504 4208 videbitur
522 4160 649 4225 explicatio
699 4177 753 4226 cap·
764 4163 805 4210 64.
