2812 5010
441 336 479 399 P.
505 335 665 403 OVIDII
690 335 900 404 NASONIS

147 338 212 403 258

146 511 275 586 Patria
293 510 457 587 Maeonia
473 520 551 584 est:
581 511 710 584 humili
728 512 776 587 de
794 512 906 609 plebe
924 520 1111 608 parentes.

146 627 233 700 Non
252 626 355 711 mihi,
375 650 460 721 quae
479 625 559 697 duri
579 627 745 700 colerent
762 637 869 724 pater
887 650 973 701 arva
986 627 1153 723 juvenci,

146 743 395 839 Lanigerosue
415 766 560 837 greges
580 767 654 815 non
672 743 748 817 ulla
766 753 933 817 armenta
951 742 1117 840 reliquit.

147 859 296 958 Pauper
313 857 450 955 etipse
467 856 557 945 suit;
587 856 739 955 linoque
758 859 903 932 solebat
920 868 959 931 et
974 857 1086 931 hamo
1115 861 1190 933 586

145 975 344 1073 Decipere,
364 985 407 1049 et.
419 974 563 1049 calamo
582 975 757 1048 salientes
776 975 913 1049 ducere
931 974 1073 1071 pisces..

144 1091 216 1164 Ars
233 1089 286 1163 illi
304 1115 524 1164 suscensus
543 1102 643 1164 erat:
673 1116 788 1189 quum
808 1093 970 1166 traderet
988 1100 1117 1175 artem,

141 1206 296 1305 Accipe,
316 1230 417 1302 quas
429 1206 562 1291 habeo,
581 1205 693 1281 studii
714 1231 910 1283 successor
928 1206 1106 1291 etherea,

144 1322 262 1409 Dixit,
281 1346 394 1420 opes:
423 1321 661 1418 moriensque
679 1321 769 1394 mihi
787 1322 878 1395 nihil
896 1322 960 1394 i-lle
978 1321 1144 1417 reliquit,

142 1438 288 1512 Praeter
314 1460 453 1533 aquas:
486 1461 602 1512 unum
629 1437 698 1509 hoc
724 1461 877 1533 possum
905 1437 1095 1535 appellare
1120 1460 1186 1533 pa-

291 1563 451 1626 ternum.
1115 1555 1184 1623 tat

142 1668 237 1743 Mox
255 1693 337 1764 ego,
357 1693 404 1743 ne
422 1668 586 1766 scopulis
605 1668 784 1742 haererem
802 1691 950 1765 semper
968 1667 1006 1740 in
1024 1668 1159 1752 isdem,

141 1784 317 1884 Addidici
332 1784 510 1880 regimen,
529 1785 663 1857 dextra
682 1785 909 1870 moderante,
929 1784 1066 1857 carinae

140 2034 438 2100 SenectOEdip.vcr.449.
472 2034 565 2099 Nempe
578 2035 636 2098 Tyr·
685 2033 798 2090 boriosus.
813 2033 854 2097 qui
871 2048 955 2096 graves
972 2032 1065 2080 labores
1081 2031 1185 2096 peragit.

139 2110 228 2158 rheate
239 2107 318 2173 prisce
333 2109 486 2172 Pelasgorum
500 2108 571 2173 stirpe
585 2109 637 2158 lue·
687 2107 770 2156 Omnis
779 2107 828 2155 vita
838 2106 925 2155 rustica
937 2109 997 2155 dura
1008 2114 1053 2154 est.
1086 2105 1184 2163 Linum,

139 2190 202 2238 runt,
214 2189 285 2245 atque
295 2182 368 2231 etiam
383 2182 521 2247 aliquandiu
536 2182 636 2247 Lydiam
685 2180 745 2229 retia
766 2181 902 2245 piscatoria.
945 2182 1065 2243 Decipere,
1083 2180 1187 2230 suaviter

139 2257 265 2305 incoluisse
283 2256 406 2306 videntur:
431 2257 487 2306 vide
506 2257 635 2322 Heyninm,
685 2271 735 2319 pro,
756 2271 851 2319 capere.
876 2254 961 2317 virgil.
981 2255 1069 2318 Georg.
1087 2254 1103 2302 i.
1124 2256 1184 2304 139:

138 2331 164 2378 in
179 2330 353 2379 commeando
367 2330 472 2380 Castoris
486 2331 598 2395 Epoclria
613 2341 639 2381 et
677 2330 908 2394 fallereavesvisco.
942 2330 1050 2378 Verbum
1065 2329 1185 2393 proprium

138 2403 238 2451 Excurs.
249 2402 297 2451 III.
311 2402 342 2452 ad
357 2403 453 2452 AEneid.
464 2403 536 2452 VIII.
552 2411 635 2453 nosue
686 2411 730 2461 est,
747 2407 854 2460 inerrare,
872 2401 1001 2459 δελεάζων.
1041 2403 1154 2451 Salientes
1171 2418 1187 2451 a

138 2477 263 2533 Editionis.
274 2477 322 2525 vol.
332 2476 369 2524 iii.
379 2494 405 2541 p.
416 2479 473 2525 482.
506 2477 553 2526 Sed
569 2478 635 2541 Hyg.
686 2486 771 2525 natura
779 2476 888 2541 piscium.
912 2477 1000 2526 Confer
1010 2476 1064 2525 Art.
1075 2474 1158 2525 Amat.
1169 2475 1186 2526 i.

137 2551 179 2615 qui
190 2551 291 2599 eundem
302 2565 358 2599 cum
371 2550 457 2599 Nostro
470 2557 590 2599 auctorem
599 2566 636 2600 aa·

138 2633 227 2689 quutus
240 2639 291 2673 esse
301 2623 404 2679 videtur,
417 2624 539 2686 Tyrrheni,
550 2624 635 2689 inquit,

136 2702 176 2762 qui
185 2709 262 2760 postea
274 2698 341 2747 Tusci
353 2707 406 2747 urat
417 2700 482 2753 dieti.
493 2715 563 2760 quum
570 2702 635 2760 pira-

136 2775 205 2821 ticam
211 2773 330 2836 facerent.
357 2773 450 2836 Nempe
463 2772 562 2820 lllaeoaia
571 2771 636 2820 dicta

135 2855 171 2896 est
182 2846 255 2894 etiam
262 2845 357 2903 Tuscia,
366 2845 390 2893 in
400 2861 472 2910 quam
483 2845 566 2910 priscis
575 2854 633 2895 tem·

135 2919 230 2986 poribus
241 2920 363 2967 Mannum
370 2919 463 2968 colonia
472 2919 576 2969 deducta
582 2935 633 2968 esse

84 3006 89 3019 ¹
135 2992 228 3055 vulgari
246 2994 360 3041 Veterum
381 3008 457 3041 errore
477 2992 631 3042 credebatur:

137 3066 192 3115 vide
201 3066 281 3129 Heyn.
290 3065 314 3112 d.
321 3066 337 3114 l.
347 3065 411 3113 Hinc
422 3067 488 3130 Virg.
500 3067 525 3114 d.
534 3066 551 3115 l.
576 3068 633 3116 Me·

134 3143 188 3188 mia
195 3141 308 3201 juventus
318 3139 348 3188 de
357 3139 472 3196 Etruscis,
485 3153 510 3189 et
519 3142 562 3190 Sil.
577 3143 632 3193 Ital.

135 3229 175 3261 xv.
184 3215 224 3262 35.
240 3213 347 3262 Maeonius
359 3216 421 3262 lacus
430 3223 467 3262 est
476 3215 633 3266 Trasimenus.

134 3288 167 3334 Et
181 3286 252 3335 'lusci
271 3287 305 3335 rei
323 3288 424 3336 nautica
444 3289 541 3337 studiosi
559 3299 633 3347 erant,

686 2551 742 2599 763.
752 2559 777 2599 et
786 2550 849 2606 inira
857 2550 907 2600 xiii.
916 2553 973 2599 923.

717 2627 774 2674 538.
792 2625 885 2680 Censor,
897 2624 995 2681 divitie,
1007 2641 1073 2689 opes
1083 2623 1183 2682 redibis,

685 2697 743 2761 quia
752 2698 815 2746 bona
822 2697 910 2746 civium
921 2698 1082 2746 Romanorum
1092 2698 1118 2745 in
1129 2714 1184 2750 cen·

684 2787 737 2820 sum
747 2771 923 2820 deferebantur.
948 2772 1064 2830 Studium,
1076 2771 1136 2821 vita
1144 2789 1185 2836 ga·

683 2861 735 2902 nus,
753 2853 779 2893 ut
796 2845 812 2893 i.
829 2847 885 2894 694.
903 2845 943 2893 ubi
960 2846 989 2893 de
1006 2855 1104 2895 venatu.
1139 2848 1184 2896 Ju-

682 2918 760 2966 cunde
769 2935 879 2967 sraecesror
886 2928 908 2966 et
916 2920 985 2975 heres,
993 2926 1107 2984 tanquam
1117 2936 1184 2984 mag·

683 3007 765 3041 narum
776 2993 926 3042 facultatum.
957 2994 974 3041 J
976 2993 1069 3043 ucunde
1079 3003 1105 3042 et
1114 2994 1185 3052 illud,

682 3067 742 3114 attuit
752 3067 808 3114 mitti
816 3070 910 3130 reliquit
918 3076 1002 3130 praeter
1011 3084 1091 3130 aquas.

714 3142 772 3189 593.
779 3142 911 3198 Addiscere,
921 3141 1010 3190 discere
1021 3142 1114 3206 aliquid
1124 3159 1183 3207 praa

684 3221 719 3261 ter
729 3214 763 3271 id,
774 3215 838 3280 quod
850 3216 900 3280 jam
912 3224 1029 3266 tenemus.
1055 3215 1139 3265 Simile
1150 3227 1186 3266 est

683 3289 791 3336 adducere
802 3298 862 3336 artes
873 3290 936 3353 apud
948 3290 1031 3338 Horat.
1048 3289 1185 3339 Nautarum

135 3360 236 3426 Dionys.
252 3361 333 3409 Halia.
350 3362 367 3410 i.
381 3363 421 3410 25.
437 3361 579 3427 eosdemque
595 3380 636 3413 sa·
684 3367 728 3417 est,
740 3377 818 3425 regere
826 3378 920 3419 navem,
931 3362 1000 3411 ndsse
1008 3362 1088 3412 sidera
1094 3370 1119 3411 et
1129 3380 1183 3427 por·

134 3435 180 3485 cris
191 3435 317 3485 Bacchicis
329 3437 399 3484 luisse
409 3435 634 3486 adrlictosemonu-
684 3441 730 3482 tus.
769 3436 888 3500 Regimen,
911 3436 1107 3500 gubernaculum,
1133 3438 1185 3486 cla-

135 3509 221 3559 mentis
231 3511 312 3558 multis
323 3527 404 3559 eorum
414 3519 521 3575 apparet.
684 3524 735 3556 vus.
767 3511 784 3558 J
786 3525 824 3558 am
841 3509 919 3558 sidera
934 3510 977 3559 illa
990 3519 1114 3568 memorat,
1128 3527 1183 3576 quat

166 3587 223 3635 584.
239 3585 292 3632 Nan
304 3588 359 3634 miti
372 3595 447 3647 parer,
459 3586 518 3648 ela]
537 3587 633 3636 Descri.
683 3598 730 3646 prae
753 3584 845 3640 caeteris
864 3593 948 3633 nautas
971 3583 1028 3632 olim
1049 3585 1182 3635 ducebant.

134 3659 171 3708 bit
186 3676 211 3708 se
222 3659 407 3725 pauperrimum,
419 3660 451 3709 ad
460 3660 633 3711 miserationem
685 3656 766 3704 Olenia
783 3660 879 3719 capella,
887 3657 1026 3715 Amalthea,
1038 3658 1108 3722 cujus
1119 3659 1184 3708 lacte

133 3733 277 3782 faciendam.
314 3733 406 3785 Ornate
425 3733 493 3782 effert
513 3734 558 3783 tria
577 3732 632 3782 vita
681 3730 766 3780 Jovem
779 3733 893 3781 nutritum
905 3732 993 3780 ferunt.
1027 3731 1140 3781 Eainter
1151 3733 1183 3781 si-

131 3823 227 3871 genera.
261 3809 291 3855 In
308 3812 416 3856 armentis
432 3816 456 3857 et
474 3811 535 3856 aruis
551 3823 633 3856 omnes
681 3803 739 3853 dara
753 3805 829 3854 relata
843 3804 1183 3855 locumauumhabetinhu·

132 3881 191 3929 olim
200 3881 299 3929 divitiae.
326 3882 480 3947 Pauperrima
491 3891 570 3932 autern
581 3889 631 3931 erat
681 3894 745 3928 mero
764 3878 857 3929 sinistro
875 3879 994 3929 Heniochi
1013 3878 1063 3929 sive
1081 3879 1182 3944 aungae.

129 3956 267 4016 piscaterum
283 3954 401 4003 conditio:
425 3955 475 4003 vid.
488 3955 629 4020 Virg.AEn.
680 3952 1036 4017 Hygin.P0et.Asrr.it.13.
1072 3953 1182 4003 Vocatur

131 4028 172 4076 xii.
180 4029 228 4076 517
237 4044 289 4092 sqq.
321 4028 439 4077 Theocrit.
448 4029 487 4077 Id.
498 4031 538 4079 21.
547 4029 627 4094 ibique
677 4028 739 4075 sidus
750 4030 862 4088 pluviale,
871 4026 896 4077 'et
905 4031 971 4079 Fast.
982 4046 1006 4077 v.
1019 4029 1076 4077 113.
1087 4031 1181 4093 signam

130 4103 227 4150 Harles.
239 4103 317 4166 quiet
331 4103 361 4151 de
375 4103 541 4154 instrumentis.
551 4107 628 4169 pisca-
676 4102 787 4160 pluviale,
803 4101 860 4166 quia
876 4103 982 4168 pluviam
998 4100 1105 4151 nunciat.
1119 4102 1182 4166 Tap-

130 4175 197 4225 toriia.
204 4176 310 4241 exponit.
339 4178 428 4233 Durata,
440 4179 548 4228 robustus
559 4180 628 4229 etla-
677 4185 983 4246 gete,unaexPleiadibus.
1002 4185 1181 4248 Hyadastellm
