<?xml version="1.0" encoding="UTF-8"?>
<!DOCTYPE html PUBLIC "-//W3C//DTD XHTML 1.0 Transitional//EN"
    "http://www.w3.org/TR/xhtml1/DTD/xhtml1-transitional.dtd">
<html xmlns="http://www.w3.org/1999/xhtml" xml:lang="en" lang="en">
 <head>
  <title>
</title>
<meta http-equiv="Content-Type" content="text/html;charset=utf-8" />
  <meta name='ocr-system' content='tesseract 3.04.00' />
  <meta name='ocr-capabilities' content='ocr_page ocr_carea ocr_par ocr_line ocrx_word'/>
</head>
<body>
  <div class='ocr_page' id='page_1' title='image "./povidiinasoniso04burmgoog_0295.png"; bbox 0 0 2812 5010; ppageno 0'>
   <div class='ocr_carea' id='block_1_1' title="bbox 173 329 934 399">
    <p class='ocr_par' dir='ltr' id='par_1_1' title="bbox 173 329 934 427">
     <span class='ocr_line' id='line_1_1' title="bbox 173 329 934 399; baseline -0.001 -1"><span class='ocrx_word' id='word_1_1' title='bbox 173 333 243 399; x_wconf 76' lang='lat' dir='ltr'>ast</span> <span class='ocrx_word' id='word_1_2' title='bbox 471 329 512 396; x_wconf 91' lang='grc' dir='ltr'>Ρ.</span> <span class='ocrx_word' id='word_1_3' title='bbox 535 329 698 396; x_wconf 90' lang='lat' dir='ltr'>OVIDII</span> <span class='ocrx_word' id='word_1_4' title='bbox 722 330 934 397; x_wconf 86' lang='lat' dir='ltr'><strong>NASONIS</strong></span> 
     </span>
    </p>
   </div>
   <div class='ocr_carea' id='block_1_2' title="bbox 174 502 1230 2236">
    <p class='ocr_par' dir='ltr' id='par_1_2' title="bbox 174 502 1230 2236">
     <span class='ocr_line' id='line_1_2' title="bbox 175 502 1210 604; baseline -0.004 -24"><span class='ocrx_word' id='word_1_5' title='bbox 175 508 336 604; x_wconf 84' lang='lat' dir='ltr'><strong>Semper</strong></span> <span class='ocrx_word' id='word_1_6' title='bbox 352 504 452 578; x_wconf 88' lang='lat' dir='ltr'>habe</span> <span class='ocrx_word' id='word_1_7' title='bbox 469 503 594 590; x_wconf 82' lang='lat' dir='ltr'>suetus,</span> <span class='ocrx_word' id='word_1_8' title='bbox 614 505 753 602; x_wconf 84' lang='lat' dir='ltr'>gemini</span> <span class='ocrx_word' id='word_1_9' title='bbox 771 514 1015 580; x_wconf 89' lang='lat' dir='ltr'>monumenta</span> <span class='ocrx_word' id='word_1_10' title='bbox 1032 502 1210 577; x_wconf 88' lang='lat' dir='ltr'>cruoris.”</span> 
     </span>
     <span class='ocr_line' id='line_1_3' title="bbox 175 621 1097 719; baseline -0.003 -25"><span class='ocrx_word' id='word_1_11' title='bbox 175 622 304 708; x_wconf 84' lang='lat' dir='ltr'>Dixit3</span> <span class='ocrx_word' id='word_1_12' title='bbox 335 631 374 694; x_wconf 94' lang='lat' dir='ltr'>et</span> <span class='ocrx_word' id='word_1_13' title='bbox 392 631 521 719; x_wconf 86' lang='lat' dir='ltr'>aptato</span> <span class='ocrx_word' id='word_1_14' title='bbox 540 632 674 719; x_wconf 90' lang='lat' dir='ltr'>pectus</span> <span class='ocrx_word' id='word_1_15' title='bbox 692 647 870 697; x_wconf 89' lang='lat' dir='ltr'>mucrone</span> <span class='ocrx_word' id='word_1_16' title='bbox 887 623 959 695; x_wconf 93' lang='lat' dir='ltr'>sub</span> <span class='ocrx_word' id='word_1_17' title='bbox 977 621 1097 693; x_wconf 89' lang='lat' dir='ltr'>imum</span> 
     </span>
     <span class='ocr_line' id='line_1_4' title="bbox 174 735 1099 835; baseline 0.001 -25"><span class='ocrx_word' id='word_1_18' title='bbox 174 735 355 810; x_wconf 89' lang='lat' dir='ltr'>Incubuit</span> <span class='ocrx_word' id='word_1_19' title='bbox 374 736 484 825; x_wconf 86' lang='lat' dir='ltr'>ferro,</span> <span class='ocrx_word' id='word_1_20' title='bbox 504 740 607 835; x_wconf 92' lang='lat' dir='ltr'>quod</span> <span class='ocrx_word' id='word_1_21' title='bbox 625 741 748 814; x_wconf 84' lang='lat' dir='ltr'>adhuc</span> <span class='ocrx_word' id='word_1_22' title='bbox 767 765 790 814; x_wconf 88' lang='lat' dir='ltr'>a</span> <span class='ocrx_word' id='word_1_23' title='bbox 806 739 911 814; x_wconf 84' lang='lat' dir='ltr'>caede</span> <span class='ocrx_word' id='word_1_24' title='bbox 927 738 1099 835; x_wconf 91' lang='lat' dir='ltr'>tepebat.</span> 
     </span>
     <span class='ocr_line' id='line_1_5' title="bbox 175 851 1127 953; baseline 0.003 -29"><span class='ocrx_word' id='word_1_25' title='bbox 175 851 277 925; x_wconf 88' lang='lat' dir='ltr'>Vota</span> <span class='ocrx_word' id='word_1_26' title='bbox 291 862 419 926; x_wconf 85' lang='lat' dir='ltr'>tamen</span> <span class='ocrx_word' id='word_1_27' title='bbox 437 854 596 951; x_wconf 85' lang='lat' dir='ltr'>tetigere</span> <span class='ocrx_word' id='word_1_28' title='bbox 614 854 732 942; x_wconf 85' lang='lat' dir='ltr'>Deos,</span> <span class='ocrx_word' id='word_1_29' title='bbox 751 855 909 952; x_wconf 81' lang='lat' dir='ltr'>tetigere</span> <span class='ocrx_word' id='word_1_30' title='bbox 924 863 1127 953; x_wconf 86' lang='lat' dir='ltr'>parentes:</span> 
     </span>
     <span class='ocr_line' id='line_1_6' title="bbox 174 966 1224 1070; baseline 0.003 -31"><span class='ocrx_word' id='word_1_31' title='bbox 174 966 275 1039; x_wconf 85' lang='lat' dir='ltr'>Nam</span> <span class='ocrx_word' id='word_1_32' title='bbox 294 970 397 1042; x_wconf 91' lang='lat' dir='ltr'>color</span> <span class='ocrx_word' id='word_1_33' title='bbox 411 969 450 1041; x_wconf 90' lang='lat' dir='ltr'>in</span> <span class='ocrx_word' id='word_1_34' title='bbox 468 995 580 1068; x_wconf 93' lang='lat' dir='ltr'>pomo</span> <span class='ocrx_word' id='word_1_35' title='bbox 595 981 667 1058; x_wconf 90' lang='lat' dir='ltr'>est,</span> <span class='ocrx_word' id='word_1_36' title='bbox 679 972 744 1045; x_wconf 92' lang='lat' dir='ltr'>ubi</span> <span class='ocrx_word' id='word_1_37' title='bbox 758 970 1016 1070; x_wconf 85' lang='lat' dir='ltr'>permaturuit,</span> <span class='ocrx_word' id='word_1_38' title='bbox 1028 979 1134 1057; x_wconf 91' lang='lat' dir='ltr'>ater;</span> <span class='ocrx_word' id='word_1_39' title='bbox 1159 972 1224 1069; x_wconf 89' lang='grc'>165</span> 
     </span>
     <span class='ocr_line' id='line_1_7' title="bbox 174 1079 1186 1186; baseline 0.004 -30"><span class='ocrx_word' id='word_1_40' title='bbox 174 1079 366 1183; x_wconf 86' lang='lat' dir='ltr'>Quodque</span> <span class='ocrx_word' id='word_1_41' title='bbox 380 1086 480 1183; x_wconf 88' lang='lat' dir='ltr'>rogis</span> <span class='ocrx_word' id='word_1_42' title='bbox 500 1099 687 1186; x_wconf 83' lang='lat' dir='ltr'>superest,</span> <span class='ocrx_word' id='word_1_43' title='bbox 708 1115 783 1163; x_wconf 87' lang='lat' dir='ltr'>una</span> <span class='ocrx_word' id='word_1_44' title='bbox 799 1087 1003 1186; x_wconf 87' lang='lat' dir='ltr'>requiescit</span> <span class='ocrx_word' id='word_1_45' title='bbox 1019 1088 1059 1160; x_wconf 89' lang='lat' dir='ltr'>in</span> <span class='ocrx_word' id='word_1_46' title='bbox 1077 1111 1186 1160; x_wconf 88' lang='lat' dir='ltr'>urna.</span> 
     </span>
     <span class='ocr_line' id='line_1_8' title="bbox 225 1196 1228 1304; baseline 0.005 -34"><span class='ocrx_word' id='word_1_47' title='bbox 225 1196 423 1291; x_wconf 82' lang='lat' dir='ltr'>Desierat3</span> <span class='ocrx_word' id='word_1_48' title='bbox 437 1204 683 1304; x_wconf 90' lang='lat' dir='ltr'>mediumque</span> <span class='ocrx_word' id='word_1_49' title='bbox 693 1205 885 1279; x_wconf 79' lang='lat' dir='ltr'>luitbreve</span> <span class='ocrx_word' id='word_1_50' title='bbox 898 1216 1072 1302; x_wconf 89' lang='lat' dir='ltr'>tempus;</span> <span class='ocrx_word' id='word_1_51' title='bbox 1091 1213 1132 1278; x_wconf 90' lang='lat' dir='ltr'>et</span> <span class='ocrx_word' id='word_1_52' title='bbox 1145 1225 1228 1277; x_wconf 87' lang='lat' dir='ltr'>orsa</span> 
     </span>
     <span class='ocr_line' id='line_1_9' title="bbox 175 1312 1229 1416; baseline 0.008 -30"><span class='ocrx_word' id='word_1_53' title='bbox 175 1312 315 1391; x_wconf 89' lang='lat' dir='ltr'>Dicere</span> <span class='ocrx_word' id='word_1_54' title='bbox 335 1317 558 1397; x_wconf 83' lang='lat' dir='ltr'>Leuconoe:</span> <span class='ocrx_word' id='word_1_55' title='bbox 587 1349 718 1398; x_wconf 86' lang='lat' dir='ltr'>vocem</span> <span class='ocrx_word' id='word_1_56' title='bbox 736 1336 891 1397; x_wconf 90' lang='lat' dir='ltr'>tenuere</span> <span class='ocrx_word' id='word_1_57' title='bbox 909 1346 1068 1396; x_wconf 75' lang='lat' dir='ltr'>sorores</span> <span class='ocrx_word' id='word_1_58' title='bbox 1154 1322 1229 1416; x_wconf 86' lang='lat' dir='ltr'>[est</span> 
     </span>
     <span class='ocr_line' id='line_1_10' title="bbox 174 1427 1181 1539; baseline 0.008 -36"><span class='ocrx_word' id='word_1_59' title='bbox 174 1427 289 1506; x_wconf 89' lang='lat' dir='ltr'>Hunc</span> <span class='ocrx_word' id='word_1_60' title='bbox 308 1459 473 1536; x_wconf 90' lang='lat' dir='ltr'>quoque,</span> <span class='ocrx_word' id='word_1_61' title='bbox 487 1439 636 1515; x_wconf 90' lang='lat' dir='ltr'>siderea</span> <span class='ocrx_word' id='word_1_62' title='bbox 653 1441 719 1539; x_wconf 93' lang='lat' dir='ltr'>qui</span> <span class='ocrx_word' id='word_1_63' title='bbox 736 1450 922 1536; x_wconf 87' lang='lat' dir='ltr'>temperat</span> <span class='ocrx_word' id='word_1_64' title='bbox 937 1438 1065 1511; x_wconf 89' lang='lat' dir='ltr'>omnia</span> <span class='ocrx_word' id='word_1_65' title='bbox 1081 1437 1181 1523; x_wconf 90' lang='lat' dir='ltr'>luce,</span> 
     </span>
     <span class='ocr_line' id='line_1_11' title="bbox 176 1545 1229 1646; baseline 0.002 -22"><span class='ocrx_word' id='word_1_66' title='bbox 176 1545 293 1646; x_wconf 84' lang='lat' dir='ltr'>Cepit</span> <span class='ocrx_word' id='word_1_67' title='bbox 311 1575 415 1627; x_wconf 89' lang='lat' dir='ltr'>amor</span> <span class='ocrx_word' id='word_1_68' title='bbox 434 1555 586 1632; x_wconf 88' lang='lat' dir='ltr'>Solem:</span> <span class='ocrx_word' id='word_1_69' title='bbox 617 1558 716 1632; x_wconf 89' lang='lat' dir='ltr'>Solis</span> <span class='ocrx_word' id='word_1_70' title='bbox 734 1556 937 1631; x_wconf 88' lang='lat' dir='ltr'>referemus</span> <span class='ocrx_word' id='word_1_71' title='bbox 956 1577 1116 1628; x_wconf 83' lang='lat' dir='ltr'>amores.</span> <span class='ocrx_word' id='word_1_72' title='bbox 1159 1559 1229 1627; x_wconf 88' lang='grc'>170</span> 
     </span>
     <span class='ocr_line' id='line_1_12' title="bbox 176 1662 1169 1766; baseline 0.006 -30"><span class='ocrx_word' id='word_1_73' title='bbox 176 1662 330 1739; x_wconf 90' lang='lat' dir='ltr'>Primus</span> <span class='ocrx_word' id='word_1_74' title='bbox 349 1670 575 1747; x_wconf 84' lang='lat' dir='ltr'>adulterium</span> <span class='ocrx_word' id='word_1_75' title='bbox 593 1673 752 1747; x_wconf 89' lang='lat' dir='ltr'>Veneris</span> <span class='ocrx_word' id='word_1_76' title='bbox 770 1697 856 1746; x_wconf 91' lang='lat' dir='ltr'>cum</span> <span class='ocrx_word' id='word_1_77' title='bbox 875 1669 1000 1744; x_wconf 88' lang='lat' dir='ltr'>Marte</span> <span class='ocrx_word' id='word_1_78' title='bbox 1013 1679 1169 1766; x_wconf 85' lang='lat' dir='ltr'>putatur</span> 
     </span>
     <span class='ocr_line' id='line_1_13' title="bbox 178 1776 1215 1884; baseline 0.006 -32"><span class='ocrx_word' id='word_1_79' title='bbox 178 1776 253 1853; x_wconf 94' lang='lat' dir='ltr'>Hic</span> <span class='ocrx_word' id='word_1_80' title='bbox 271 1782 413 1860; x_wconf 90' lang='lat' dir='ltr'>vidisse</span> <span class='ocrx_word' id='word_1_81' title='bbox 433 1787 562 1864; x_wconf 89' lang='lat' dir='ltr'>Deus:</span> <span class='ocrx_word' id='word_1_82' title='bbox 591 1789 694 1863; x_wconf 89' lang='lat' dir='ltr'>videt</span> <span class='ocrx_word' id='word_1_83' title='bbox 710 1789 771 1862; x_wconf 90' lang='lat' dir='ltr'>hic</span> <span class='ocrx_word' id='word_1_84' title='bbox 790 1787 896 1861; x_wconf 90' lang='lat' dir='ltr'>Deus</span> <span class='ocrx_word' id='word_1_85' title='bbox 913 1785 1039 1859; x_wconf 89' lang='lat' dir='ltr'>omnia</span> <span class='ocrx_word' id='word_1_86' title='bbox 1057 1784 1215 1884; x_wconf 89' lang='lat' dir='ltr'>primus.</span> 
     </span>
     <span class='ocr_line' id='line_1_14' title="bbox 179 1896 995 2002; baseline 0.007 -34"><span class='ocrx_word' id='word_1_87' title='bbox 179 1896 349 1973; x_wconf 91' lang='lat' dir='ltr'>Indoluit</span> <span class='ocrx_word' id='word_1_88' title='bbox 366 1902 488 1992; x_wconf 81' lang='lat' dir='ltr'>fact03</span> <span class='ocrx_word' id='word_1_89' title='bbox 517 1904 540 1976; x_wconf 91' lang='lat' dir='ltr'>J</span> <span class='ocrx_word' id='word_1_90' title='bbox 544 1906 843 2002; x_wconf 85' lang='lat' dir='ltr'>unonigenaeque</span> <span class='ocrx_word' id='word_1_91' title='bbox 860 1902 995 1974; x_wconf 89' lang='lat' dir='ltr'>marito</span> 
     </span>
     <span class='ocr_line' id='line_1_15' title="bbox 180 2011 1158 2120; baseline 0.001 -33"><span class='ocrx_word' id='word_1_92' title='bbox 180 2011 298 2088; x_wconf 87' lang='lat' dir='ltr'>Furta</span> <span class='ocrx_word' id='word_1_93' title='bbox 314 2019 398 2106; x_wconf 90' lang='lat' dir='ltr'>tori,</span> <span class='ocrx_word' id='word_1_94' title='bbox 414 2018 581 2117; x_wconf 89' lang='lat' dir='ltr'>furtique</span> <span class='ocrx_word' id='word_1_95' title='bbox 600 2022 726 2094; x_wconf 90' lang='lat' dir='ltr'>locum</span> <span class='ocrx_word' id='word_1_96' title='bbox 743 2017 984 2092; x_wconf 90' lang='lat' dir='ltr'>monstravit:</span> <span class='ocrx_word' id='word_1_97' title='bbox 1013 2028 1052 2091; x_wconf 92' lang='lat' dir='ltr'>at</span> <span class='ocrx_word' id='word_1_98' title='bbox 1069 2016 1124 2120; x_wconf 87' lang='lat' dir='ltr'>illi</span> <span class='ocrx_word' id='word_1_99' title='bbox 1155 2053 1158 2057; x_wconf 93' lang='lat'>·</span> 
     </span>
     <span class='ocr_line' id='line_1_16' title="bbox 181 2128 1230 2236; baseline 0.003 -33"><span class='ocrx_word' id='word_1_100' title='bbox 181 2128 233 2204; x_wconf 88' lang='lat' dir='ltr'>Et</span> <span class='ocrx_word' id='word_1_101' title='bbox 247 2157 368 2222; x_wconf 90' lang='lat' dir='ltr'>mens,</span> <span class='ocrx_word' id='word_1_102' title='bbox 384 2147 424 2210; x_wconf 89' lang='lat' dir='ltr'>et</span> <span class='ocrx_word' id='word_1_103' title='bbox 439 2137 541 2234; x_wconf 92' lang='lat' dir='ltr'>quod</span> <span class='ocrx_word' id='word_1_104' title='bbox 553 2162 649 2236; x_wconf 90' lang='lat' dir='ltr'>opus</span> <span class='ocrx_word' id='word_1_105' title='bbox 666 2135 808 2210; x_wconf 83' lang='lat' dir='ltr'>fabrilis</span> <span class='ocrx_word' id='word_1_106' title='bbox 822 2135 957 2208; x_wconf 90' lang='lat' dir='ltr'>dextra</span> <span class='ocrx_word' id='word_1_107' title='bbox 968 2133 1137 2220; x_wconf 90' lang='lat' dir='ltr'>tenebat,</span> <span class='ocrx_word' id='word_1_108' title='bbox 1161 2137 1230 2206; x_wconf 88' lang='lat'>175</span> 
     </span>
    </p>
   </div>
   <div class='ocr_carea' id='block_1_3' title="bbox 116 2399 1241 4239">
    <p class='ocr_par' dir='ltr' id='par_1_3' title="bbox 116 2399 1241 4239">
     <span class='ocr_line' id='line_1_17' title="bbox 179 2399 1232 2470; baseline -0.005 -19"><span class='ocrx_word' id='word_1_109' title='bbox 179 2399 282 2466; x_wconf 78' lang='lat' dir='ltr'>poetica,</span> <span class='ocrx_word' id='word_1_110' title='bbox 300 2401 373 2451; x_wconf 75' lang='lat' dir='ltr'>foetus</span> <span class='ocrx_word' id='word_1_111' title='bbox 392 2403 481 2453; x_wconf 84' lang='lat' dir='ltr'>arboris</span> <span class='ocrx_word' id='word_1_112' title='bbox 500 2404 578 2470; x_wconf 79' lang='lat' dir='ltr'>nigros</span> <span class='ocrx_word' id='word_1_113' title='bbox 597 2405 678 2470; x_wconf 83' lang='lat' dir='ltr'>lugere</span> <span class='ocrx_word' id='word_1_114' title='bbox 728 2404 851 2469; x_wconf 84' lang='lat' dir='ltr'>Improbat</span> <span class='ocrx_word' id='word_1_115' title='bbox 867 2403 915 2450; x_wconf 82' lang='lat' dir='ltr'>lab.</span> <span class='ocrx_word' id='word_1_116' title='bbox 929 2402 1009 2456; x_wconf 86' lang='lat' dir='ltr'>Plato,</span> <span class='ocrx_word' id='word_1_117' title='bbox 1026 2399 1153 2464; x_wconf 66' lang='lat' dir='ltr'>Repm.</span> <span class='ocrx_word' id='word_1_118' title='bbox 1166 2399 1232 2464; x_wconf 78' lang='lat' dir='ltr'>Hey-</span> 
     </span>
     <span class='ocr_line' id='line_1_18' title="bbox 180 2474 1230 2540; baseline -0.001 -15"><span class='ocrx_word' id='word_1_119' title='bbox 180 2475 247 2524; x_wconf 87' lang='lat' dir='ltr'>illam</span> <span class='ocrx_word' id='word_1_120' title='bbox 257 2476 356 2526; x_wconf 62' lang='lat' dir='ltr'>cedem.</span> <span class='ocrx_word' id='word_1_121' title='bbox 729 2481 776 2535; x_wconf 86' lang='lat' dir='ltr'>nio,</span> <span class='ocrx_word' id='word_1_122' title='bbox 794 2479 819 2526; x_wconf 93' lang='lat' dir='ltr'>in</span> <span class='ocrx_word' id='word_1_123' title='bbox 836 2477 897 2526; x_wconf 90' lang='lat' dir='ltr'>libro</span> <span class='ocrx_word' id='word_1_124' title='bbox 915 2478 1012 2538; x_wconf 78' lang='lat' dir='ltr'>Antr&#39;qn.</span> <span class='ocrx_word' id='word_1_125' title='bbox 1032 2474 1157 2538; x_wconf 68' lang='lat' dir='ltr'>Anfractu</span> <span class='ocrx_word' id='word_1_126' title='bbox 1170 2476 1188 2524; x_wconf 85' lang='lat' dir='ltr'>i.</span> <span class='ocrx_word' id='word_1_127' title='bbox 1203 2492 1230 2540; x_wconf 88' lang='lat' dir='ltr'>p.</span> 
     </span>
     <span class='ocr_line' id='line_1_19' title="bbox 215 2549 1232 2616; baseline -0.002 -18"><span class='ocrx_word' id='word_1_128' title='bbox 215 2551 270 2600; x_wconf 86' lang='grc'><strong>167.</strong></span> <span class='ocrx_word' id='word_1_129' title='bbox 280 2550 385 2600; x_wconf 75' lang='grc' dir='ltr'>Μιόἰιιιιι</span> <span class='ocrx_word' id='word_1_130' title='bbox 395 2553 502 2616; x_wconf 73' lang='lat' dir='ltr'>lempna]</span> <span class='ocrx_word' id='word_1_131' title='bbox 516 2553 681 2603; x_wconf 76' lang='lat' dir='ltr'>Intervallum.</span> <span class='ocrx_word' id='word_1_132' title='bbox 732 2555 787 2602; x_wconf 88' lang='grc'><strong>161.</strong></span> <span class='ocrx_word' id='word_1_133' title='bbox 804 2561 855 2601; x_wconf 85' lang='lat' dir='ltr'>orta</span> <span class='ocrx_word' id='word_1_134' title='bbox 864 2551 959 2600; x_wconf 84' lang='lat' dir='ltr'>videtur</span> <span class='ocrx_word' id='word_1_135' title='bbox 975 2565 1005 2597; x_wconf 85' lang='lat' dir='ltr'>ex</span> <span class='ocrx_word' id='word_1_136' title='bbox 1022 2549 1192 2612; x_wconf 84' lang='lat' dir='ltr'>Cosmogonia,</span> <span class='ocrx_word' id='word_1_137' title='bbox 1207 2549 1232 2597; x_wconf 86' lang='lat' dir='ltr'>in</span> 
     </span>
     <span class='ocr_line' id='line_1_20' title="bbox 184 2623 1234 2693; baseline 0 -20"><span class='ocrx_word' id='word_1_138' title='bbox 184 2623 249 2672; x_wconf 84' lang='lat' dir='ltr'>Plin.</span> <span class='ocrx_word' id='word_1_139' title='bbox 260 2624 320 2675; x_wconf 82' lang='lat' dir='ltr'>Vll.</span> <span class='ocrx_word' id='word_1_140' title='bbox 335 2625 413 2692; x_wconf 74' lang='lat' dir='ltr'>Epist.</span> <span class='ocrx_word' id='word_1_141' title='bbox 427 2626 501 2675; x_wconf 81' lang='lat' dir='ltr'>xxvii.</span> <span class='ocrx_word' id='word_1_142' title='bbox 520 2629 559 2676; x_wconf 86' lang='grc'><strong>13.</strong></span> <span class='ocrx_word' id='word_1_143' title='bbox 574 2630 681 2693; x_wconf 68' lang='lat' dir='ltr'>erigona</span> <span class='ocrx_word' id='word_1_144' title='bbox 731 2644 779 2693; x_wconf 88' lang='lat' dir='ltr'>qua</span> <span class='ocrx_word' id='word_1_145' title='bbox 795 2625 932 2691; x_wconf 86' lang='lat' dir='ltr'>conjunctio</span> <span class='ocrx_word' id='word_1_146' title='bbox 951 2624 1122 2673; x_wconf 85' lang='lat' dir='ltr'>elementorum</span> <span class='ocrx_word' id='word_1_147' title='bbox 1137 2631 1163 2671; x_wconf 86' lang='lat' dir='ltr'>et</span> <span class='ocrx_word' id='word_1_148' title='bbox 1178 2623 1234 2673; x_wconf 85' lang='lat' dir='ltr'>inde</span> 
     </span>
     <span class='ocr_line' id='line_1_21' title="bbox 182 2696 1234 2762; baseline -0.005 -12"><span class='ocrx_word' id='word_1_149' title='bbox 182 2702 286 2762; x_wconf 63' lang='lat' dir='ltr'>terum</span> <span class='ocrx_word' id='word_1_150' title='bbox 298 2704 403 2750; x_wconf 73' lang='lat' dir='ltr'>medium.</span> <span class='ocrx_word' id='word_1_151' title='bbox 731 2711 783 2751; x_wconf 77' lang='lat' dir='ltr'>orta</span> <span class='ocrx_word' id='word_1_152' title='bbox 792 2715 868 2748; x_wconf 84' lang='lat' dir='ltr'>rerum</span> <span class='ocrx_word' id='word_1_153' title='bbox 878 2696 1008 2752; x_wconf 86' lang='lat' dir='ltr'>harmonia,</span> <span class='ocrx_word' id='word_1_154' title='bbox 1017 2703 1099 2744; x_wconf 77' lang='lat' dir='ltr'>amore</span> <span class='ocrx_word' id='word_1_155' title='bbox 1110 2696 1199 2744; x_wconf 86' lang='lat' dir='ltr'>Martis</span> <span class='ocrx_word' id='word_1_156' title='bbox 1209 2706 1234 2745; x_wconf 85' lang='lat' dir='ltr'>et</span> 
     </span>
     <span class='ocr_line' id='line_1_22' title="bbox 220 2768 1235 2841; baseline -0.002 -21"><span class='ocrx_word' id='word_1_157' title='bbox 220 2774 275 2822; x_wconf 87' lang='grc'><strong>160.</strong></span> <span class='ocrx_word' id='word_1_158' title='bbox 293 2775 417 2832; x_wconf 76' lang='lat' dir='ltr'>laeuconoe,</span> <span class='ocrx_word' id='word_1_159' title='bbox 431 2791 495 2823; x_wconf 83' lang='lat' dir='ltr'>soror</span> <span class='ocrx_word' id='word_1_160' title='bbox 509 2774 592 2832; x_wconf 86' lang='lat' dir='ltr'>altera,</span> <span class='ocrx_word' id='word_1_161' title='bbox 604 2775 684 2841; x_wconf 80' lang='lat' dir='ltr'>plures</span> <span class='ocrx_word' id='word_1_162' title='bbox 732 2774 834 2824; x_wconf 86' lang='lat' dir='ltr'>Veneris</span> <span class='ocrx_word' id='word_1_163' title='bbox 843 2787 972 2835; x_wconf 87' lang='lat' dir='ltr'>earumque</span> <span class='ocrx_word' id='word_1_164' title='bbox 982 2768 1032 2817; x_wconf 84' lang='lat' dir='ltr'>filia</span> <span class='ocrx_word' id='word_1_165' title='bbox 1042 2770 1183 2826; x_wconf 76' lang='lat' dir='ltr'>Harmonia,</span> <span class='ocrx_word' id='word_1_166' title='bbox 1191 2769 1235 2818; x_wconf 90' lang='lat' dir='ltr'>ad·</span> 
     </span>
     <span class='ocr_line' id='line_1_23' title="bbox 185 2844 1234 2910; baseline -0.001 -15"><span class='ocrx_word' id='word_1_167' title='bbox 185 2847 285 2897; x_wconf 79' lang='lat' dir='ltr'>fabellas</span> <span class='ocrx_word' id='word_1_168' title='bbox 300 2858 386 2907; x_wconf 86' lang='lat' dir='ltr'>narrat,</span> <span class='ocrx_word' id='word_1_169' title='bbox 398 2849 428 2899; x_wconf 85' lang='lat' dir='ltr'>de</span> <span class='ocrx_word' id='word_1_170' title='bbox 446 2849 534 2898; x_wconf 85' lang='lat' dir='ltr'>Martis</span> <span class='ocrx_word' id='word_1_171' title='bbox 547 2857 572 2898; x_wconf 90' lang='lat' dir='ltr'>et</span> <span class='ocrx_word' id='word_1_172' title='bbox 583 2849 685 2900; x_wconf 87' lang='lat' dir='ltr'>Veneris</span> <span class='ocrx_word' id='word_1_173' title='bbox 733 2851 844 2898; x_wconf 85' lang='lat' dir='ltr'>umbrata</span> <span class='ocrx_word' id='word_1_174' title='bbox 860 2848 901 2895; x_wconf 91' lang='lat' dir='ltr'>sit.</span> <span class='ocrx_word' id='word_1_175' title='bbox 928 2847 965 2894; x_wconf 85' lang='lat' dir='ltr'>Ex</span> <span class='ocrx_word' id='word_1_176' title='bbox 981 2844 1080 2892; x_wconf 82' lang='lat' dir='ltr'>historia</span> <span class='ocrx_word' id='word_1_177' title='bbox 1095 2861 1147 2892; x_wconf 92' lang='lat' dir='ltr'>rem</span> <span class='ocrx_word' id='word_1_178' title='bbox 1161 2860 1234 2910; x_wconf 84' lang='lat' dir='ltr'>expe·</span> 
     </span>
     <span class='ocr_line' id='line_1_24' title="bbox 185 2920 1078 2986; baseline -0.003 -16"><span class='ocrx_word' id='word_1_179' title='bbox 185 2921 310 2981; x_wconf 86' lang='lat' dir='ltr'>adulterio,</span> <span class='ocrx_word' id='word_1_180' title='bbox 321 2939 383 2973; x_wconf 84' lang='lat' dir='ltr'>vers.</span> <span class='ocrx_word' id='word_1_181' title='bbox 395 2925 523 2973; x_wconf 85' lang='lat'>167—189</span> <span class='ocrx_word' id='word_1_182' title='bbox 534 2942 541 2984; x_wconf 86' lang='lat'>;</span> <span class='ocrx_word' id='word_1_183' title='bbox 558 2923 589 2972; x_wconf 88' lang='lat' dir='ltr'>de</span> <span class='ocrx_word' id='word_1_184' title='bbox 599 2922 684 2972; x_wconf 86' lang='lat' dir='ltr'>amori·</span> <span class='ocrx_word' id='word_1_185' title='bbox 734 2925 780 2974; x_wconf 64' lang='lat' dir='ltr'>&amp;i</span> <span class='ocrx_word' id='word_1_186' title='bbox 789 2923 842 2972; x_wconf 81' lang='lat' dir='ltr'>vult</span> <span class='ocrx_word' id='word_1_187' title='bbox 852 2920 960 2986; x_wconf 70' lang='lat' dir='ltr'>Palaeph.</span> <span class='ocrx_word' id='word_1_188' title='bbox 972 2935 1026 2984; x_wconf 87' lang='lat' dir='ltr'>cap.</span> <span class='ocrx_word' id='word_1_189' title='bbox 1037 2920 1078 2968; x_wconf 82' lang='lat'>63.</span> 
     </span>
     <span class='ocr_line' id='line_1_25' title="bbox 184 2993 1234 3059; baseline -0.002 -15"><span class='ocrx_word' id='word_1_190' title='bbox 184 2996 230 3044; x_wconf 89' lang='lat' dir='ltr'>bus</span> <span class='ocrx_word' id='word_1_191' title='bbox 248 2997 395 3045; x_wconf 73' lang='lat' dir='ltr'>leucothoes</span> <span class='ocrx_word' id='word_1_192' title='bbox 410 3005 435 3045; x_wconf 88' lang='lat' dir='ltr'>et</span> <span class='ocrx_word' id='word_1_193' title='bbox 451 2997 521 3054; x_wconf 89' lang='lat' dir='ltr'>Solis,</span> <span class='ocrx_word' id='word_1_194' title='bbox 533 3012 592 3046; x_wconf 83' lang='lat' dir='ltr'>vers.</span> <span class='ocrx_word' id='word_1_195' title='bbox 605 2999 684 3046; x_wconf 86' lang='grc'><strong>190-</strong></span> <span class='ocrx_word' id='word_1_196' title='bbox 768 3000 822 3047; x_wconf 90' lang='grc'><strong>170.</strong></span> <span class='ocrx_word' id='word_1_197' title='bbox 835 2998 899 3059; x_wconf 73' lang='lat' dir='ltr'>Ceptt</span> <span class='ocrx_word' id='word_1_198' title='bbox 911 3012 973 3043; x_wconf 74' lang='lat' dir='ltr'>amor</span> <span class='ocrx_word' id='word_1_199' title='bbox 984 2993 1078 3055; x_wconf 71' lang='lat' dir='ltr'>Solem]</span> <span class='ocrx_word' id='word_1_200' title='bbox 1096 2993 1170 3042; x_wconf 85' lang='lat' dir='ltr'>Ludit</span> <span class='ocrx_word' id='word_1_201' title='bbox 1184 3009 1234 3042; x_wconf 88' lang='lat' dir='ltr'>rur-</span> 
     </span>
     <span class='ocr_line' id='line_1_26' title="bbox 185 3069 1235 3135; baseline -0.002 -17"><span class='ocrx_word' id='word_1_202' title='bbox 185 3072 234 3119; x_wconf 82' lang='lat'>255</span> <span class='ocrx_word' id='word_1_203' title='bbox 244 3089 251 3131; x_wconf 84' lang='lat'><em>3</em></span> <span class='ocrx_word' id='word_1_204' title='bbox 267 3070 298 3120; x_wconf 90' lang='lat' dir='ltr'>de</span> <span class='ocrx_word' id='word_1_205' title='bbox 314 3070 393 3135; x_wconf 82' lang='lat' dir='ltr'>Clytie</span> <span class='ocrx_word' id='word_1_206' title='bbox 404 3087 465 3120; x_wconf 86' lang='lat' dir='ltr'>vers.</span> <span class='ocrx_word' id='word_1_207' title='bbox 475 3072 614 3120; x_wconf 76' lang='lat' dir='ltr'>aso-270.</span> <span class='ocrx_word' id='word_1_208' title='bbox 646 3071 684 3119; x_wconf 84' lang='lat' dir='ltr'>Ac</span> <span class='ocrx_word' id='word_1_209' title='bbox 733 3092 774 3126; x_wconf 75' lang='lat' dir='ltr'>sus</span> <span class='ocrx_word' id='word_1_210' title='bbox 783 3072 869 3128; x_wconf 81' lang='lat' dir='ltr'>verbis,</span> <span class='ocrx_word' id='word_1_211' title='bbox 881 3071 947 3125; x_wconf 75' lang='lat' dir='ltr'>sous,</span> <span class='ocrx_word' id='word_1_212' title='bbox 960 3069 1049 3126; x_wconf 78' lang='lat' dir='ltr'>Solem3</span> <span class='ocrx_word' id='word_1_213' title='bbox 1062 3071 1154 3124; x_wconf 72' lang='lat' dir='ltr'>uiduae,</span> <span class='ocrx_word' id='word_1_214' title='bbox 1165 3070 1235 3116; x_wconf 75' lang='lat' dir='ltr'>videt.</span> 
     </span>
     <span class='ocr_line' id='line_1_27' title="bbox 185 3141 1234 3210; baseline -0.008 -11"><span class='ocrx_word' id='word_1_215' title='bbox 185 3144 262 3210; x_wconf 83' lang='lat' dir='ltr'>prima</span> <span class='ocrx_word' id='word_1_216' title='bbox 272 3144 369 3209; x_wconf 83' lang='lat' dir='ltr'>quidem</span> <span class='ocrx_word' id='word_1_217' title='bbox 381 3159 428 3194; x_wconf 84' lang='lat' dir='ltr'>non</span> <span class='ocrx_word' id='word_1_218' title='bbox 442 3144 576 3209; x_wconf 73' lang='lat' dir='ltr'>pertinebat</span> <span class='ocrx_word' id='word_1_219' title='bbox 587 3145 618 3193; x_wconf 77' lang='lat' dir='ltr'>ad</span> <span class='ocrx_word' id='word_1_220' title='bbox 628 3160 685 3193; x_wconf 81' lang='lat' dir='ltr'>con·</span> <span class='ocrx_word' id='word_1_221' title='bbox 735 3152 774 3198; x_wconf 81' lang='lat' dir='ltr'>De</span> <span class='ocrx_word' id='word_1_222' title='bbox 784 3149 838 3196; x_wconf 87' lang='lat' dir='ltr'>Sole</span> <span class='ocrx_word' id='word_1_223' title='bbox 849 3150 924 3194; x_wconf 67' lang='lat' dir='ltr'>omnia</span> <span class='ocrx_word' id='word_1_224' title='bbox 935 3147 1034 3198; x_wconf 71' lang='lat' dir='ltr'>vidente,</span> <span class='ocrx_word' id='word_1_225' title='bbox 1043 3142 1098 3192; x_wconf 78' lang='lat' dir='ltr'>vide</span> <span class='ocrx_word' id='word_1_226' title='bbox 1109 3141 1142 3191; x_wconf 75' lang='lat' dir='ltr'>ad</span> <span class='ocrx_word' id='word_1_227' title='bbox 1152 3143 1170 3191; x_wconf 93' lang='lat' dir='ltr'>i.</span> <span class='ocrx_word' id='word_1_228' title='bbox 1178 3143 1234 3191; x_wconf 83' lang='grc'><strong>769.</strong></span> 
     </span>
     <span class='ocr_line' id='line_1_28' title="bbox 187 3217 1236 3288; baseline 0 -22"><span class='ocrx_word' id='word_1_229' title='bbox 187 3217 265 3266; x_wconf 90' lang='lat' dir='ltr'>silium</span> <span class='ocrx_word' id='word_1_230' title='bbox 281 3220 498 3282; x_wconf 65' lang='lat' dir='ltr'>[summosque</span> <span class='ocrx_word' id='word_1_231' title='bbox 519 3218 576 3266; x_wconf 74' lang='lat' dir='ltr'>Solis</span> <span class='ocrx_word' id='word_1_232' title='bbox 593 3227 685 3266; x_wconf 77' lang='lat' dir='ltr'>tantum</span> <span class='ocrx_word' id='word_1_233' title='bbox 712 3225 891 3288; x_wconf 67' lang='lat' dir='ltr'>&#39;lumnigeum</span> <span class='ocrx_word' id='word_1_234' title='bbox 914 3220 1047 3276; x_wconf 85' lang='lat' dir='ltr'>Vulcanus,</span> <span class='ocrx_word' id='word_1_235' title='bbox 1072 3234 1146 3283; x_wconf 87' lang='lat' dir='ltr'>quern</span> <span class='ocrx_word' id='word_1_236' title='bbox 1171 3220 1236 3268; x_wconf 89' lang='lat' dir='ltr'>Juno</span> 
     </span>
     <span class='ocr_line' id='line_1_29' title="bbox 187 3291 1234 3357; baseline -0.011 -6"><span class='ocrx_word' id='word_1_237' title='bbox 187 3310 272 3342; x_wconf 65' lang='grc' dir='ltr'>0Μῶ</span> <span class='ocrx_word' id='word_1_238' title='bbox 292 3293 380 3357; x_wconf 62' lang='lat' dir='ltr'>“sm</span> <span class='ocrx_word' id='word_1_239' title='bbox 402 3293 517 3351; x_wconf 66' lang='lat' dir='ltr'>V⁰leb²l3</span> <span class='ocrx_word' id='word_1_240' title='bbox 540 3309 622 3341; x_wconf 87' lang='lat' dir='ltr'>verum</span> <span class='ocrx_word' id='word_1_241' title='bbox 643 3293 686 3342; x_wconf 84' lang='lat' dir='ltr'>hos</span> <span class='ocrx_word' id='word_1_242' title='bbox 735 3299 772 3348; x_wconf 86' lang='lat' dir='ltr'>vel</span> <span class='ocrx_word' id='word_1_243' title='bbox 789 3315 818 3347; x_wconf 84' lang='lat' dir='ltr'>ex</span> <span class='ocrx_word' id='word_1_244' title='bbox 829 3299 899 3351; x_wconf 81' lang='lat' dir='ltr'>Jove,</span> <span class='ocrx_word' id='word_1_245' title='bbox 910 3296 949 3344; x_wconf 86' lang='lat' dir='ltr'>vel</span> <span class='ocrx_word' id='word_1_246' title='bbox 962 3294 1013 3342; x_wconf 88' lang='lat' dir='ltr'>sine</span> <span class='ocrx_word' id='word_1_247' title='bbox 1029 3301 1098 3357; x_wconf 84' lang='lat' dir='ltr'>patre</span> <span class='ocrx_word' id='word_1_248' title='bbox 1113 3291 1234 3357; x_wconf 83' lang='lat' dir='ltr'>concepit.</span> 
     </span>
     <span class='ocr_line' id='line_1_30' title="bbox 186 3366 1238 3434; baseline -0.01 -11"><span class='ocrx_word' id='word_1_249' title='bbox 186 3368 242 3418; x_wconf 73' lang='lat' dir='ltr'>inde</span> <span class='ocrx_word' id='word_1_250' title='bbox 262 3367 365 3434; x_wconf 63' lang='lat' dir='ltr'>repetiit·</span> <span class='ocrx_word' id='word_1_251' title='bbox 398 3366 520 3417; x_wconf 62' lang='lat' dir='ltr'>potuisset</span> <span class='ocrx_word' id='word_1_252' title='bbox 539 3382 593 3416; x_wconf 65' lang='lat' dir='ltr'>tam</span> <span class='ocrx_word' id='word_1_253' title='bbox 615 3367 687 3416; x_wconf 77' lang='lat' dir='ltr'>verbo</span> <span class='ocrx_word' id='word_1_254' title='bbox 736 3373 839 3422; x_wconf 84' lang='lat' dir='ltr'>Videtur</span> <span class='ocrx_word' id='word_1_255' title='bbox 847 3366 1199 3434; x_wconf 82' lang='lat' dir='ltr'>Ovid.ipsehocroc.leeisse,</span> <span class='ocrx_word' id='word_1_256' title='bbox 1211 3375 1238 3414; x_wconf 88' lang='lat' dir='ltr'>ut</span> 
     </span>
     <span class='ocr_line' id='line_1_31' title="bbox 187 3441 1238 3512; baseline -0.004 -19"><span class='ocrx_word' id='word_1_257' title='bbox 187 3452 299 3508; x_wconf 78' lang='lat' dir='ltr'>tangere3</span> <span class='ocrx_word' id='word_1_258' title='bbox 318 3442 370 3500; x_wconf 86' lang='lat' dir='ltr'>sed,</span> <span class='ocrx_word' id='word_1_259' title='bbox 381 3458 435 3507; x_wconf 76' lang='lat' dir='ltr'>que</span> <span class='ocrx_word' id='word_1_260' title='bbox 452 3441 548 3507; x_wconf 75' lang='lat' dir='ltr'>Superis</span> <span class='ocrx_word' id='word_1_261' title='bbox 565 3449 687 3507; x_wconf 79' lang='lat' dir='ltr'>tantopere</span> <span class='ocrx_word' id='word_1_262' title='bbox 737 3449 880 3512; x_wconf 67' lang='lat' dir='ltr'>unguigeris,</span> <span class='ocrx_word' id='word_1_263' title='bbox 891 3441 925 3490; x_wconf 86' lang='lat' dir='ltr'>rii.</span> <span class='ocrx_word' id='word_1_264' title='bbox 936 3442 998 3500; x_wconf 76' lang='lat'>5313</span> <span class='ocrx_word' id='word_1_265' title='bbox 1009 3443 1133 3505; x_wconf 64' lang='lat' dir='ltr'>aurigam,</span> <span class='ocrx_word' id='word_1_266' title='bbox 1143 3457 1167 3489; x_wconf 83' lang='lat' dir='ltr'>v.</span> <span class='ocrx_word' id='word_1_267' title='bbox 1176 3442 1238 3501; x_wconf 78' lang='lat'><strong>250;</strong></span> 
     </span>
     <span class='ocr_line' id='line_1_32' title="bbox 186 3514 1239 3585; baseline -0.004 -18"><span class='ocrx_word' id='word_1_268' title='bbox 186 3518 320 3585; x_wconf 81' lang='lat' dir='ltr'>placuerat,</span> <span class='ocrx_word' id='word_1_269' title='bbox 331 3524 355 3565; x_wconf 89' lang='lat' dir='ltr'>et</span> <span class='ocrx_word' id='word_1_270' title='bbox 367 3533 423 3565; x_wconf 87' lang='lat' dir='ltr'>curn</span> <span class='ocrx_word' id='word_1_271' title='bbox 440 3517 470 3565; x_wconf 89' lang='lat' dir='ltr'>ab</span> <span class='ocrx_word' id='word_1_272' title='bbox 482 3515 528 3573; x_wconf 78' lang='lat' dir='ltr'>liis,</span> <span class='ocrx_word' id='word_1_273' title='bbox 539 3524 590 3564; x_wconf 87' lang='lat' dir='ltr'>tum</span> <span class='ocrx_word' id='word_1_274' title='bbox 601 3532 616 3565; x_wconf 88' lang='lat' dir='ltr'>a</span> <span class='ocrx_word' id='word_1_275' title='bbox 626 3532 687 3564; x_wconf 89' lang='lat' dir='ltr'>mor·</span> <span class='ocrx_word' id='word_1_276' title='bbox 737 3521 901 3583; x_wconf 79' lang='lat' dir='ltr'>draconigeao,</span> <span class='ocrx_word' id='word_1_277' title='bbox 910 3515 1013 3564; x_wconf 57' lang='lat' dir='ltr'>furdii.</span> <span class='ocrx_word' id='word_1_278' title='bbox 1021 3515 1078 3562; x_wconf 84' lang='grc'><strong>065.</strong></span> <span class='ocrx_word' id='word_1_279' title='bbox 1096 3514 1175 3562; x_wconf 79' lang='lat' dir='ltr'>Furto</span> <span class='ocrx_word' id='word_1_280' title='bbox 1185 3518 1239 3563; x_wconf 71' lang='lat' dir='ltr'>tori.</span> 
     </span>
     <span class='ocr_line' id='line_1_33' title="bbox 188 3587 1239 3656; baseline -0.007 -14"><span class='ocrx_word' id='word_1_281' title='bbox 188 3593 276 3642; x_wconf 87' lang='lat' dir='ltr'>talibus</span> <span class='ocrx_word' id='word_1_282' title='bbox 292 3590 458 3640; x_wconf 89' lang='lat' dir='ltr'>oblectationis</span> <span class='ocrx_word' id='word_1_283' title='bbox 474 3606 548 3639; x_wconf 83' lang='lat' dir='ltr'>causa</span> <span class='ocrx_word' id='word_1_284' title='bbox 564 3605 628 3656; x_wconf 74' lang='lat' dir='ltr'>saepe</span> <span class='ocrx_word' id='word_1_285' title='bbox 646 3590 688 3638; x_wconf 79' lang='lat' dir='ltr'>ed·</span> <span class='ocrx_word' id='word_1_286' title='bbox 738 3595 837 3642; x_wconf 88' lang='lat' dir='ltr'>Homer.</span> <span class='ocrx_word' id='word_1_287' title='bbox 856 3589 931 3655; x_wconf 49' lang='lat' dir='ltr'>ldqoc</span> <span class='ocrx_word' id='word_1_288' title='bbox 947 3587 966 3638; x_wconf 81' lang='grc' dir='ltr'>δ’</span> <span class='ocrx_word' id='word_1_289' title='bbox 983 3588 1080 3654; x_wconf 75' lang='grc' dir='ltr'><strong><em>ᾔσχυνε</em></strong></span> <span class='ocrx_word' id='word_1_290' title='bbox 1097 3588 1140 3636; x_wconf 73' lang='grc' dir='ltr'>καὶ</span> <span class='ocrx_word' id='word_1_291' title='bbox 1159 3588 1239 3648; x_wconf 73' lang='grc' dir='ltr'><strong><em>εὐνὴν</em></strong></span> 
     </span>
     <span class='ocr_line' id='line_1_34' title="bbox 188 3664 891 3733; baseline -0.007 -17"><span class='ocrx_word' id='word_1_292' title='bbox 188 3667 314 3716; x_wconf 84' lang='lat' dir='ltr'>hibebatur</span> <span class='ocrx_word' id='word_1_293' title='bbox 325 3664 406 3730; x_wconf 82' lang='lat' dir='ltr'>(Virg.</span> <span class='ocrx_word' id='word_1_294' title='bbox 418 3666 507 3730; x_wconf 84' lang='lat' dir='ltr'>Georg.</span> <span class='ocrx_word' id='word_1_295' title='bbox 517 3665 550 3714; x_wconf 83' lang='lat' dir='ltr'>iv.</span> <span class='ocrx_word' id='word_1_296' title='bbox 557 3665 627 3728; x_wconf 77' lang='lat'>345.)</span> <span class='ocrx_word' id='word_1_297' title='bbox 636 3680 690 3713; x_wconf 86' lang='lat' dir='ltr'>eam</span> <span class='ocrx_word' id='word_1_298' title='bbox 738 3667 891 3733; x_wconf 67' lang='grc' dir='ltr'><strong>Ἡφαίστοιο.</strong></span> 
     </span>
     <span class='ocr_line' id='line_1_35' title="bbox 189 3736 1240 3805; baseline -0.004 -15"><span class='ocrx_word' id='word_1_299' title='bbox 189 3758 233 3790; x_wconf 83' lang='lat' dir='ltr'>nec</span> <span class='ocrx_word' id='word_1_300' title='bbox 245 3744 275 3791; x_wconf 87' lang='lat' dir='ltr'>ab</span> <span class='ocrx_word' id='word_1_301' title='bbox 287 3742 331 3790; x_wconf 88' lang='lat' dir='ltr'>hoc</span> <span class='ocrx_word' id='word_1_302' title='bbox 342 3757 385 3790; x_wconf 91' lang='lat' dir='ltr'>suo</span> <span class='ocrx_word' id='word_1_303' title='bbox 395 3756 465 3805; x_wconf 87' lang='lat' dir='ltr'>opere</span> <span class='ocrx_word' id='word_1_304' title='bbox 483 3741 565 3790; x_wconf 84' lang='lat' dir='ltr'>abesse</span> <span class='ocrx_word' id='word_1_305' title='bbox 579 3739 689 3805; x_wconf 86' lang='lat' dir='ltr'>petulan-</span> <span class='ocrx_word' id='word_1_306' title='bbox 775 3745 829 3792; x_wconf 87' lang='grc'><strong>175.</strong></span> <span class='ocrx_word' id='word_1_307' title='bbox 842 3742 909 3788; x_wconf 79' lang='lat' dir='ltr'>Mens</span> <span class='ocrx_word' id='word_1_308' title='bbox 919 3740 1003 3805; x_wconf 57' lang='lat' dir='ltr'>acidit</span> <span class='ocrx_word' id='word_1_309' title='bbox 1014 3737 1045 3795; x_wconf 92' lang='lat' dir='ltr'>ei,</span> <span class='ocrx_word' id='word_1_310' title='bbox 1056 3736 1098 3801; x_wconf 83' lang='lat' dir='ltr'>qni</span> <span class='ocrx_word' id='word_1_311' title='bbox 1113 3737 1240 3802; x_wconf 84' lang='lat' dir='ltr'>obstupes-</span> 
     </span>
     <span class='ocr_line' id='line_1_36' title="bbox 189 3811 1240 3881; baseline -0.004 -17"><span class='ocrx_word' id='word_1_312' title='bbox 189 3817 223 3864; x_wconf 88' lang='lat' dir='ltr'>tia</span> <span class='ocrx_word' id='word_1_313' title='bbox 239 3825 315 3881; x_wconf 74' lang='lat' dir='ltr'>poetae</span> <span class='ocrx_word' id='word_1_314' title='bbox 327 3816 411 3872; x_wconf 89' lang='lat' dir='ltr'>voluit,</span> <span class='ocrx_word' id='word_1_315' title='bbox 422 3831 467 3864; x_wconf 89' lang='lat' dir='ltr'>nec</span> <span class='ocrx_word' id='word_1_316' title='bbox 485 3816 516 3863; x_wconf 86' lang='lat' dir='ltr'>ab</span> <span class='ocrx_word' id='word_1_317' title='bbox 530 3815 584 3864; x_wconf 83' lang='lat' dir='ltr'>Art.</span> <span class='ocrx_word' id='word_1_318' title='bbox 595 3813 651 3862; x_wconf 85' lang='lat' dir='ltr'>Am.</span> <span class='ocrx_word' id='word_1_319' title='bbox 662 3813 689 3862; x_wconf 92' lang='lat' dir='ltr'>ii.</span> <span class='ocrx_word' id='word_1_320' title='bbox 740 3816 782 3873; x_wconf 83' lang='lat' dir='ltr'>eit,</span> <span class='ocrx_word' id='word_1_321' title='bbox 800 3824 827 3865; x_wconf 89' lang='lat' dir='ltr'>ut</span> <span class='ocrx_word' id='word_1_322' title='bbox 844 3822 923 3863; x_wconf 87' lang='lat' dir='ltr'>mente</span> <span class='ocrx_word' id='word_1_323' title='bbox 939 3812 1055 3879; x_wconf 85' lang='lat' dir='ltr'>privatus,</span> <span class='ocrx_word' id='word_1_324' title='bbox 1072 3827 1156 3860; x_wconf 86' lang='lat' dir='ltr'>amens</span> <span class='ocrx_word' id='word_1_325' title='bbox 1174 3811 1240 3861; x_wconf 84' lang='lat' dir='ltr'>ride·</span> 
     </span>
     <span class='ocr_line' id='line_1_37' title="bbox 190 3885 1239 3954; baseline -0.003 -17"><span class='ocrx_word' id='word_1_326' title='bbox 190 3891 236 3937; x_wconf 84' lang='lat'>561</span> <span class='ocrx_word' id='word_1_327' title='bbox 255 3905 309 3954; x_wconf 80' lang='lat' dir='ltr'>sqq.</span> <span class='ocrx_word' id='word_1_328' title='bbox 338 3890 431 3938; x_wconf 87' lang='lat' dir='ltr'>Auctor</span> <span class='ocrx_word' id='word_1_329' title='bbox 445 3890 498 3954; x_wconf 86' lang='lat' dir='ltr'>ejus</span> <span class='ocrx_word' id='word_1_330' title='bbox 512 3897 548 3938; x_wconf 87' lang='lat' dir='ltr'>est</span> <span class='ocrx_word' id='word_1_331' title='bbox 563 3889 690 3946; x_wconf 87' lang='lat' dir='ltr'>Homerus,</span> <span class='ocrx_word' id='word_1_332' title='bbox 741 3900 804 3939; x_wconf 90' lang='lat' dir='ltr'>atur.</span> <span class='ocrx_word' id='word_1_333' title='bbox 832 3888 902 3938; x_wconf 79' lang='lat' dir='ltr'>conr.</span> <span class='ocrx_word' id='word_1_334' title='bbox 912 3887 938 3936; x_wconf 88' lang='lat' dir='ltr'>ii.</span> <span class='ocrx_word' id='word_1_335' title='bbox 948 3888 1005 3935; x_wconf 83' lang='lat'>601.</span> <span class='ocrx_word' id='word_1_336' title='bbox 1021 3885 1063 3935; x_wconf 88' lang='lat' dir='ltr'>ubi</span> <span class='ocrx_word' id='word_1_337' title='bbox 1079 3888 1168 3942; x_wconf 82' lang='lat' dir='ltr'>vultur,</span> <span class='ocrx_word' id='word_1_338' title='bbox 1176 3887 1239 3948; x_wconf 78' lang='lat' dir='ltr'>plee-</span> 
     </span>
     <span class='ocr_line' id='line_1_38' title="bbox 191 3960 1241 4031; baseline -0.004 -20"><span class='ocrx_word' id='word_1_339' title='bbox 191 3962 343 4013; x_wconf 69' lang='lat' dir='ltr'>onemo</span> <span class='ocrx_word' id='word_1_340' title='bbox 358 3980 412 4030; x_wconf 87' lang='lat' dir='ltr'>sqq.</span> <span class='ocrx_word' id='word_1_341' title='bbox 428 3963 470 4013; x_wconf 90' lang='lat' dir='ltr'>ubi</span> <span class='ocrx_word' id='word_1_342' title='bbox 486 3962 640 4031; x_wconf 77' lang='lat' dir='ltr'>Demodocus</span> <span class='ocrx_word' id='word_1_343' title='bbox 657 3961 691 4010; x_wconf 91' lang='lat' dir='ltr'>ci·</span> <span class='ocrx_word' id='word_1_344' title='bbox 742 3966 908 4013; x_wconf 78' lang='lat' dir='ltr'>tmmetcolor</span> <span class='ocrx_word' id='word_1_345' title='bbox 919 3961 1026 4028; x_wconf 87' lang='lat' dir='ltr'>Apollini</span> <span class='ocrx_word' id='word_1_346' title='bbox 1041 3960 1165 4010; x_wconf 81' lang='lat' dir='ltr'>excidunt.</span> <span class='ocrx_word' id='word_1_347' title='bbox 1192 3961 1241 4008; x_wconf 83' lang='lat' dir='ltr'>Ex-</span> 
     </span>
     <span class='ocr_line' id='line_1_39' title="bbox 190 4034 1241 4103; baseline -0.003 -17"><span class='ocrx_word' id='word_1_348' title='bbox 190 4038 324 4094; x_wconf 84' lang='lat' dir='ltr'>tharoedus,</span> <span class='ocrx_word' id='word_1_349' title='bbox 346 4038 433 4088; x_wconf 83' lang='lat' dir='ltr'>festum</span> <span class='ocrx_word' id='word_1_350' title='bbox 463 4039 583 4088; x_wconf 82' lang='lat' dir='ltr'>celebrare</span> <span class='ocrx_word' id='word_1_351' title='bbox 601 4039 692 4103; x_wconf 85' lang='lat' dir='ltr'>jussus,</span> <span class='ocrx_word' id='word_1_352' title='bbox 742 4039 834 4088; x_wconf 83' lang='lat' dir='ltr'>ornavit</span> <span class='ocrx_word' id='word_1_353' title='bbox 850 4049 930 4088; x_wconf 84' lang='lat' dir='ltr'>autem</span> <span class='ocrx_word' id='word_1_354' title='bbox 941 4039 1029 4086; x_wconf 89' lang='lat' dir='ltr'>Noster</span> <span class='ocrx_word' id='word_1_355' title='bbox 1044 4034 1078 4084; x_wconf 90' lang='lat' dir='ltr'>sic</span> <span class='ocrx_word' id='word_1_356' title='bbox 1089 4035 1188 4084; x_wconf 86' lang='lat' dir='ltr'>Homeri</span> <span class='ocrx_word' id='word_1_357' title='bbox 1197 4035 1241 4084; x_wconf 78' lang='lat' dir='ltr'>llo·</span> 
     </span>
     <span class='ocr_line' id='line_1_40' title="bbox 190 4110 1037 4179; baseline -0.002 -17"><span class='ocrx_word' id='word_1_358' title='bbox 190 4129 243 4162; x_wconf 84' lang='lat' dir='ltr'>eam</span> <span class='ocrx_word' id='word_1_359' title='bbox 259 4114 444 4163; x_wconf 84' lang='lat' dir='ltr'>Phoeacensibus</span> <span class='ocrx_word' id='word_1_360' title='bbox 458 4115 538 4163; x_wconf 87' lang='lat' dir='ltr'>canit:</span> <span class='ocrx_word' id='word_1_361' title='bbox 556 4114 588 4162; x_wconf 82' lang='lat' dir='ltr'>cl.</span> <span class='ocrx_word' id='word_1_362' title='bbox 600 4112 691 4179; x_wconf 83' lang='lat' dir='ltr'>Hygini</span> <span class='ocrx_word' id='word_1_363' title='bbox 742 4110 841 4178; x_wconf 77' lang='grc' dir='ltr'>μαλγέιι</span> <span class='ocrx_word' id='word_1_364' title='bbox 850 4113 930 4176; x_wconf 82' lang='grc' dir='ltr'>μῦθον</span> <span class='ocrx_word' id='word_1_365' title='bbox 940 4113 1037 4161; x_wconf 66' lang='grc' dir='ltr'><strong>ἄκουσε.</strong></span> 
     </span>
     <span class='ocr_line' id='line_1_41' title="bbox 116 4188 689 4239; baseline 0.003 -3"><span class='ocrx_word' id='word_1_366' title='bbox 116 4208 119 4212; x_wconf 70' lang='grc'>’</span> <span class='ocrx_word' id='word_1_367' title='bbox 189 4188 239 4237; x_wconf 80' lang='lat' dir='ltr'>lab.</span> <span class='ocrx_word' id='word_1_368' title='bbox 256 4190 312 4237; x_wconf 80' lang='lat'>148.</span> <span class='ocrx_word' id='word_1_369' title='bbox 347 4188 447 4238; x_wconf 86' lang='lat' dir='ltr'>Lucian.</span> <span class='ocrx_word' id='word_1_370' title='bbox 467 4188 534 4239; x_wconf 85' lang='lat' dir='ltr'>Dial.</span> <span class='ocrx_word' id='word_1_371' title='bbox 552 4189 628 4236; x_wconf 89' lang='lat' dir='ltr'>Deor.</span> <span class='ocrx_word' id='word_1_372' title='bbox 650 4188 689 4238; x_wconf 89' lang='grc'><strong>17.</strong></span> 
     </span>
    </p>
   </div>
   <div class='ocr_carea' id='block_1_4' title="bbox 0 0 1432 5010">
    <p class='ocr_par' dir='ltr' id='par_1_4' title="bbox 0 0 1432 5010">
     <span class='ocr_line' id='line_1_42' title="bbox 0 0 1432 5010; baseline 0 0"><span class='ocrx_word' id='word_1_373' title='bbox 0 0 1432 5010; x_wconf 95' lang='lat' dir='ltr'> </span> 
     </span>
    </p>
   </div>
  </div>
 </body>
</html>
