2812 5010
284 328 751 398 uurauonruosuou
776 331 865 395 nro.
890 330 919 394 1.
1059 330 1123 396 me

71 501 229 576 Pellieis
248 502 448 598 Argolicae,
469 504 717 600 stimulosque
731 504 767 576 in
786 514 940 602 pectore
957 528 1076 578 caecos

74 618 271 704 Condidit,
290 629 330 692 et
346 618 542 718 profugam
561 642 629 717 per
645 628 766 692 toturn
784 620 917 693 terruit
930 621 1072 694 orbem.

75 732 244 807 Ultimus
262 734 445 808 immenso
464 735 646 822 restabaS,
667 733 767 822 Nile,
787 736 927 809 labori:

75 849 200 934 Quem
218 850 330 923 simul
348 874 392 924 ac
410 850 546 948 tetigit,
562 851 771 950 positisque
789 853 827 924 in
845 854 1011 949 margine
1031 853 1120 950 ripae

75 965 285 1039 Procubuit
302 967 473 1063 genibus
492 968 746 1068 resupinoque
764 970 882 1042 ardua
896 970 1005 1055 collo,
1049 974 1122 1042 730

78 1079 181 1164 Quos
200 1081 336 1180 potuit,
356 1083 456 1155 solos
475 1083 612 1157 tollens
630 1084 679 1157 ad
696 1084 820 1158 sidera
836 1086 972 1172 vultus,

77 1195 125 1270 Et
141 1198 299 1293 gemitu,
319 1209 358 1274 et
374 1199 548 1287 lacrimis,
567 1210 607 1274 et
623 1201 808 1275 luctisono
826 1200 971 1298 mugitu

77 1313 175 1386 Cum
188 1313 283 1390 Jove
297 1316 377 1391 visa
389 1317 496 1415 queri
510 1328 579 1403 est,
596 1318 785 1416 finemque
803 1342 908 1393 orare
926 1319 1121 1391 malorum.

77 1430 260 1528 Conjugis
277 1431 341 1507 ille
359 1458 436 1506 suae
454 1436 675 1534 complexus
694 1435 792 1508 eolla
808 1434 970 1520 lacertis
1047 1437 1127 1507 734

77 1545 201 1620 Finiat
218 1558 260 1620 ut
276 1573 406 1646 poenas
427 1551 593 1635 tandem,
613 1560 740 1647 rogat;
773 1559 797 1588 “
818 1549 940 1647 Inque
957 1550 1123 1623 futurum

78 1660 182 1738 Pone
201 1675 337 1752 metue,
357 1665 490 1764 inquit,
511 1690 704 1763 nunquam
722 1665 791 1738 tibi
809 1691 925 1740 causa
942 1666 1080 1739 doloris

79 1777 171 1852 Haec
191 1781 263 1854 erit
277 1781 312 1855 :''
338 1793 377 1855 et
396 1783 549 1882 Stygias
563 1784 675 1881 jubet
692 1782 763 1855 hoc
779 1782 908 1856 audire
927 1782 1096 1881 paludes,

78 1892 129 1968 Ut
145 1896 265 1970 lenita
285 1896 369 1971 Dea
386 1910 456 1987 est,
475 1900 599 1972 vultus
618 1899 720 2000 capit
737 1899 801 1972 illa
818 1900 959 1997 priores
973 1926 982 1989 ;

77 2010 226 2108 Fitque,
247 2014 348 2110 quod
367 2026 453 2089 ante
471 2014 562 2090 fuit:
583 2011 730 2114 fugiunt
748 2042 769 2090 e
787 2040 942 2113 corpore
961 2026 1051 2089 setae
1069 2042 1078 2089 ε

76 2126 231 2204 Cornua
246 2131 494 2207 decrescunt:
516 2133 558 2206 fit
575 2132 725 2206 luminis
744 2132 879 2207 arctior
897 2131 1018 2206 orbis:
1048 2135 1122 2204 740

76 2242 469 2323 Contrahiturrietus:
490 2249 649 2322 redeunt
658 2249 881 2345 humerique
893 2271 1120 2344 manusque;

74 2461 176 2510 tervalla
185 2463 280 2528 objecta
290 2464 329 2514 sit.
353 2468 385 2514 Et
395 2466 475 2514 Schol.
486 2466 517 2514 ad
528 2483 577 2516 ver.
627 2467 724 2515 inventa
751 2465 878 2522 docuisset,
907 2465 955 2530 Api
981 2465 1031 2529 regi
1062 2481 1124 2532 nup·

74 2535 134 2585 56³.
145 2536 228 2594 trudit,
239 2537 306 2587 illam
320 2541 428 2588 umbram
443 2541 487 2588 sub
499 2541 577 2605 specie
627 2540 693 2588 sisse.

75 2609 142 2658 sams
152 2609 263 2660 terruisse
269 2614 406 2678 juvencam.
429 2614 577 2680 Hyginsor·
660 2615 715 2664 7³0.
734 2615 821 2663 Ponere
839 2631 902 2679 grou
919 2613 1010 2679 phrasis
1030 2614 1126 2681 propria

74 2685 184 2732 ω’ἀίπεηι
201 2694 323 2742 memorat,
339 2701 412 2750 quam
430 2687 507 2735 Furiae
523 2687 576 2754 inji-
627 2696 651 2737 et
662 2688 774 2752 elegans:
791 2687 840 2736 vid.
855 2686 979 2735 Heinsium
994 2687 1024 2734 ad
1038 2687 1126 2736 Claud.

73 2754 151 2804 ciunt.
625 2761 657 2812 vi.
679 2762 750 2810 Cous.
771 2762 861 2810 Honor.
884 2762 923 2809 71.
951 2761 989 2810 Cf.
1010 2760 1124 2810 Heroidd.

107 2831 165 2880 726.
182 2831 278 2881 Pedieis
285 2835 417 2900 Argolide]
440 2835 575 2883 Pelleorlr-

71 2907 158 2969 gotico,
170 2906 206 2963 Io,
217 2923 271 2971 qun
284 2907 355 2974 Argis
369 2909 469 2958 oriunda
482 2909 576 2972 pellicis

73 2978 139 3027 vices
155 2981 297 3044 prestiterat
317 2985 386 3032 Jovi:
405 2983 460 3032 vide
473 2984 575 3033 Vallem.

74 3053 107 3100 ad
123 3054 207 3118 Eurip.
229 3056 460 3122 Hipp.ver.1303.
495 3058 574 3116 Caeeos,
602 3076 605 3085 ¹

72 3128 190 3178 occultos.
226 3130 317 3179 Terreni
334 3140 358 3180 et
373 3132 507 3196 φοβεῖσθαι,
521 3149 573 3198 pro-

72 3201 125 3265 prie
136 3202 259 3260 dicuntur,
271 3204 312 3268 qui
326 3219 341 3252 a
354 3205 431 3253 Furiis
444 3205 573 3271 corripiun-

71 3282 121 3331 tur,
141 3285 183 3325 aut
200 3277 277 3327 lurore
293 3279 405 3344 rabieque
424 3280 572 3329 excitantur:

73 3348 124 3397 vid.
138 3351 220 3416 Heyn.
236 3353 268 3401 arl
283 3353 421 3418 Virgilium,
440 3354 526 3419 Georg.
540 3355 575 3404 iii.

625 2836 738 2885 xiv.107.
762 2837 853 2892 Ardua,
863 2835 888 2883 in
900 2833 999 2883 sublime
1007 2842 1126 2899 spectans.

627 2908 692 2973 Virg.
710 2909 807 2958 AEneid.
825 2926 850 2958 v.
872 2910 933 2958 278:
953 2909 1017 2955 Colla
1037 2912 1126 2957 arduus

624 2986 738 3032 attollens.
773 2984 897 3048 Supplices
923 2982 1020 3031 brachia
1050 2981 1127 3032 solent

624 3058 721 3107 tendere
733 3077 740 3119 ;
758 3059 800 3107 sed
811 3057 909 3106 brachia
920 3073 966 3105 non
977 3057 1080 3106 habebat
1088 3057 1125 3115 Io,

624 3137 678 3183 solos
691 3132 772 3198 igitur,
785 3148 845 3198 quos
855 3132 940 3198 potuit,
953 3132 1032 3180 vultus
1046 3131 1077 3179 ad
1091 3129 1123 3180 si-

624 3207 681 3256 dera
700 3206 803 3255 sustulit.
836 3205 957 3262 Similiter,
980 3206 1081 3253 Metam.
1101 3205 1127 3256 ii.

625 3282 688 3329 487:
713 3282 885 3343 Quulescuaque
903 3296 984 3328 munus
999 3281 1030 3326 od
1046 3281 1127 3328 culum

625 3357 695 3404 tollit.
721 3356 787 3418 Virg.
804 3357 861 3403 AEn.
877 3355 901 3403 ii.
917 3357 980 3404 405:
998 3356 1036 3401 Ad
1046 3356 1125 3402 culum

626 3433 718 3478 tendens
731 3432 837 3477 ardentio
851 3430 1056 3493 luminafrustru5
1074 3428 1124 3476 Iru-

108 3501 165 3548 728.
183 3501 276 3558 Labori,
286 3502 415 3551 laboribus.
433 3504 472 3551 De
482 3503 511 3551 iis
522 3503 575 3553 vide
625 3507 695 3560 mino,
717 3522 769 3551 nom
791 3514 880 3551 teneras
905 3504 1011 3551 arcebunt
1032 3504 1128 3550 vinculo

73 3572 307 3637 Apollod.etmulto
316 3575 392 3638 magis
402 3577 511 3641 AEschyl.
521 3577 576 3626 inde
625 3580 718 3639 pelorus.
753 3577 898 3633 Luctisoous,
924 3576 1020 3623 imitans
1041 3589 1124 3623 vocem

74 3662 90 3694 a
104 3663 154 3696 ver.
169 3649 226 3698 713.
238 3648 323 3713 quibus
339 3650 400 3700 adde
410 3650 514 3699 Schutzii
527 3643 575 3699 Err-
625 3652 757 3715 lugubrem,
768 3650 827 3699 forte
839 3652 869 3698 ab
881 3649 969 3698 Ovidio
979 3648 1109 3712 signatum.

73 3734 136 3771 curs.
146 3721 179 3769 iv.
212 3722 251 3770 Ibi
260 3739 353 3788 quoque
365 3725 436 3773 Nilus
445 3724 498 3774 fluis
512 3741 574 3774 erro-
658 3726 715 3772 738.
736 3724 825 3779 Vultus,
837 3723 945 3772 formam.
979 3722 1044 3769 Setoe.
1069 3720 1126 3771 Vir-⁴

73 3807 139 3853 nrm3
155 3793 198 3842 ubi
208 3795 272 3843 enim
280 3811 309 3844 ex
320 3797 444 3862 AEthiopia
452 3797 574 3847 Canobum
623 3799 665 3862 gil.
674 3801 732 3846 AEn.
744 3797 785 3845 vii.
796 3798 858 3845 790:
879 3796 904 3844 Io
916 3801 969 3860 jam
984 3797 1036 3843 sctis
1047 3797 1128 3847 obsito.

75 3867 149 3924 venit,
164 3868 266 3933 pristina
283 3871 357 3920 forma
374 3872 396 3920 ei
412 3871 523 3920 redditur.
550 3872 574 3919 A
625 3875 730 3920 Luminis
740 3874 809 3929 orbes,
819 3871 890 3928 oculi,
898 3871 939 3936 qui
954 3870 1025 3919 etiam
1035 3869 1125 3936 simpli·

75 3941 232 3992 Pboen'reibus
240 3953 331 4010 raptam
339 3962 368 3994 ex
376 3945 447 4010 Argis
456 3947 482 3994 Io
493 3947 575 3994 scribit
626 3947 683 3994 citer
699 3949 759 3993 orbes
777 3955 801 3993 et
819 3945 903 3995 κύκλοι
919 3945 1038 3992 dicuntur.
1064 3945 1124 3994 Lac·

74 4015 216 4075 Herodotus,
232 4021 256 4067 in
273 4021 334 4077 Clio,
350 4037 392 4086 per
407 4021 499 4070 initium
512 4021 573 4076 libri,
625 4030 684 4070 tant.
694 4022 723 4069 de
733 4020 819 4085 Opific.
829 4020 885 4075 Dei,
895 4019 944 4067 viii.
957 4020 995 4066 16.
1012 4018 1124 4084 Sophoel.

76 4099 101 4137 et
122 4093 152 4139 ab
171 4094 201 4141 iis
220 4095 246 4142 in
268 4096 397 4160 AEgyptum
419 4097 575 4160 deportatam.
626 4095 705 4160 OEdip.
722 4096 792 4143 1294.
819 4095 876 4144 Vid.
891 4093 980 4142 Savuro
997 4093 1027 4141 ad
1042 4093 1125 4143 Sidon.

75 4163 114 4212 lbi
125 4167 201 4225 aiunt,
211 4186 283 4233 quum
297 4171 421 4235 AEgyptios
431 4171 506 4218 multa
517 4186 577 4218 nova
627 4170 674 4233 Ap.
685 4169 702 4216 i.
715 4171 738 4218 2.

762 4648 937 4704 1-
