2812 5010
290 342 368 407 .1oo
597 339 636 402 Ρ.
661 336 822 402 OVIDII
847 335 1058 403 NASONIS

303 514 486 612 Contigit,
506 522 545 588 et
556 510 985 611 ,cecinitjussosinllata
1001 518 1190 608 receptus,
1274 512 1348 582 340

303 631 490 704 Omnibus
508 629 637 704 audita
654 638 713 703 est
729 625 874 702 telluris
893 635 932 703 et
949 625 1110 725 aequoris
1128 624 1260 712 undis;

302 745 353 821 Et
370 736 508 845 quibus
525 755 586 820 est
599 743 710 818 undis
729 743 868 829 audita,
888 742 1056 818 coercuit
1073 766 1217 816 omnes.

301 861 325 934 J
328 886 389 935 arn
402 861 509 936 'mare
523 860 612 934 litus
630 860 765 948 habet;
786 859 918 958 plenos
933 858 1038 956 capit
1053 859 1180 933 alveus
1195 881 1346 944 amnes;

304 977 479 1052 Flumina
495 976 716 1065 subsidunt3
746 976 862 1049 colles
881 973 983 1051 exire
1000 974 1196 1064 videntur3

305 1093 435 1190 Surgit
445 1094 600 1183 humum
622 1102 797 1167 crescunt
808 1093 891 1167 loca
900 1091 1206 1169 decrescentibus
1217 1089 1346 1163 undis:

305 1210 477 1308 Postque
490 1208 591 1282 diem
609 1209 759 1305 longam
773 1207 916 1281 nudata
928 1206 1126 1286 cacumina
1139 1206 1241 1280 silvae
1276 1208 1349 1278 346

305 1325 536 1412 Ostendunt,
554 1325 762 1421 limumque
780 1331 912 1397 tenent
930 1321 968 1396 in
985 1321 1116 1395 fronde
1134 1320 1322 1394 relictum.
1346 1391 1349 1398 r
1388 1394 1390 1398 .

355 1441 544 1516 Redditus
562 1440 663 1514 orbis
682 1451 784 1516 erat:
808 1463 922 1537 quem
940 1446 1142 1538 postquam
1160 1436 1253 1510 vidit
1270 1436 1348 1510 ina·

304 1557 356 1632 Et
372 1558 561 1633 desolatas
580 1580 693 1654 agere
711 1556 789 1629 alta
806 1553 958 1629 silentia
974 1563 1106 1639 terraS,
1231 1553 1349 1647 [nem

306 1673 528 1759 Deucalion,
547 1672 725 1770 lacrymis
743 1670 798 1745 ita
814 1663 1000 1768 Pyrrham
1018 1668 1166 1743 adfatur
1183 1668 1349 1742 obortis:

298 1800 332 1834 <“
352 1791 387 1864 O
402 1814 517 1878 soror,
533 1814 556 1862 o
574 1791 726 1887 conjux,
741 1814 764 1860 o
778 1787 918 1862 semina
931 1787 1011 1861 sola
1028 1795 1233 1894 superstes,
1277 1788 1347 1859 351

306 1905 430 1990 Quam
448 1900 644 1979 commune
662 1904 754 1979 mihi
771 1928 903 2001 genoe,
924 1912 963 1976 et
980 1900 1158 2002 patruelis
1176 1901 1293 1999 origo,

306 2179 365 2227 tum,
377 2187 475 2236 qnorum
485 2172 560 2221 barba
571 2174 672 2222 rorabat.
704 2173 802 2222 Utrum·

306 2262 353 2311 que
368 2246 463 2303 dicitur,
474 2264 555 2296 cauere
569 2252 678 2310 receptui,
689 2257 714 2298 et
728 2265 803 2311 recep·

306 2331 365 2378 tum,
378 2329 420 2370 aut
429 2331 537 2384 receptas.
572 2322 721 2380 coecorum
736 2338 804 2372 suurn

306 2396 386 2446 locum
397 2396 472 2446 redire
483 2396 568 2462 coegit.
593 2429 596 2435 ·

338 2472 395 2520 343.
406 2471 461 2519 Jam
469 2489 539 2528 mare,
549 2472 610 2536 etc.]
621 2472 668 2521 Hic
679 2472 744 2522 locus
753 2473 816 2530 lau-n

306 2544 360 2593 dem
373 2553 474 2594 meretur
489 2562 504 2594 a
518 2546 644 2602 brevitate,
657 2562 710 2610 quae
721 2547 755 2595 rei
767 2562 806 2595 ce-

306 2618 424 2668 leritatem
443 2620 505 2667 bene
533 2619 650 2683 exprimit.
683 2620 712 2667 Ei
734 2619 806 2668 etiam

306 2692 485 2741 accommodata
510 2691 621 2742 orationis
645 2693 728 2750 forma,
752 2709 805 2757 quie

305 2766 418 2814 brevibus
444 2766 557 2815 membris
581 2758 682 2816 constat.
723 2768 806 2816 Plenus

306 2842 377 2900 capit,
388 2848 434 2888 ete.
467 2841 545 2905 Aquae
561 2840 595 2889 ita
606 2839 766 2898 decreverant,
779 2852 806 2891 ut

307 2911 370 2959 alvei
379 2912 429 2977 jam
436 2916 521 2976 plenos,
532 2914 646 2978 integros,
656 2915 739 2964 fluvios
749 2915 806 2981 ripis

306 2985 357 3034 suis
368 2987 487 3036 continere
498 2997 602 3053 possent.

339 3060 398 3107 344.
418 3061 537 3120 Flumina,
555 3063 650 3111 omnino
669 3079 746 3128 aqum.
765 3063 805 3111 Vi-

306 3135 400 3189 dentur,
413 3143 549 3184 cernuntur.
576 3136 676 3201 Surgere
686 3138 808 3200 eleganter

307 3205 356 3255 drr.
365 3222 430 3270 quie,
438 3208 613 3257 subsidentibus
624 3208 661 3266 iis,
667 3211 754 3274 quibus
765 3211 806 3259 ad-

307 3279 355 3328 huc
369 3288 434 3329 tecta
446 3281 548 3340 fuerant,
562 3282 667 3348 conspici
681 3283 807 3349 incipiunt.
833 3284 839 3292 ’

309 3354 373 3404 Vide
386 3371 429 3403 nos
444 3355 474 3405 ad
488 3355 551 3405 Plin.
563 3357 608 3407 VI.
620 3357 695 3422 Epist.
709 3357 758 3408 xvi.
771 3360 808 3406 14.

310 3429 430 3478 Creterrnt.
447 3431 514 3478 Bene
531 3430 618 3480 etiarn:
637 3431 745 3496 plumat
759 3449 808 3482 am-

307 3502 385 3570 pliora
400 3503 426 3551 in
443 3513 606 3569 conspectum,
621 3505 746 3571 prodeunt.
772 3506 812 3556 Si··

307 3577 363 3634 lius,
373 3594 415 3626 xv.
424 3579 482 3627 215.
495 3578 526 3626 de
535 3594 572 3636 eo,
581 3579 622 3644 qui
632 3578 728 3645 propius
740 3596 808 3630 acce-

308 3649 345 3699 dit
363 3651 394 3701 ad
406 3653 500 3709 urbem,
512 3655 600 3703 admoto
616 3657 744 3702 'crescebaut
758 3657 808 3703 cul-

308 3729 372 3773 mina
392 3743 481 3790 gruem
520 3726 609 3776 Contra
635 3729 700 3793 opud
720 3728 808 3778 Claud.

854 2181 958 2237 tamque.
991 2170 1091 2220 Fronde.
1110 2171 1222 2218 Frondem
1230 2168 1353 2218 Rodnon

854 2245 1005 2296 debebat⁵de
1021 2245 1083 2295 foliis
1098 2260 1193 2309 capere,
1205 2250 1272 2293 erant
1290 2244 1353 2291 enirn

854 2324 943 2369 nudam
953 2319 1085 2375 cacumina,
1098 2317 1139 2367 sed
1150 2317 1181 2366 de
1191 2317 1272 2366 ramis.

887 2396 944 2443 343.
965 2393 1101 2456 Redditus]
1112 2391 1257 2440 ‘Restitutus
1266 2398 1318 2440 erat
1328 2391 1354 2438 in

854 2468 976 2534 pristinam
997 2466 1104 2516 formam.
1137 2466 1221 2531 Pomp.
1237 2467 1315 2521 Mela,
1332 2466 1354 2512 l.

854 2542 887 2592 ix.
898 2545 945 2592 32:
964 2543 1035 2591 Nilos
1052 2558 1074 2590 se
1091 2543 1133 2590 sibi
1148 2543 1258 2597 reddidit,
1275 2556 1355 2588 rursus

855 2618 950 2666 alveum
960 2633 1030 2666 suum
1040 2616 1155 2680 sequitur.

888 2693 945 2741 349.
957 2692 988 2739 Et
998 2693 1108 2740 desolatas
1122 2707 1189 2755 agere
1202 2691 1253 2737 olto
1262 2690 1355 2736 silentio

856 2767 948 2829 terroe]
965 2765 1012 2815 Hic
1023 2782 1104 2815 versus
1118 2765 1178 2813 mira
1188 2772 1213 2813 et
1222 2779 1275 2812 rara
1290 2762 1355 2829 apud

856 2840 971 2890 Ovidium
979 2839 1174 2906 imaginevocum
1182 2837 1289 2887 excellit.
1308 2838 1355 2886 De-

854 2916 937 2964 solatas
956 2924 1037 2964 terras.
1068 2913 1203 2962 Destitutas
1221 2910 1356 2968 horninibus

723 3000 727 3006 ’
797 3029 799 3032 ,
855 2998 880 3039 et
897 2988 1065 3038 animantibus.
1096 2986 1182 3052 virgil.
1196 2985 1297 3035 AEneid.
1313 2985 1356 3034 lib.

854 3063 889 3113 xi.
912 3064 975 3112 367:
999 3063 1106 3129 Ingentes
1126 3072 1149 3111 et
1166 3063 1314 3112 deoduinus
1329 3078 1355 3108 a·

853 3155 915 3203 3'05·
1346 3166 1347 3170 ¹

889 3214 945 3262 350.
962 3212 1059 3270 Obortis,
1070 3209 1290 3277 prorumpentibus3
1306 3210 1355 3257 obo-

855 3289 901 3335 riri
916 3286 979 3336 enim
992 3286 1111 3340 dicuntur,
1123 3300 1177 3349 quae
1193 3291 1356 3350 prorumpunt,

856 3360 1035 3426 superveniunt.
1324 3371 1329 3383 ··

890 3436 946 3484 351.
973 3434 1098 3497 Onerum]
1128 3433 1207 3495 Japeti
1227 3431 1271 3479 lilii
1291 3431 1357 3480 fuere

860 3509 1006 3558 Prometheus
1015 3517 1039 3558 et
1048 3509 1200 3571 Epimetheus.
1218 3505 1359 3555 Prometheo

859 3598 888 3632 ex
900 3584 1010 3631 Pandora
1020 3584 1106 3646 (quam
1116 3578 1252 3629 Triclln.ad
1261 3577 1359 3628 Pindar.

858 3658 956 3723 Olymp.
964 3658 997 3706 ix.
1008 3657 1065 3705 lacit
1075 3653 1208 3721 Epimethei
1219 3652 1359 3719 conjugem)

858 3739 929 3781 natus
943 3739 979 3780 est
991 3732 1130 3780 Deucalion.
1164 3727 1300 3794 Epimethei·
1309 3726 1361 3776 filie

308 3796 392 3847 xxxiii.
405 3801 468 3848 189:
489 3799 587 3864 Totoque
602 3803 710 3851 decrescit
728 3790 810 3868 refugo
859 3803 904 3853 suit
923 3804 1024 3868 Pyrrho.
1062 3804 1101 3852 Sic
1122 3801 1198 3850 intell.
1216 3813 1268 3865 ‘qno
1288 3817 1361 3849 sensu

311 3869 435 3920 Trinacria
445 3875 503 3921 vitu·
858 3883 940 3927 sororis
960 3880 1043 3927 vocab.
1065 3878 1091 3927 h.
1108 3876 1128 3925 l.
1151 3875 1295 3941 capiendum
1321 3875 1361 3924 sit.

342 3944 398 3991 347.
418 3945 553 4009 Limumqoe
570 3951 597 3996 in
606 3948 716 4013 fronde]
740 3949 808 3998 Obli-
859 3954 914 4018 Ipse
935 3969 990 4001 mox
1012 3959 1185 4002 commentatur
1202 3950 1228 3998 in
1244 3949 1360 3998 haecno

310 4024 381 4065 matre
407 4027 431 4067 et
462 4020 589 4070 luculentae
617 4022 810 4088 relinquebantur
859 4027 931 4082 mina,
948 4026 1013 4090 qnod
1031 4034 1120 4081 tamen,
1139 4025 1164 4072 in
1181 4031 1247 4073 tanto
1262 4022 1361 4088 quidem

309 4090 403 4139 frondes
421 4092 539 4151 arborum,
552 4103 646 4161 propter
663 4112 750 4161 aquarn
768 4113 810 4161 per
859 4101 947 4156 dolore,
955 4099 1021 4164 justo
1032 4100 1137 4164 argutius
1147 4098 1248 4147 videtur.

309 4163 439 4216 allusiones
452 4170 585 4218 necessario
601 4172 720 4219 turbatam
733 4170 810 4219 foeda·
