2812 5010
291 338 356 402 246
586 339 624 402 P
650 337 808 467 OVIDII
833 338 1043 404 NASONIS

296 461 458 584 Brachia
474 512 604 584 mersit
621 535 761 607 aquas3
792 536 860 585 nec
880 536 921 585 se
938 510 1163 608 deprendit
1155 535 1192 582 ιιι
1211 510 1308 605 illis!

294 625 394 710 Quid
413 625 548 713 videat,
567 627 709 715 nescit;
740 626 820 712 sed,
840 627 942 722 quod
959 625 1073 711 videt,
1093 624 1211 698 uritur
1228 598 1315 711 illo;

294 740 422 838 Atque
440 743 567 814 oculos
586 742 698 828 idem,
718 742 783 838 qui
801 742 954 839 decipit,
970 741 1101 815 incitat
1118 750 1230 814 error.

295 856 470 942 Credule,
491 857 581 953 quid
599 856 734 930 frustra
751 856 950 930 simulacra
966 856 1115 952 fugacia
1131 857 1292 953 captas?

294 969 406 1054 Quod
433 971 543 1069 petis,
564 982 622 1046 est
649 997 854 1069 nusquam:
885 973 996 1068 quod,
1013 995 1129 1057 amas,
1151 981 1334 1057 avertere,

430 1087 599 1184 perdes:
1259 1093 1334 1160 433

293 1201 373 1274 lsta
387 1225 627 1299 repercussae,
643 1228 756 1300 quam
770 1206 903 1290 cernis,
918 1205 1090 1301 imaginis
1106 1205 1238 1277 umbra
1251 1215 1332 1278 est:

294 1317 358 1389 Nil
375 1318 489 1390 habet
503 1317 575 1391 ista
589 1319 646 1391 sui
659 1347 667 1407 ;
689 1330 890 1419 tecumque
904 1322 1093 1418 venitque,
1108 1331 1331 1416 manetque3

293 1433 436 1506 Tecum
454 1434 636 1523 discedat,
657 1437 688 1509 si
706 1448 747 1510 tu
764 1438 958 1512 discedere
977 1437 1111 1535 possis

294 1548 380 1622 Non
399 1549 502 1621 illum
522 1550 683 1638 Cereris
703 1578 777 1625 non
795 1553 899 1625 illum
918 1577 1008 1625 cura
1028 1550 1165 1647 qnietis

291 1665 520 1739 Abstrahcre
538 1667 625 1741 inde
643 1679 789 1766 potest:
811 1671 878 1742 sed
893 1692 1010 1767 opaca
1022 1668 1127 1740 fusus
1145 1667 1184 1737 in
1198 1666 1318 1738 herba

295 1779 451 1878 Spectat
467 1781 659 1880 inexpleto
677 1786 897 1859 mendacem
915 1784 1055 1857 lumine
1070 1782 1248 1869 formam3

281 1895 443 1992 ‘Perque
454 1899 581 1971 oculos
593 1901 690 1996 perit
704 1901 785 1998 ipse
800 1927 887 1974 suos
900 1929 908 1989 ;
930 1900 1159 1998 paulumque
1172 1898 1332 1984 levatus,

292 2010 353 2083 Ad
371 2011 654 2088 circumstantes
673 2017 831 2090 tendens
851 2041 920 2088 sua
935 2013 1090 2087 brachia
1106 2011 1229 2111 silvae,
1257 2015 1329 2083 441

293 2135 317 2164 ‘⁴
338 2126 492 2224 EcquiS,
510 2129 546 2202 io
564 2129 677 2216 silvae,
697 2129 922 2217 crudelius,''
939 2129 1072 2227 inquit,
1093 2137 1117 2165 ‘⁴
1134 2125 1300 2200 amavit?

293 2241 407 2315 Scitis
425 2245 535 2332 enim,
556 2255 595 2318 et
612 2246 739 2318 multis
757 2247 902 2320 latebra
918 2254 1129 2344 opportuna
1144 2240 1281 2314 fuistis

292 2355 475 2456 Ecquem,
496 2385 612 2457 quum
631 2371 763 2435 vestrae
781 2371 837 2434 tot
854 2370 1011 2456 agantur
1029 2356 1272 2451 secularitas,

293 2472 368 2557 Qui
386 2474 439 2548 sic
456 2476 630 2561 tabuerit,
649 2477 762 2572 longo
780 2474 1000 2550 meministis
1018 2474 1057 2545 in
1074 2472 1180 2578 aevo?
1230 2541 1233 2546 ,
1257 2475 1332 2545 445

294 2587 345 2662 Et
357 2589 496 2686 placet,
510 2591 686 2678 etvide03
708 2592 774 2664 sed
789 2592 890 2687 quod
903 2589 1101 2685 videoque,
1116 2588 1331 2684 placetque,

294 2703 380 2776 Non
398 2698 522 2779 tamen
540 2707 708 2780 invenio:
737 2718 863 2780 tantus
881 2715 987 2779 tenet
1004 2727 1104 2778 error
1122 2705 1331 2776 amantem!

293 2816 751 2919 Quoquemagisdoleam3
766 2806 912 2895 nec'nos
921 2845 1021 2894 mare
1030 2814 1332 2918 separatingens,

324 3063 380 3110 432.
398 3064 505 3119 Credula,
526 3069 581 3126 qaid
599 3066 703 3130 frustra,
724 3067 783 3129 eto]
836 3061 1175 3127 mplnt,satiarinonpoterat.
1192 3058 1338 3115 Meadncem,

292 3135 347 3183 Jam
361 3151 432 3200 supra
442 3152 510 3184 versu
521 3137 576 3186 417.
587 3147 659 3201 poeta
673 3138 736 3186 hunc
750 3156 786 3187 er·
836 3154 889 3202 quae
906 3136 1030 3184 videbatur
1045 3149 1095 3182 esse
1110 3133 1192 3188 forma,
1203 3146 1281 3195 neque
1299 3143 1336 3180 ta·

293 3223 367 3256 mrem
384 3208 545 3269 indicaverat5
570 3210 650 3275 itaque
669 3220 710 3259 aut
726 3211 786 3268 hac,
836 3227 891 3260 men
901 3218 961 3259 erat
994 3209 1090 3257 Falsam
1106 3205 1263 3256 adolescentis
1273 3205 1335 3270 figu-

292 3290 333 3329 aut
353 3281 396 3329 illa
419 3283 547 3332 resecanda
570 3283 677 3333 luissent
721 3285 787 3338 erod
835 3300 909 3335 ram.
939 3284 1043 3347 Eleganr
1063 3290 1100 3330 est
1125 3280 1164 3328 hic
1189 3294 1248 3327 usus
1269 3279 1335 3328 verbi

292 3349 363 3412 amiur,
379 3365 489 3412 avertere,
505 3362 592 3419 perdes.
624 3359 660 3406 Tu
676 3359 745 3407 modo
763 3369 787 3408 te
836 3359 936 3407 mentiri.

292 3432 379 3484 averte,
398 3428 465 3478 nulla
482 3429 527 3477 erit
543 3432 634 3487 umbra,
648 3431 708 3480 nihil
723 3434 785 3496 quod
869 3432 925 3480 443.
942 3422 1009 3480 serta
1030 3432 1099 3485 enim,
1119 3439 1141 3476 er
1162 3428 1249 3483 maltis,
1268 3426 1333 3489 eta]

291 3505 364 3552 ames.
397 3504 441 3552 Nil
452 3505 535 3552 lohet
527 3514 570 3552 aro
583 3508 628 3562 roi,
638 3521 685 3554 non
695 3516 787 3556 constat
837 3506 987 3553 Burmannus
1024 3502 1133 3568 opinatur
1166 3498 1336 3566 procacitatem

290 3593 333 3642 per
349 3592 383 3633 se,
397 3576 456 3624 nihil
473 3577 544 3626 habet
559 3578 686 3642 proprium.
719 3580 786 3629 Bene
836 3578 992 3643 nympharum
1010 3575 1049 3624 hic
1071 3575 1143 3640 tangi.
1176 3572 1224 3622 Sed
1241 3572 1336 3622 videtur

290 3649 325 3698 sio
336 3650 475 3699 describitur
485 3652 576 3700 umbra
702 3696 703 3700 ,
835 3660 907 3716 poeta
927 3650 1021 3698 omnino
1047 3656 1153 3698 amantes
1178 3644 1334 3703 intellexisse,

324 3725 380 3772 437.
397 3724 527 3773 Noorllum
540 3726 708 3790 Cometa]
732 3729 785 3776 Nec
835 3725 934 3790 quilere
949 3726 1001 3773 loca
1017 3731 1115 3780 remota,
1128 3721 1200 3770 silvas
1216 3727 1242 3769 et
1255 3727 1333 3778 antra,

290 3796 403 3845 Ovidium
418 3797 540 3847 brevitatis
550 3815 606 3853 cura
620 3801 650 3848 ab
665 3800 710 3848 hoc
720 3801 784 3850 fonte
835 3815 939 3863 quaerere
949 3798 1033 3846 solent.
1066 3794 1197 3846 Commoda
1206 3801 1296 3851 autem
1300 3801 1337 3842 est

291 3871 465 3919 etaNarcrsso
474 3873 606 3922 abstrahere
619 3873 729 3938 potuit.
737 3875 785 3922 Fo-
835 3872 886 3920 haec
905 3872 935 3920 ad
952 3871 1023 3919 silvas
1040 3859 1189 3935 apostropha.
1223 3866 1334 3928 Ecquam,

290 3959 335 3997 rur,
351 3943 407 3991 alibi
422 3946 553 4002 reclinatus,
568 3955 661 4002 stratas,
659 3950 784 4014 adrectos.
834 3963 903 4008 quum
913 3955 999 4002 vestrm
1009 3952 1055 3993 etc.
1083 3942 1147 3992 Ordo
1157 3950 1208 3990 est
1226 3940 1337 4004 Ecquem

289 4013 339 4063 Sed
355 4024 385 4063 et·
395 4015 511 4065 Graece
494 4034 528 4066 sic
546 4020 636 4082 χυθεὶς,
652 4009 678 4067 ut
695 4019 785 4070 Anacr
835 4019 982 4074 meministis,
992 4018 1017 4067 in
1027 4019 1096 4081 longo
1105 4031 1163 4072 aevo
1171 4030 1213 4079 qur
1221 4029 1256 4062 src
1264 4014 1336 4063 tabu

291 4087 338 4136 od.
346 4087 381 4136 lii.
393 4089 430 4136 16.
448 4090 533 4152 Opaca,
541 4107 612 4154 quam
622 4101 708 4155 opacat
717 4093 784 4141 silva
835 4093 887 4149 erit,
898 4101 923 4140 et
934 4092 1048 4157 paulatim
1060 4101 1211 4155 consumptus
1222 4086 1269 4136 sitl
1328 4137 1331 4142 ,

288 4159 410 4222 Inerplcro,
419 4161 482 4226 quod
491 4165 688 4227 contemplanda
682 4182 784 4230 imagine
867 4167 923 4213 448.
941 4168 989 4214 Nec
1009 4184 1048 4214 nos
1068 4182 1130 4212 more
1150 4171 1250 4225 separor,
1273 4161 1335 4225 eta]
