2812 5010
177 331 241 396 142

457 327 497 391 Ρ.
523 325 684 391 OVIDII
707 323 920 390 NASONIS

174 503 332 600 Argenti
349 501 486 576 bifores
504 500 701 575 radiabant
715 499 855 572 lumine
872 499 1001 578 valvae.

176 618 376 693 Materiem
395 619 597 714 superabat
614 642 731 715 opus:
761 641 847 691 narn
863 614 1053 688 Mulciber
1070 614 1145 686 illic
1198 618 1221 686 5

173 735 341 834 AEquora
358 734 522 820 caelarat,
542 732 685 805 medias
699 732 889 829 cingentia
906 742 1037 817 terraS,

176 851 449 947 Terrarumque
484 851 626 936 orbern,
655 851 881 948 coelumque,
914 848 1016 946 quod
1052 846 1224 920 imminet

328 965 420 1038 orbi.

179 1081 370 1154 Caeruleos
388 1082 504 1154 habet
518 1082 623 1186 unda
641 1082 765 1172 Deos;
788 1082 942 1155 Tritona
959 1080 1150 1165 canorum,

178 1198 393 1297 Proteaque
412 1198 641 1294 ambiguum,
659 1199 967 1294 balaenarumque
987 1203 1222 1293 prementem

178 1430 296 1478 Caeterum
314 1430 343 1479 de
359 1429 486 1495 dignitate,
499 1446 571 1494 quam
582 1431 676 1495 templis

177 1504 269 1552 addunt
285 1507 393 1553 columne
411 1513 435 1553 et
446 1503 556 1569 fastigia,
574 1505 605 1553 cs.
623 1506 675 1554 Cic.

176 1578 243 1626 Orat.
254 1578 288 1627 iii.
300 1580 339 1627 46.

208 1652 232 1699 4.
248 1653 347 1716 Argenti
364 1651 466 1716 bjbres]
489 1651 569 1699 Etiam
586 1650 675 1700 loribus

175 1740 276 1788 magnus
296 1725 428 1774 addebatur
454 1733 550 1773 ornatus
557 1743 564 1786 3
591 1725 673 1788 itaque

177 1815 269 1863 semper
285 1816 365 1848 earum
382 1800 408 1846 fit
425 1798 514 1847 mentio
530 1799 555 1847 in
572 1798 675 1864 descrip-

177 1872 281 1921 tionibus
299 1872 433 1937 regiarum:
451 1872 484 1921 cl.
501 1873 573 1921 Hom.
586 1872 633 1921 Od.
649 1877 676 1920 Z.

179 1948 208 1995 19
215 1964 222 2007 ;
230 1947 321 1995 P.267.
328 1947 353 1994 in
360 1945 487 2012 primisque
497 1949 565 1996 Has
573 1962 625 2011 sqq.
636 1945 677 1994 ubi

180 2021 246 2085 regia
255 2019 351 2069 Alcinoi
363 2021 513 2069 describitur.
535 2021 676 2078 Curabatur,

176 2103 204 2143 ut
215 2102 293 2142 essent
307 2095 413 2159 εὐεργεῐς
426 2103 450 2142 et
460 2094 565 2159 φαειναί.
602 2095 677 2143 Vatum

175 2168 201 2216 in
212 2167 293 2233 primis
305 2176 371 2216 erant
382 2168 531 2234 templorum,
542 2177 566 2217 et
579 2168 676 2234 compli-

177 2243 293 2291 cabaotur
308 2242 351 2298 ita,
362 2250 389 2290 ut
403 2243 428 2290 in
445 2258 469 2290 se
484 2241 548 2307 ipsas
562 2241 626 2290 intus
640 2259 677 2291 re-

178 2317 344 2366 volverentur:
364 2316 418 2365 vide
435 2317 519 2365 Barth.
533 2316 634 2365 Advers.
645 2317 679 2365 xl.

181 2392 220 2440 10.
252 2391 316 2439 Hinc
333 2391 414 2456 bifores
427 2381 509 2449 ooloae,
518 2391 589 2456 dripere
602 2389 677 2439 δικλί-

178 2464 226 2524 δες,
237 2464 390 2530 διάπρισται.
416 2466 499 2514 Valvae
512 2465 594 2530 templi
606 2464 678 2531 Capi·

181 2538 250 2587 tolini
269 2538 363 2586 laminis
382 2538 458 2587 aureis
476 2539 585 2586 obductae
603 2548 678 2594 erant,

177 2614 220 2663 sed
228 2613 265 2661 ha
277 2621 361 2661 nostrie
373 2621 478 2677 argento.
512 2614 546 2663 Ut
553 2612 592 2660 hic
602 2615 677 2661 tamen

177 2690 277 2751 argenti,
294 2686 328 2734 sic
345 2687 401 2735 Val.
413 2687 479 2738 Flac.
494 2685 530 2734 iii.
549 2687 603 2734 100.
612 2686 678 2752 ferri

179 2763 263 2817 lumen,
274 2777 309 2808 sc.
317 2760 342 2808 in
353 2761 500 2826 splendorem
511 2760 569 2809 dati.
603 2762 678 2809 Radi-

181 2851 221 2882 are
233 2837 331 2884 verbum
340 2837 444 2900 antique
455 2835 589 2899 elegantia,
597 2835 678 2899 judice

179 2909 285 2957 Broulth.
296 2909 327 2957 ad
337 2909 444 2974 Propert.
452 2910 473 2956 I.
485 2927 525 2958 xv.
536 2911 559 2957 7.
570 2909 611 2957 ubi
625 2910 678 2974 plu·

106 2971 109 2978 ¹
177 2997 214 3030 res
224 2990 249 3030 et
260 2984 328 3031 Nost.
340 2983 410 3031 Pont.
420 2983 468 3031 III.
477 2982 509 3031 iv.
521 2984 576 3031 103.
587 2986 678 3032 rudiori

177 3054 321 3121 accipientes
330 3058 410 3106 refert.
443 3057 490 3106 Sed
502 3056 559 3105 alibi
569 3057 618 3105 sere
628 3057 677 3105 vim

179 3131 283 3179 activam
294 3131 373 3188 habet,
384 3131 534 3196 splendorem
546 3130 611 3180 dare.

211 3207 235 3252 5.
258 3205 379 3252 Materiam
400 3205 456 3269 (sie,
478 3221 524 3253 non
544 3207 676 3253 materiam.-

178 3276 227 3328 vid.
239 3277 338 3327 Salmas.
350 3278 380 3326 ad
392 3279 465 3327 Solio.
476 3296 500 3344 p.
512 3277 572 3339 323)
584 3297 676 3340 stupera-

179 3354 217 3399 bat
228 3370 291 3414 opus,
304 3361 330 3400 ut
337 3352 387 3401 fieri
397 3353 457 3401 solet
467 3354 492 3401 in
500 3353 609 3417 operibus
620 3354 676 3402 arti·

179 3425 258 3474 ficiose
269 3426 397 3474 fabricatis.
432 3428 494 3489 Opus
509 3435 588 3476 autem
604 3444 677 3491 quum

178 3499 210 3548 de
221 3501 290 3547 rebus
301 3508 350 3548 arte
362 3499 431 3548 factis
439 3501 534 3557 dicitur,
546 3510 570 3549 et
578 3501 677 3566 opponi-

177 3581 216 3621 tur
233 3577 340 3630 materiae‚
354 3574 538 3622 elaborationem
555 3574 679 3638 significat.

179 3646 265 3695 Claud.
275 3665 299 3694 x.
311 3648 352 3695 37.
364 3647 395 3694 de
406 3648 471 3711 regia
478 3648 592 3697 Veneris:
611 3649 678 3696 Lem-

179 3722 232 3767 nius
244 3721 288 3767 hcc
295 3722 363 3767 etium
370 3725 462 3785 gemmis
468 3724 578 3769 exstruxit
584 3731 605 3769 et
613 3740 678 3779 auro,

178 3795 307 3841 Admiscens
319 3806 390 3842 artem
398 3798 478 3858 pretio.
493 3795 604 3844 Artifices
613 3796 637 3843 in
644 3797 678 3844 fo-

179 3865 678 3935 ribus,clypeis‚balteisaliisqueoperibus,

180 3953 217 3986 res
232 3941 397 3989 memorabiles
412 3943 542 4006 exprimere
555 3943 678 4004 sotebant;

180 4018 252 4074 atque
264 4010 348 4061 inistis
364 4015 507 4078 argumentis
517 4016 678 4064 describendis

179 4084 274 4147 placent
295 4087 339 4135 sibi
360 4098 443 4153 poetae,
466 4092 537 4139 Hom.
559 4091 676 4156 exemplo.

172 4149 210 4219 ,Tu
221 4158 258 4208 his
268 4160 355 4212 loribus
366 4163 468 4212 mundus
476 4164 596 4214 universus
606 4181 675 4229 spec·

725 1433 828 1488 tabatur,
839 1447 911 1496 quern
922 1429 961 1476 Sol
972 1429 1026 1476 luce
1036 1442 1079 1475 sua
1090 1425 1224 1474 collustrat.

725 1507 764 1554 De
775 1507 846 1554 valois
856 1504 996 1567 templorum
1007 1517 1049 1566 per
1064 1500 1122 1548 talia
1133 1498 1224 1547 emble-

724 1588 790 1628 mata
810 1577 936 1643 magnifice
959 1574 1077 1624 exornatis
1097 1573 1152 1621 vide
1173 1573 1225 1621 Cic.

724 1654 792 1703 verr.
810 1653 842 1701 iv.
861 1654 911 1711 563
939 1650 1003 1699 Plio.
1021 1650 1054 1697 H.
1074 1649 1107 1696 N.
1125 1647 1159 1695 ix.
1179 1648 1225 1706 13;

724 1727 813 1790 virgil.
825 1727 912 1788 Georg.
923 1725 957 1772 iii.
966 1726 1006 1773 26.
1031 1723 1154 1770 Mulciber.
1179 1719 1225 1767 Ta·

726 1801 760 1849 lia
775 1817 847 1866 opera
862 1801 983 1849 elaborare
1000 1798 1094 1846 solebat
1111 1796 1228 1843 llrrbiber

726 1892 768 1924 seu
784 1875 916 1930 Vulcanus,
925 1871 1045 1921 fabrilium
1062 1869 1147 1918 artium
1165 1884 1225 1934 prae·

726 1965 764 1999 ses
780 1958 805 1998 et
822 1965 871 2005 rex,
883 1947 924 2012 qui
940 1945 1019 1994 omnia
1033 1945 1138 1992 Deorum
1153 1957 1225 2008 opera

726 2023 846 2072 metallica
856 2024 933 2070 facere
944 2021 1043 2069 solebat.
1078 2019 1177 2066 Caletos
1184 2016 1227 2082 so·

726 2116 761 2146 res
771 2098 874 2147 habebat
881 2096 953 2144 etiam
962 2093 1119 2158 Capitolium:
1138 2090 1226 2140 Claud.

727 2172 808 2221 xxviii.
829 2174 869 2221 46.
909 2171 940 2218 Et
964 2176 1031 2217 erant
1051 2170 1133 2216 coelata
1154 2181 1226 2230 opera

726 2245 824 2295 maximi
842 2244 920 2310 pretii.
954 2243 992 2290 De
1010 2242 1087 2290 verbis
1102 2242 1185 2290 celare
1203 2246 1227 2287 et

726 2319 833 2385 τορεύειν
839 2318 894 2367 vide
903 2319 982 2382 Heyn.
993 2316 1017 2364 in
1029 2318 1109 2378 Antip.
1119 2314 1228 2379 Aufsaet-

727 2410 775 2441 ren.
791 2393 820 2441 Ρ.
831 2391 856 2440 ii.
870 2409 895 2457 p.
906 2393 952 2439 130
969 2406 1022 2454 sqq.
1035 2387 1075 2437 ubi
1090 2389 1172 2447 docet,
1185 2387 1227 2435 illa

727 2466 776 2514 fere
794 2469 886 2530 semper
907 2464 955 2513 dici
976 2463 1006 2512 de
1025 2477 1095 2526 opere
1116 2461 1227 2526 plastico.

728 2540 872 2604 Quanquam
889 2539 958 2602 signa
971 2536 1089 2585 interdum
1106 2544 1131 2584 et
1140 2534 1228 2599 illigari

727 2614 842 2662 solebant.

760 2689 783 2736 7.
796 2688 862 2742 Quod
871 2688 971 2734 imminet
982 2683 1051 2746 orbi]
1070 2682 1172 2731 Nomine
1189 2699 1226 2730 or-

726 2761 772 2818 bis,
791 2762 831 2809 hic
847 2777 906 2826 cape
924 2775 1012 2816 aerem,
1024 2765 1120 2814 terram,
1132 2772 1227 2821 aquam,

729 2852 828 2900 quorum
849 2835 915 2883 velut
937 2841 1027 2881 tectum
1047 2831 1168 2895 quoddam
1192 2839 1228 2879 est

728 2911 825 2961 coelum.

762 2987 786 3033 3.
799 2985 894 3032 Tritum
907 2999 1024 3036 canorum,
1036 2987 1072 3028 est
1086 2978 1149 3027 enirn
1165 2978 1229 3028 tubi-

727 3073 770 3106 cen
782 3056 904 3122 Neptuni:
923 3055 978 3105 vide
989 3055 1020 3103 ad
1032 3054 1049 3102 i.
1061 3056 1119 3102 333.

758 3134 783 3181 9.
798 3133 924 3193 Proteaque
942 3129 1094 3194 ambiguum]
1113 3128 1152 3175 De
1168 3127 1226 3174 Pro·

726 3215 761 3253 teo
776 3206 841 3253 locus
857 3203 949 3253 classic.
965 3211 1001 3251 est
1012 3201 1079 3264 Virg.
1091 3202 1179 3263 Georg.
1190 3199 1225 3248 iv.

727 3280 865 3336 sat-450.
890 3279 947 3326 Erat
958 3285 1038 3325 autem
1050 3276 1150 3323 Proteus
1162 3283 1227 3322 vates

726 3370 797 3403 senex
808 3362 832 3402 et
843 3355 911 3402 Deus
921 3351 1034 3407 marinus,
1045 3349 1083 3398 cui
1099 3351 1228 3414 Neptunus

728 3444 808 3477 curam
816 3435 972 3476 autentorum
981 3441 1085 3480 suorum,
1093 3424 1118 3471 h.
1126 3440 1148 3471 e.
1158 3440 1227 3470 mon-

728 3511 828 3551 strorum
846 3502 997 3557 marinorum,
1008 3498 1146 3547 tradiderat.
1175 3500 1229 3546 Aru·

728 3578 830 3640 biguum,
856 3583 987 3623 mutantem
1008 3573 1097 3628 vultus,
1120 3580 1147 3619 ut
1174 3587 1229 3619 eum
1261 3609 1265 3635 ·.

729 3658 798 3697 vocat
818 3651 904 3697 Horat.
924 3649 945 3697 Ι.
967 3649 1012 3711 Ep.
1031 3647 1048 3694 i.
1070 3648 1111 3695 90.
1145 3645 1231 3694 Varias

729 3723 791 3771 enim
802 3725 888 3771 formas
898 3722 1010 3770 inducere
1018 3722 1111 3769 solebat
1119 3722 1229 3776 Proteus,
1254 3775 1256 3782 ,

729 3797 763 3846 ita
778 3806 805 3846 ut
819 3798 889 3845 modo
908 3813 964 3860 aper
981 3804 1051 3851 esset,
1065 3795 1135 3842 modo
1152 3796 1230 3851 arbor,

730 3889 784 3920 mox
806 3873 830 3920 in
851 3887 938 3936 aquam
960 3889 985 3920 se
1007 3878 1156 3930 extenuaret,
1174 3886 1229 3918 mox

729 3945 790 4010 ignis
807 3948 910 4012 speeiem
930 3955 1041 4003 sumeret,
1059 3947 1090 3994 cl.
1108 3943 1160 3992 viii.
1180 3946 1229 3992 7:32

728 4036 781 4084 sqq.
795 4020 836 4069 ubi
851 4021 902 4085 ejus
917 4020 1017 4069 fictionis
1032 4035 1129 4070 causam
1145 4018 1228 4066 attuli-

727 4109 788 4142 mus.
829 4095 981 4160 Tronsformis
1002 4107 1098 4160 vocatur
1119 4093 1184 4141 Fast.
1208 4091 1229 4141 i.

727 4168 784 4215 ³73.
