2812 5010
454 328 945 397 METAMORPHOSEON.
1175 325 1222 397 liii

174 523 179 543 ⁴·
219 507 296 573 Lib.
312 505 374 571 lll.
406 503 519 568 Filiam
538 504 685 568 antissam
699 502 834 586 Agenor
852 501 1003 566 Cadmum
1017 502 1113 586 jubet
1133 502 1220 565 inve-

175 628 304 712 stigare.
338 623 439 697 Quod
449 623 527 686 dum
538 619 591 685 ille
601 620 689 696 facit,
702 620 734 682 in
747 619 876 683 Boeotia
889 642 908 683 e
920 620 1062 683 dentibus
1073 619 1221 683 draconis

176 744 272 808 occisi
286 743 369 807 satis·
379 749 574 805 enascuntur
582 738 730 814 homines,
740 739 930 822 quibuscum
940 737 993 803 ille
1005 737 1220 803 deindeThe-

175 865 232 927 bas
241 862 399 927 condidit.
432 859 521 923 Huic
534 880 599 921 non
613 858 741 921 omnino
752 857 838 922 felici
851 857 998 924 luctuosa
1008 859 1144 942 primum
1160 857 1221 922 fuit
1246 870 1250 879 '

175 980 339 1046 Actoeoais
360 982 488 1064 nepotis
511 980 545 1042 in
567 1001 689 1042 cervam
707 978 821 1041 mutati
844 976 1025 1055 dilaniati03
1049 1000 1122 1062 quae
1141 997 1220 1041 vero

175 1101 311 1179 Junoni,
327 1123 426 1184 quum
443 1099 583 1162 Semelen
598 1095 755 1181 pellicem,
775 1096 888 1159 Cadmi
910 1095 1019 1174 filiam,
1040 1106 1076 1159 ut
1093 1119 1219 1161 omnem

176 1219 340 1305 Agenoris
363 1220 502 1294 domum,
526 1218 656 1294 odisset,
679 1227 771 1300 grata
793 1216 872 1280 lirit:
896 1216 1033 1300 ideoque
1054 1217 1096 1280 ad
1117 1217 1219 1298 ipsam

176 1338 257 1402 facie
268 1338 393 1401 Beroea
408 1338 575 1413 accedens,
588 1335 663 1400 dolo
678 1335 795 1413 effecit,
812 1345 849 1399 ut
863 1334 917 1398 illa
930 1335 1021 1399 «lovis
1033 1333 1219 1399 fulminibus

176 1457 431 1520 combureretur.
469 1456 557 1519 Dum
572 1455 733 1531 Bacchus,
748 1477 766 1518 e
787 1451 928 1517 Semeles
943 1452 1108 1537 flagrantis
1125 1463 1219 1517 utero

176 1585 335 1651 servatus,
358 1575 390 1638 in
412 1575 505 1638 terris
533 1575 686 1651 nutritur,
706 1573 837 1658 Jupiter
859 1594 931 1637 cum
953 1571 1085 1636 «lunone
1110 1572 1221 1655 dispu-

176 1703 257 1769 tans,
278 1703 353 1756 utra
375 1692 415 1755 sit
429 1691 543 1755 Venus
564 1692 700 1766 suavior,
725 1690 880 1755 liresiam
899 1689 1033 1754 adhibet
1052 1690 1219 1767 arbitrum,

176 1810 437 1895 quandoquidem
454 1831 566 1876 sexum
580 1820 750 1893 utrumque
765 1808 871 1872 fuerat
885 1819 1049 1893 expertus.
1095 1808 1138 1886 Is,
1153 1809 1219 1873 lata

176 1940 288 1993 contra
304 1929 466 1993 lunonem
484 1930 651 2004 sententia,
668 1929 709 1992 ab
726 1926 781 1992 illa
798 1929 927 2013 quidem
941 1929 1011 1993 visu
1028 1929 1184 2013 privatus
1200 1951 1220 1992 a

176 2045 256 2113 Jove
272 2057 381 2112 autem
391 2048 584 2112 vaticinandi
598 2048 761 2113 scientiam
776 2057 966 2112 consecutus
978 2058 1036 2112 est.
1076 2047 1218 2111 Primum

123 2174 130 2185 “
176 2170 242 2252 ejus
263 2167 430 2233 oraculum
452 2170 485 2231 in
505 2169 661 2247 Narcisso
681 2169 924 2251 comprobatum
946 2165 1023 2229 fuit:
1048 2166 1103 2250 qui
1119 2188 1219 2249 quum

176 2265 299 2370 puellas
314 2310 435 2365 omnes,
451 2289 534 2352 inter
548 2311 628 2372 quas
643 2299 675 2352 et
690 2289 783 2352 Echo
799 2311 868 2372 prae
889 2289 1003 2353 amoris
1020 2287 1218 2371 impatientia

176 2406 207 2468 in
220 2427 328 2470 uocem
350 2404 456 2469 fuerat
478 2427 641 2483 conversa,
657 2407 886 2481 contemsisset,
903 2407 952 2470 sui
969 2406 1068 2490 ipsius
1086 2405 1217 2468 tandem

177 2548 283 2590 amore
302 2527 543 2603 contabescens,
548 2526 618 2611 flos
632 2536 681 2590 est
695 2511 798 2590 factus
814 2527 863 2588 sui
877 2525 1020 2588 nominis.
1059 2525 1218 2589 Pentheus

176 2654 282 2707 tamen
296 2654 401 2707 vatem
416 2643 502 2708 hunc
517 2644 689 2722 irridebat3
705 2666 887 2730 quanquam
902 2653 935 2707 et
950 2643 1012 2727 ipsi
1027 2643 1093 2706 fata
1108 2642 1218 2706 futura

138 2771 139 2774 ’
175 2763 383 2846 praedicebat,
413 2763 530 2846 quibus
559 2786 635 2827 mox
663 2773 795 2827 eventus
825 2763 984 2827 constitit:
1016 2783 1089 2824 nam
1118 2783 1217 2845 quum

176 2878 279 2965 Orgia
294 2879 542 2957 celebrarentur,
558 2880 611 2945 ille
626 2881 800 2957 Bacchum,
816 2883 875 2945 sub
890 2902 1029 2963 persona
1043 2879 1154 2944 famuli
1169 2901 1219 2942 sa-

175 3019 301 3062 crorum
314 2996 477 3076 latentem,
493 3010 664 3083 postquam
684 3001 864 3085 Tyrrhenos
878 3010 992 3064 nautas
1007 3001 1039 3062 in
1055 3000 1218 3085 martinos

175 3137 242 3180 esse
265 3116 507 3180 transformatos
529 3119 703 3182 abeodem
724 3128 928 3202 cognoverat,
949 3120 981 3181 in
997 3117 1124 3183 vincula
1141 3140 1218 3182 con-

172 3233 264 3315 jecit;
288 3235 332 3298 ob
349 3236 437 3319 quod
455 3234 577 3300 facinus
595 3260 614 3300 a
634 3236 773 3302 Bacchis
791 3247 840 3301 est
857 3238 1054 3321 discerptus3
1078 3239 1112 3302 id
1126 3239 1214 3323 quod

174 3371 320 3434 magnam
335 3352 423 3436 apud
438 3375 547 3416 omnes
562 3353 659 3417 fidem
674 3355 771 3418 sacris
787 3354 976 3419 conciliavit.

215 3468 291 3532 Lib.
308 3468 369 3533 IV.
393 3470 539 3535 Alcithoe
557 3483 663 3536 tamen
680 3484 713 3536 et
728 3495 865 3550 sorores,
880 3483 1064 3538 constanter
1082 3497 1121 3538 ea
1139 3497 1215 3538 con-

174 3596 362 3665 temnentes,
371 3589 449 3674 ipsis
461 3591 576 3655 diebus
585 3592 673 3656 festis
684 3591 822 3656 lanificio
832 3615 962 3677 operam
973 3593 1104 3669 dabant,
1117 3617 1214 3677 opus-

174 3724 234 3786 que
259 3703 410 3770 levabant
433 3707 557 3773 fabellis
579 3711 776 3788 enarrandis,
798 3713 839 3775 de
860 3712 1003 3798 Pyramo
1024 3723 1057 3776 et
1085 3713 1117 3775 T
1113 3713 1212 3790 hiala,

174 3843 308 3904 quorum
331 3826 485 3910 sanguine
510 3829 606 3893 moris
627 3831 720 3916 niger
744 3830 833 3895 color
855 3832 995 3908 additus,
1019 3833 1060 3897 de
1083 3832 1157 3896 Sole
1177 3833 1212 3896 in

175 3941 375 4025 Eurynomen
389 3965 492 4022 verso,
512 3956 549 4009 ut
565 3968 638 4010 cum
655 3947 844 4014 Leucothoe
865 3953 1101 4038 concumberet,
1118 3974 1213 4035 quam

175 4060 295 4125 obrem
313 4061 419 4146 Clytie
432 4063 579 4152 zelotypa
592 4067 625 4130 in
636 4068 855 4153 heliotropium
869 4079 1002 4146 mutata,
1015 4072 1154 4156 denique
1170 4072 1213 4136 de

176 4176 443 4267 Hermaphrodito
468 4194 501 4249 et
526 4184 706 4255 Sahnueide
730 4188 763 4251 in
787 4212 879 4253 anam
905 4213 1020 4277 corpas
1041 4194 1208 4259 concretis.
