2812 5010
175 329 241 396 326
468 324 507 395 Ρ.
532 328 693 405 OVIDII
718 328 930 396 NASONIS

178 505 299 602 Cujus
316 505 355 578 in
367 504 520 579 introitu
539 505 706 602 geminas
725 503 916 578 habitasse
935 528 1080 578 sorores

177 619 413 720 Phorcydas,
432 621 541 695 unius
559 621 716 719 partitas
733 619 882 692 luminis
901 641 1033 719 usum:

177 735 224 811 ld
242 762 284 812 se
301 738 429 811 solerti
445 737 584 824 furtim,
604 738 694 812 dum
711 737 881 824 traditur,
900 747 985 810 astu
1150 736 1225 807 775

179 853 384 953 Supposita
401 855 548 953 cepisse
565 879 699 944 manu3
729 877 873 953 perque
891 853 1019 927 abdita
1035 853 1160 948 longe,

179 970 386 1068 Deviaque,
405 982 444 1046 et
460 971 561 1045 silvis
579 971 768 1046 horrentia
785 994 878 1045 saxa
891 968 1049 1066 fragosis

179 1084 398 1182 Gorgoneas
415 1085 587 1182 tetigisse
605 1087 753 1177 domos;
776 1086 995 1185 passimque
1012 1107 1081 1182 per
1098 1106 1223 1180 agros,

177 1201 337 1300 Perque
346 1203 424 1277 vias
442 1203 581 1278 vidisse
599 1204 790 1305 hominurq
811 1203 1023 1288 simulacra,
1042 1200 1223 1275 ferarum·

177 1317 223 1390 In
242 1318 385 1392 silicem
403 1343 452 1392 ex
470 1319 561 1416 ipsis
577 1319 658 1392 visa
674 1342 855 1393 conversa
873 1316 1057 1393 Medusa:
1083 1344 1085 1348 ·
1131 1316 1223 1412 [que

178 1434 230 1508 Se
244 1445 370 1510 tamen
387 1436 593 1522 horrendae,
606 1434 731 1533 clypei
746 1435 848 1532 quod
865 1434 960 1508 laeva
974 1433 1134 1530 gerebat
1151 1435 1220 1504 781

177 1551 265 1626 AEre
283 1576 517 1652 repercusso,
536 1551 692 1626 fonnam
710 1552 905 1651 aspexisse
924 1550 1120 1625 Medusae:

179 1667 358 1765 Dumque
377 1669 499 1766 gravis
517 1693 670 1755 somnus
685 1669 936 1767 colubrasque
954 1669 1153 1767 ipsamque
1168 1673 1230 1738 te·.

179 1784 373 1884 Eripuisse
385 1798 501 1884 caput
515 1787 633 1877 collo;
653 1786 864 1886 pennisque
876 1784 1051 1882 fugacem
1078 1782 1222 1878 [nebat

210 1951 267 2000 773.
282 1950 675 2017 inintroitohabitabantlercy-
724 1966 821 2015 genum,
832 1964 903 2015 quem
917 1946 1016 2014 ceperit,
1026 1953 1051 1994 et
1060 1943 1107 1993 viae
1120 1942 1166 1994 sibi
1182 1942 1224 1992 du·

177 2024 675 2091 des,secnndumAEschylem,inlocosnb-
724 2041 778 2074 cern
788 2023 886 2088 elegerit
896 2024 1003 2072 Perseus.
1037 2020 1154 2084 Gorgones
1168 2027 1223 2074 tres,

177 2107 294 2155 terraneo,
313 2107 425 2163 erantque
444 2099 561 2158 custodes,
581 2101 674 2167 προφῦ-
725 2098 822 2155 Stheno,
834 2095 945 2161 Euryale,
956 2093 1068 2143 Medusa.
1101 2090 1141 2140 Ab
1156 2089 1224 2140 Hesi·

175 2175 259 2232 hatte,
270 2173 415 2238 Gorgonum.
442 2175 580 2239 Pherecydes,
589 2175 676 2226 Phorci
725 2173 770 2222 odo
782 2182 895 2222 vocantur
905 2172 1023 2231 ἄπλητοι,
1034 2167 1172 2218 inaccessa.
1195 2165 1225 2216 ld

96 2255 98 2258 ’
176 2255 202 2297 et
219 2247 294 2297 Cetus
311 2247 375 2304 filia,
385 2247 521 2313 Gorgonum
531 2265 629 2307 sorores,
644 2252 675 2301 ab
726 2246 797 2312 quale
807 2247 846 2304 sit,
857 2262 887 2295 ex
898 2246 923 2294 h.
933 2245 952 2295 1.
961 2243 1038 2294 intell.
1048 2252 1073 2293 et
1083 2242 1168 2307 procul
1180 2240 1223 2290 ha-

177 2329 230 2372 ortu
238 2324 529 2388 anus,ypatac,lactae,et
539 2324 594 2374 inde
604 2325 675 2376 Grae
724 2322 835 2372 bitabant
852 2319 982 2370 secundum
994 2317 1106 2382 AEschyl.
1122 2334 1138 2366 a
1152 2316 1223 2365 Phor·

177 2397 256 2446 dicte.
285 2397 676 2449 Goninasseuduashabetetiam
726 2396 834 2460 cydibus.
868 2397 928 2444 Saxo
946 2392 1003 2452 alibi
1019 2391 1160 2456 simpliciter
1176 2392 1224 2438 hor·

176 2470 276 2521 Hesiod·
294 2471 319 2520 d.
335 2471 353 2520 l.
373 2486 473 2536 querum
490 2473 587 2521 nomina
605 2474 676 2523 Pem-
726 2473 810 2527 realia,
821 2485 874 2534 qne
891 2476 970 2519 erecta
984 2467 1099 2524 eminent,
1110 2465 1161 2515 sed.
1172 2465 1196 2513 h.
1206 2465 1223 2512 l.

176 2545 266 2611 phredo
282 2553 306 2594 et
318 2545 400 2610 Eny03
416 2547 459 2594 sed
470 2561 484 2594 a
495 2545 587 2595 caeteris
601 2549 675 2614 scrip·
726 2545 842 2592 horrentia
851 2544 921 2600 silvis,
932 2541 998 2590 silvis
1011 2538 1172 2588 eminentibus
1185 2538 1224 2586 ob-

176 2619 266 2669 toribus
284 2619 380 2668 additur
398 2619 475 2677 tertia,
495 2620 568 2669 Dino.
594 2622 675 2679 Quum
726 2617 781 2666 sita.
805 2617 908 2683 Tangere
916 2618 996 2671 donans,
1006 2621 1131 2685 penetrare
1140 2611 1225 2661 adeas.

176 2703 244 2762 pater
260 2709 340 2743 earum
357 2710 372 2743 a
389 2695 481 2744 Graecis
498 2703 523 2744 ct
540 2695 633 2760 Φόρκυς
651 2705 675 2746 et
723 2691 772 2740 tna
790 2690 843 2758 ipsa
859 2708 921 2747 soso,
939 2703 1040 2754 quorum
1060 2685 1144 2735 multis
1161 2683 1222 2732 mire

178 2766 272 2833 Φόρκυς
282 2769 431 2825 scriberetur,
440 2768 544 2833 ipsarum
554 2785 640 2818 nomen
651 2777 675 2818 et
725 2765 803 2814 forsan
821 2765 910 2822 lormae,
932 2771 1023 2828 partem
1041 2760 1131 2810 sabulae
1156 2773 1223 2824 pepe·

177 2842 300 2890 Phorcidas
310 2852 335 2891 et
353 2843 482 2906 Phorcydes
496 2843 572 2892 efferri
588 2852 675 2908 potest.
725 2838 782 2887 risse
793 2837 910 2887 videntur.
943 2837 1072 2886 &malama
1088 2842 1114 2883 et
1130 2833 1225 2884 h.l.in·

169 2905 248 2984 -Hanc
265 2915 404 2979 scripturam
422 2915 495 2965 habet
512 2924 537 2965 et
554 2917 675 2966 Eratosth.
725 2913 811 2962 servire
825 2911 958 2978 periphrasi
974 2917 1045 2976 putet
1060 2910 1184 2959 Drakenb.
1194 2907 1224 2957 ad

175 2980 244 3035 illam
255 2988 296 3036 alii
307 2989 468 3054 praetulerunt.
501 2989 676 3055 Partitos,par·'
725 2986 818 3044 Silium,
828 3004 868 3036 xv.
877 2987 910 3035 86
917 3004 924 3047 3
940 2984 983 3036 sed
992 2999 1057 3033 nunc
1066 2985 1103 3034 vis
1115 2984 1166 3051 ejus
1176 2983 1225 3033 vul·

177 3060 271 3119 tientes,
297 3062 398 3112 vicissim
426 3079 454 3111 eo
481 3072 584 3120 utentes,
607 3065 677 3130 παρὰ
726 3061 789 3125 garis
798 3060 932 3111 retinenda.

177 3133 251 3200 μέρος
264 3135 375 3201 ’ἤμειβον
398 3135 532 3196 ἀλλήλαις,
560 3138 676 3202 Apollod.
760 3135 816 3184 781.
834 3133 1149 3198 Clypeiaere,clypecaeneo.
1170 3134 1224 3197 Cly·

177 3209 254 3258 Penes
265 3225 338 3274 quam
348 3209 431 3258 oculus
442 3217 500 3267 erat,
512 3226 542 3259 ea
551 3211 676 3276 vigilabat.
727 3225 784 3274 peos
803 3218 882 3257 autem
901 3210 1004 3259 Veteres
1023 3207 1147 3257 habebant
1167 3209 1223 3258 adeo

176 3282 328 3348 Pherecydes
337 3291 362 3332 et
372 3283 483 3347 AEschyl.
493 3283 592 3342 addunt,
603 3301 643 3335 eas
652 3294 678 3336 et
726 3282 820 3348 politos,
832 3289 859 3331 nt
872 3281 904 3330 iis
920 3297 962 3348 pro
978 3280 1083 3346 speculis
1101 3290 1225 3332 uterentur.

177 3357 248 3408 unius
262 3357 341 3407 dentis
354 3373 424 3406 usum
438 3357 545 3422 partitas,
557 3358 676 3424 μονόδον-
728 3356 880 3418 Reperoossus
888 3356 973 3412 active,
980 3355 1149 3422 repercutiens.
1164 3356 1224 3406 Vide

176 3450 224 3491 τες.
268 3433 331 3481 Dum
357 3434 466 3490 traditur,
489 3433 515 3483 ἐν
542 3433 678 3498 παραδόσει
727 3429 758 3478 ad
769 3447 793 3478 x.
807 3432 862 3478 184.
896 3430 963 3496 Opus
975 3437 1055 3478 autem
1066 3438 1119 3479 erat
1129 3431 1175 3480 bac
1183 3430 1225 3479 cin

176 3504 295 3554 Eratosth.
328 3508 456 3568 supposita,
467 3505 544 3570 posita
559 3507 583 3554 in
598 3507 678 3557 locum
727 3505 916 3569 conspectione:
938 3520 993 3553 nam
1014 3503 1155 3570 quicunque
1174 3505 1225 3553 Me-

176 3595 261 3629 manus
271 3581 410 3646 Phorcydis.
426 3581 677 3648 Interceptumearum
728 3578 811 3627 dusam
829 3587 979 3644 aspexerunt,
987 3578 1084 3628 λαΐνεοι
1097 3578 1225 3638 τεθνεῶτες

176 3654 272 3704 oculum
289 3655 395 3720 promisit
410 3671 436 3704 se
451 3671 502 3704 csse
520 3655 676 3714 redditurum,
726 3651 871 3712 ἓστήκασινε
891 3653 1010 3718 Orpheus.
1031 3653 1106 3718 Apud
1118 3654 1225 3711 eundem,

177 3729 197 3776 si
211 3729 256 3778 sibi
266 3729 330 3779 viam
345 3730 376 3778 ad
391 3729 517 3794 Nymphas
533 3729 678 3780 demonstra·
726 3727 828 3776 Perseus
841 3743 894 3777 eam
908 3743 954 3775 non
965 3726 1131 3785 dormientem,
1141 3727 1183 3777 sed
1192 3727 1224 3777 ri·

177 3810 238 3860 rent,
249 3819 263 3852 a
274 3802 361 3868 quibus
377 3802 469 3859 talaria,
479 3802 572 3867 galeam
589 3810 613 3851 et
623 3819 677 3868 par·
726 3801 840 3866 gilantem
851 3817 956 3850 aversam
967 3800 1069 3850 invadit.

177 3891 240 3924 mam
252 3876 283 3926 ad
293 3877 461 3926 debellandam
472 3876 600 3928 Medusam
614 3876 679 3926 acci·
760 3876 815 3923 784.
834 3876 950 3937 Ενίριιίεεε
967 3876 1032 3932 collo,
1049 3882 1078 3923 ut
1094 3875 1176 3925 Valet.
1192 3875 1225 3924 Fl.

176 3958 250 4015 peret.
279 3949 679 4015 quuodsactum3Apollodorus.
729 3947 759 3997 vi.
771 3949 827 3998 619.
861 3949 938 4010 Caput
950 3952 1018 4011 eripit
1028 3949 1115 3998 Auchi.
1146 3950 1224 4007 Quum

178 4021 255 4070 Aliter
272 4021 437 4072 Eratosthenes
454 4031 480 4072 et
496 4023 585 4087 Hygia.
617 4024 679 4073 Turn
728 4030 801 4088 capnt
811 4022 925 4073 Mednse,
937 4038 993 4072 ense
1007 4023 1097 4072 falcato
1106 4023 1224 4089 amputes

177 4094 286 4160 Palaeph.
304 4104 393 4152 monet,
411 4096 474 4145 hunc
493 4097 587 4145 oculum
605 4096 678 4150 tuisse
728 4103 772 4153 set,
785 4096 850 4144 illico
867 4096 975 4162 prosiluit
988 4100 1070 4161 pennis
1078 4097 1168 4162 fagea,
1178 4097 1223 4148 ala-

176 4167 293 4218 hominem
299 4168 447 4234 prudentem,
452 4169 610 4223 consiliarium
617 4170 677 4220 Gor·
727 4177 774 4228 tos,
786 4171 895 4236 Pegasus,
910 4178 936 4220 et
944 4169 1027 4235 frater
1038 4170 1167 4236 Chrysaor,
1177 4172 1222 4222 Ge·
