2812 5010
186 328 251 395 186
468 325 509 391 Ρ.
534 324 696 391 OVIDII
721 325 933 393 NASONIS

183 505 306 579 Corve
323 502 477 599 loquare,
493 500 618 575 subito
635 501 826 598 nigrantes
846 527 973 578 versus
991 504 1029 577 in
1048 505 1141 579 alas.
1161 510 1233 582 535

183 622 284 696 Nam
302 618 374 693 fuit
391 619 472 693 haee
491 618 680 716 quondam
698 618 816 693 niveis
834 629 1016 716 argentea
1032 621 1167 719 pennis

179 738 286 825 Ales,
303 747 346 810 ut
364 745 533 833 aequaret
550 743 648 808 totas
666 734 747 808 sine
766 735 851 808 labe
870 735 1087 835 columbas;

182 854 266 929 Nec
285 850 486 929 servaturis
503 849 605 946 vigili
625 849 816 948 Capitolia
833 876 925 925 voce

182 970 349 1047 Cederet
367 967 584 1055 anseribus;
614 990 683 1039 nec
702 967 842 1041 amanti
859 968 1016 1042 flumina
1032 993 1166 1067 cycno.

182 1087 329 1182 Lingua
346 1084 417 1159 fuit
433 1085 592 1158 damno:
624 1084 753 1180 lingua
770 1085 931 1159 faciente
948 1086 1112 1182 loquaci,
1159 1091 1234 1160 540

182 1204 257 1277 Cui
275 1204 378 1277 color
397 1202 505 1275 albus
521 1209 613 1286 erat,
630 1224 729 1272 nunc
748 1211 806 1273 est
824 1203 1031 1275 contrarius
1050 1203 1149 1277 albo.

232 1318 429 1394 Pulchrior
447 1317 484 1389 in
502 1326 594 1403 tota,
614 1339 727 1413 quam
748 1315 931 1391 Larissaea
949 1317 1122 1406 Coronis,

182 1437 219 1511 N
222 1463 271 1510 on
295 1436 364 1508 fuit
382 1431 600 1505 Haemonia:
630 1431 772 1529 placuit
795 1433 874 1519 tibi,
894 1433 1092 1532 Delphice,
1113 1446 1229 1522 certe,

182 1554 284 1627 Dum
299 1550 356 1624 vcl
375 1560 480 1622 casta
494 1548 574 1634 fuit,
591 1549 649 1621 vel
664 1549 919 1625 inobservata:
948 1552 1016 1624 sed
1034 1552 1112 1625 ales

183 1668 312 1743 Sensit
330 1663 555 1739 adulterium
574 1663 800 1753 Phoebeius;
822 1675 939 1762 utque
957 1666 1138 1741 latentem
1157 1672 1231 1741 545

211 1886 268 1933 536.
286 1883 416 1947 Merserit,
427 1883 487 1946 ete]
507 1885 580 1930 Aliter
591 1897 620 1929 ex
632 1882 679 1930 dis-
729 1893 812 1948 genten
834 1887 915 1946 pennis
935 1885 1052 1932 olea—eui
1078 1885 1139 1931 colm-
1165 1886 1232 1933 arom

180 1958 269 2023 riplinn
280 1972 396 2020 augurum
407 1955 549 2004 dicebantur
565 1971 621 2003 aves
635 1971 678 2003 au·
729 1967 790 2005 erar.
825 1958 961 2006 Contrarias
969 1975 1011 2007 sen
1019 1958 1087 2022 niger
1098 1959 1163 2008 color
1173 1959 1230 2008 inde

179 2032 272 2097 gurales
283 2030 391 2095 majores,
399 2029 423 2077 in
435 2030 521 2093 quibus
530 2045 621 2085 corvus,
631 2031 678 2078 aler
729 2030 807 2080 dictus
815 2040 851 2080 est
859 2035 971 2089 emmaus,
979 2041 1003 2082 et
1012 2032 1086 2097 κόρον
1093 2033 1184 2082 Graecio
1195 2042 1231 2083 est

183 2107 297 2153 l'lnnbeius
319 2105 382 2167 (ver.
402 2101 471 2164 545.)
491 2103 508 2151 1.
529 2119 551 2150 c.
570 2101 677 2167 Apollini
727 2104 816 2170 μέλαν.
850 2107 932 2154 Burm.

177 2194 244 2227 ancer
255 2187 279 2225 et
289 2185 379 2240 gratus,
391 2179 416 2225 in
426 2178 494 2242 cujus
504 2176 576 2226 etiarn
591 2192 677 2226 corona
760 2180 818 2228 542.
846 2179 979 2237 Pulchrior,
1002 2180 1062 2243 etc.]
1091 2177 1228 2244 Ἰμερόεσσα

177 2253 299 2301 unientem
316 2251 407 2299 nummi
422 2252 543 2300 exhibent.
577 2251 677 2301 Condidi
728 2255 839 2318 Κορωνὶς
859 2253 946 2302 dicitur
969 2254 995 2302 in
1017 2254 1113 2303 oraculo
1135 2251 1229 2318 Pythioe

177 2325 675 2390 corvi,etiamhodicsrequentesreperiun-
727 2327 790 2392 apud
802 2329 957 2385 Pausaniam,
967 2346 993 2394 p.
1005 2330 1058 2377 171.
1094 2329 1171 2383 Quom
1181 2328 1229 2376 Lo·

178 2411 215 2450 tur
226 2400 251 2449 in
261 2401 328 2448 terris
338 2399 488 2458 borealibus3
507 2415 585 2463 neque
596 2408 676 2447 tamen
726 2405 800 2450 rium
812 2403 914 2452 Coronis.
942 2405 1004 2452 Duae
1020 2404 1115 2452 luerunt
1130 2403 1228 2453 Coroni·

176 2475 211 2523 illi
223 2473 264 2522 toti
276 2473 366 2529 albent,
373 2473 415 2520 sed
427 2473 492 2536 nigro
503 2472 574 2521 colori
584 2472 675 2520 admix-
726 2476 776 2533 des,
787 2493 890 2541 quarum
902 2480 978 2527 altera
988 2480 1018 2526 ab
1026 2479 1147 2543 Apolline,
1157 2479 1232 2526 altera

177 2558 227 2597 tum
244 2546 333 2594 habent
353 2546 494 2594 candidum:
513 2546 567 2594 vide
585 2547 674 2595 Mulle·
727 2551 865 2616 aNeptuno
876 2551 922 2601 luit
931 2553 1050 2601 adamata.

176 2638 227 2671 rurn
238 2619 269 2668 ad
280 2619 364 2666 linnei
375 2621 436 2683 Syst.
447 2621 505 2668 Nat.
517 2628 537 2667 t.
546 2619 571 2669 ii.
583 2637 608 2685 p.
622 2621 676 2669 171.
759 2626 816 2673 543.
841 2626 968 2683 Haemonia,
983 2625 1107 2674 Thessalia
1121 2625 1184 2688 (vid.
1199 2626 1231 2675 ad

175 2696 223 2745 Sed
232 2693 298 2752 olim,
306 2709 335 2741 ex
347 2694 456 2758 opinione
466 2703 552 2759 poetae,
563 2695 613 2743 haec
625 2696 675 2743 alen
726 2697 742 2746 i.
753 2698 822 2762 568.)
834 2700 902 2765 cujus
913 2702 968 2748 urbs
979 2699 1125 2748 nobilissima
1136 2700 1230 2749 larissa

177 2779 228 2819 crat
239 2772 309 2818 niveis
323 2778 432 2832 argentea
441 2772 530 2831 pennis,
542 2768 557 2815 1.
567 2784 588 2817 e.
600 2769 674 2818 niveae
725 2773 756 2821 ad
774 2774 879 2823 Peneum
898 2790 1000 2822 amnem.
1034 2773 1122 2822 Omnia
1140 2773 1166 2822 in
1183 2775 1229 2822 hac

176 2862 218 2895 reu
239 2843 347 2892 candidae
367 2842 418 2908 ejus
439 2859 522 2907 pennae
541 2843 675 2892 referebant
725 2847 773 2895 lab.
782 2863 811 2895 ex
819 2848 925 2896 Arcadia
933 2849 1049 2896 translata
1057 2856 1112 2896 sunt
1122 2847 1229 2896 inThes·

177 2920 279 2969 colorem
289 2917 388 2982 argenti.
420 2916 468 2966 Sic.
479 2917 512 2966 iii.
521 2919 583 2966 406:
596 2922 675 2968 nitida
725 2920 818 2969 saliam.
845 2923 909 2971 Vide
924 2924 1055 2971 Burmann.
1066 2921 1098 2970 ad
1109 2938 1160 2970 ver.
1172 2923 1231 2971 599.

177 2997 386 3057 argentatuundir.
725 2995 881 3059 etHeynium
896 2996 927 3043 ad
937 2995 1051 3060 Apollod.
1064 2994 1089 3044 d.
1099 2995 1119 3042 l.
1152 2997 1230 3054 Carta,

208 3070 265 3119 537.
282 3070 336 3116 Sine
347 3068 416 3131 labe]
435 3067 490 3115 Sine
506 3068 601 3116 macula
609 3068 676 3132 nigra
725 3086 779 3133 quae
791 3086 837 3117 non
847 3086 898 3118 rem
913 3069 996 3118 habuit
1012 3085 1067 3118 curn
1082 3068 1129 3133 alio
1144 3078 1231 3135 preter

177 3153 217 3195 aut
226 3144 384 3191 alimentaria.
417 3140 676 3191 Schirach.sinecausa
725 3143 870 3208 Apollinem.

177 3230 234 3269 totus
243 3216 330 3266 mutari
339 3217 433 3264 volebat
442 3216 467 3264 in
479 3226 547 3265 torres.
580 3217 676 3265 Etenim
758 3218 814 3266 545.
837 3218 912 3265 Sentit
931 3217 1093 3279 adulterium]
1125 3216 1229 3266 Corvum

177 3295 288 3343 rotaesine
297 3293 354 3348 labe,
364 3307 417 3355 quae
428 3291 451 3338 in
461 3299 509 3338 toto
519 3292 674 3355 corporenul-
724 3290 811 3354 Apollo
828 3291 950 3339 custodem
967 3289 1090 3339 addiderat
1107 3290 1229 3348 Coronidi,

178 3370 225 3417 lam
244 3367 362 3414 maculam
384 3365 481 3420 habent,
503 3364 675 3428 significantius
725 3380 755 3412 ne
773 3364 825 3428 quie
842 3380 895 3413 eam
910 3365 1018 3412 violaret.
1038 3363 1128 3428 Hygin.
1161 3365 1228 3413 Plroe·

176 3450 212 3492 est
222 3441 358 3506 conjectura
368 3439 417 3487 illa.
439 3441 478 3488 De
489 3442 605 3488 anseribus
615 3449 673 3489 tern-
725 3441 787 3486 belus
808 3441 870 3497 ales,
898 3454 981 3487 corvus
1002 3447 1097 3504 propter
1118 3439 1228 3502 auguria,

174 3531 229 3583 pore
248 3514 334 3563 Manlii
352 3512 497 3579 Capitolium
518 3514 673 3570 servantibus,
725 3512 847 3569 vaticinia,
869 3513 995 3578 praesagia,
1016 3512 1125 3578 Apollini
1152 3529 1230 3561 sacer.

175 3587 358 3640 ascendentibus
377 3586 464 3642 Gallis,
483 3603 520 3634 res
538 3597 594 3636 nota
608 3603 621 3635 e
635 3588 673 3635 Li·
727 3586 826 3635 Tendere
842 3592 897 3642 iter,
911 3604 1010 3641 cruam,
1020 3589 1117 3651 sugam,
1130 3587 1230 3651 phrases

176 3666 214 3714 vio
236 3682 259 3711 v.
278 3665 317 3710 47.
350 3663 413 3710 llinc
437 3663 533 3710 Lucret.
555 3663 587 3709 iv.
610 3664 673 3710 687:
725 3662 852 3720 solennes;
881 3661 1104 3724 subintelligendam
1126 3677 1180 3709 esse
1202 3660 1228 3710 in

177 3740 352 3789 lhnnulidarum
369 3741 429 3786 orcis
443 3748 552 3793 moeror,
563 3740 674 3785 eorrrlidur
724 3735 760 3783 hin
778 3736 897 3800 praeposit,
912 3753 960 3796 per,
977 3744 1056 3783 monet
1073 3735 1181 3784 Perizon.
1196 3736 1228 3784 ad

173 3830 247 3868 ωηεν,
256 3827 327 3875 quem
339 3811 416 3859 locum
428 3811 515 3859 Noster
526 3811 589 3858 haud
601 3811 673 3859 dubie
723 3809 1081 3874 85115ῑί1Μίῃ.111.111.ρ.305.
1104 3810 1228 3858 Drakenb.

174 3896 229 3939 aute
247 3884 328 3933 oculos
344 3884 434 3932 habuit.
467 3883 579 3933 Jucunde
594 3893 672 3931 autern
724 3883 754 3931 ad
772 3884 814 3931 Sil.
830 3901 853 3932 x.
868 3885 907 3931 73.
923 3883 1035 3947 explicat,
1051 3883 1155 3931 celerare
1173 3899 1228 3930 cur-

175 3966 216 4013 hoa
226 3958 356 4010 nominavit
366 3975 408 4022 pro
418 3961 535 4006 caesoribus
544 3957 568 4005 in
579 3975 673 4020 genere.
722 3974 782 4005 sum.
816 3958 953 4006 Celeritatis
964 3957 1028 4004 notio
1040 3957 1112 4005 etiam
1124 3956 1186 4004 inest
1200 3957 1227 4006 in

179 4040 301 4099 lanpuurem
322 4035 425 4095 lirrgrrom
441 4032 518 4085 ,etiam
539 4042 614 4096 poetae
633 4032 671 4082 hic
723 4035 786 4078 unitis
796 4033 849 4079 ulis.
884 4034 984 4079 Scitetur
996 4036 1116 4086 ulomaiu,
1129 4031 1227 4079 Garruli

174 4106 318 4163 nlnarvabis,
332 4105 350 4151 si
363 4106 491 4153 attenderis
502 4105 530 4153 ad
543 4105 593 4160 illa,
604 4124 670 4168 quma
723 4106 787 4152 enim
797 4114 821 4152 et
831 4104 915 4153 curiosi
927 4114 982 4153 sunt
994 4121 1069 4153 rerum
1082 4103 1225 4155 alienarum:

175 4188 286 4237 rnvrdidnr
302 4189 354 4227 onte
365 4180 531 4243 ⁸t'uisser-—jin't
551 4183 620 4228 niueis
634 4199 670 4226 nr·
720 4181 818 4241 garrpln
829 4183 915 4235 corana,
924 4178 1044 4244 λακέρυζα
1059 4177 1162 4243 κορώνη.
1175 4176 1226 4226 lle·
