<?xml version="1.0" encoding="UTF-8"?>
<!DOCTYPE html PUBLIC "-//W3C//DTD XHTML 1.0 Transitional//EN"
    "http://www.w3.org/TR/xhtml1/DTD/xhtml1-transitional.dtd">
<html xmlns="http://www.w3.org/1999/xhtml" xml:lang="en" lang="en">
 <head>
  <title>
</title>
<meta http-equiv="Content-Type" content="text/html;charset=utf-8" />
  <meta name='ocr-system' content='tesseract 3.04.00' />
  <meta name='ocr-capabilities' content='ocr_page ocr_carea ocr_par ocr_line ocrx_word'/>
</head>
<body>
  <div class='ocr_page' id='page_1' title='image "./povidiinasoniso04burmgoog_0162.png"; bbox 0 0 2812 5010; ppageno 0'>
   <div class='ocr_carea' id='block_1_1' title="bbox 369 332 1219 399">
    <p class='ocr_par' dir='ltr' id='par_1_1' title="bbox 369 332 1219 399">
     <span class='ocr_line' id='line_1_1' title="bbox 369 332 1219 399; baseline 0.001 -2"><span class='ocrx_word' id='word_1_1' title='bbox 369 332 839 399; x_wconf 86' lang='lat' dir='ltr'>METAMORPHOSEON</span> <span class='ocrx_word' id='word_1_2' title='bbox 863 333 953 398; x_wconf 88' lang='lat' dir='ltr'>LIB.</span> <span class='ocrx_word' id='word_1_3' title='bbox 978 333 1028 398; x_wconf 91' lang='grc' dir='ltr'><strong>ΙΙ.</strong></span> <span class='ocrx_word' id='word_1_4' title='bbox 1157 334 1219 399; x_wconf 92' lang='grc'>151</span> 
     </span>
    </p>
   </div>
   <div class='ocr_carea' id='block_1_2' title="bbox 179 502 1220 953">
    <p class='ocr_par' dir='ltr' id='par_1_2' title="bbox 181 502 1098 724">
     <span class='ocr_line' id='line_1_2' title="bbox 183 502 1098 606; baseline 0.004 -29"><span class='ocrx_word' id='word_1_5' title='bbox 183 502 382 603; x_wconf 90' lang='lat' dir='ltr'>Perspicit;</span> <span class='ocrx_word' id='word_1_6' title='bbox 412 530 504 580; x_wconf 91' lang='lat' dir='ltr'>ecce</span> <span class='ocrx_word' id='word_1_7' title='bbox 520 506 609 602; x_wconf 89' lang='lat' dir='ltr'>vigil</span> <span class='ocrx_word' id='word_1_8' title='bbox 626 508 737 582; x_wconf 90' lang='lat' dir='ltr'>rutilo</span> <span class='ocrx_word' id='word_1_9' title='bbox 755 506 933 606; x_wconf 83' lang='lat' dir='ltr'><strong>patefecit</strong></span> <span class='ocrx_word' id='word_1_10' title='bbox 950 509 998 582; x_wconf 96' lang='lat' dir='ltr'>ab</span> <span class='ocrx_word' id='word_1_11' title='bbox 1015 517 1098 581; x_wconf 89' lang='lat' dir='ltr'>ortu</span> 
     </span>
     <span class='ocr_line' id='line_1_3' title="bbox 181 617 1054 724; baseline 0.007 -33"><span class='ocrx_word' id='word_1_12' title='bbox 181 617 391 717; x_wconf 86' lang='lat' dir='ltr'>Purpureas</span> <span class='ocrx_word' id='word_1_13' title='bbox 409 620 555 696; x_wconf 89' lang='lat' dir='ltr'>Aurora</span> <span class='ocrx_word' id='word_1_14' title='bbox 571 622 681 710; x_wconf 75' lang='lat' dir='ltr'>soree,</span> <span class='ocrx_word' id='word_1_15' title='bbox 700 630 741 698; x_wconf 90' lang='lat' dir='ltr'>et</span> <span class='ocrx_word' id='word_1_16' title='bbox 757 623 871 724; x_wconf 89' lang='lat' dir='ltr'>plena</span> <span class='ocrx_word' id='word_1_17' title='bbox 887 646 1054 697; x_wconf 88' lang='lat' dir='ltr'>rosarum</span> 
     </span>
    </p>

    <p class='ocr_par' dir='ltr' id='par_1_3' title="bbox 179 734 1220 953">
     <span class='ocr_line' id='line_1_4' title="bbox 179 734 1171 839; baseline 0.003 -31"><span class='ocrx_word' id='word_1_18' title='bbox 179 734 304 809; x_wconf 85' lang='lat' dir='ltr'>Atria:</span> <span class='ocrx_word' id='word_1_19' title='bbox 333 735 535 833; x_wconf 87' lang='lat' dir='ltr'>diffugiunt</span> <span class='ocrx_word' id='word_1_20' title='bbox 553 738 695 828; x_wconf 83' lang='lat' dir='ltr'>stellae3</span> <span class='ocrx_word' id='word_1_21' title='bbox 724 762 884 839; x_wconf 87' lang='lat' dir='ltr'>quarum</span> <span class='ocrx_word' id='word_1_22' title='bbox 902 738 1052 835; x_wconf 87' lang='lat' dir='ltr'>agmina</span> <span class='ocrx_word' id='word_1_23' title='bbox 1069 738 1171 834; x_wconf 83' lang='lat' dir='ltr'>cogit</span> 
     </span>
     <span class='ocr_line' id='line_1_5' title="bbox 179 849 1220 953; baseline 0.002 -30"><span class='ocrx_word' id='word_1_24' title='bbox 179 849 337 937; x_wconf 83' lang='lat' dir='ltr'><strong>Lucifer,</strong></span> <span class='ocrx_word' id='word_1_25' title='bbox 357 862 396 925; x_wconf 90' lang='lat' dir='ltr'>et</span> <span class='ocrx_word' id='word_1_26' title='bbox 412 853 498 953; x_wconf 84' lang='lat' dir='ltr'>coeli</span> <span class='ocrx_word' id='word_1_27' title='bbox 516 854 678 928; x_wconf 88' lang='lat' dir='ltr'>statione</span> <span class='ocrx_word' id='word_1_28' title='bbox 695 854 919 928; x_wconf 86' lang='lat' dir='ltr'>novissimus</span> <span class='ocrx_word' id='word_1_29' title='bbox 937 855 1029 930; x_wconf 86' lang='lat' dir='ltr'>exit.</span> <span class='ocrx_word' id='word_1_30' title='bbox 1150 858 1220 926; x_wconf 87' lang='lat'>115</span> 
     </span>
    </p>
   </div>
   <div class='ocr_carea' id='block_1_3' title="bbox 174 965 1257 1648">
    <p class='ocr_par' dir='ltr' id='par_1_4' title="bbox 176 965 1178 1301">
     <span class='ocr_line' id='line_1_6' title="bbox 177 965 1178 1066; baseline 0.003 -27"><span class='ocrx_word' id='word_1_31' title='bbox 177 965 226 1040; x_wconf 85' lang='lat' dir='ltr'>At</span> <span class='ocrx_word' id='word_1_32' title='bbox 242 976 353 1064; x_wconf 88' lang='lat' dir='ltr'>pater</span> <span class='ocrx_word' id='word_1_33' title='bbox 370 978 414 1042; x_wconf 90' lang='lat' dir='ltr'>ut</span> <span class='ocrx_word' id='word_1_34' title='bbox 431 978 561 1056; x_wconf 75' lang='lat' dir='ltr'>terrae,</span> <span class='ocrx_word' id='word_1_35' title='bbox 580 969 840 1066; x_wconf 91' lang='lat' dir='ltr'>mundumque</span> <span class='ocrx_word' id='word_1_36' title='bbox 856 972 1057 1045; x_wconf 89' lang='lat' dir='ltr'>rubescere</span> <span class='ocrx_word' id='word_1_37' title='bbox 1074 969 1178 1056; x_wconf 90' lang='lat' dir='ltr'>vidit,</span> 
     </span>
     <span class='ocr_line' id='line_1_7' title="bbox 179 1081 1112 1190; baseline 0.005 -36"><span class='ocrx_word' id='word_1_38' title='bbox 179 1081 406 1181; x_wconf 75' lang='lat' dir='ltr'><strong>Cornuaque</strong></span> <span class='ocrx_word' id='word_1_39' title='bbox 424 1094 603 1159; x_wconf 85' lang='lat' dir='ltr'>extremae</span> <span class='ocrx_word' id='word_1_40' title='bbox 621 1085 724 1190; x_wconf 88' lang='lat' dir='ltr'>velut</span> <span class='ocrx_word' id='word_1_41' title='bbox 742 1109 965 1160; x_wconf 88' lang='lat' dir='ltr'>evanescere</span> <span class='ocrx_word' id='word_1_42' title='bbox 984 1084 1112 1171; x_wconf 87' lang='lat' dir='ltr'>Lunae,</span> 
     </span>
     <span class='ocr_line' id='line_1_8' title="bbox 176 1197 1142 1301; baseline 0.003 -31"><span class='ocrx_word' id='word_1_43' title='bbox 176 1197 343 1294; x_wconf 85' lang='lat' dir='ltr'>lungere</span> <span class='ocrx_word' id='word_1_44' title='bbox 360 1223 478 1298; x_wconf 91' lang='lat' dir='ltr'>equos</span> <span class='ocrx_word' id='word_1_45' title='bbox 496 1200 609 1276; x_wconf 83' lang='lat' dir='ltr'>Titan</span> <span class='ocrx_word' id='word_1_46' title='bbox 627 1200 819 1276; x_wconf 86' lang='lat' dir='ltr'>velocibus</span> <span class='ocrx_word' id='word_1_47' title='bbox 837 1201 998 1301; x_wconf 85' lang='lat' dir='ltr'>imperat</span> <span class='ocrx_word' id='word_1_48' title='bbox 1016 1199 1142 1273; x_wconf 90' lang='lat' dir='ltr'>Horis.</span> 
     </span>
    </p>

    <p class='ocr_par' dir='ltr' id='par_1_5' title="bbox 174 1313 1257 1648">
     <span class='ocr_line' id='line_1_9' title="bbox 177 1313 1220 1419; baseline 0.002 -33"><span class='ocrx_word' id='word_1_49' title='bbox 177 1313 198 1385; x_wconf 91' lang='lat' dir='ltr'>J</span> <span class='ocrx_word' id='word_1_50' title='bbox 201 1338 292 1389; x_wconf 84' lang='lat' dir='ltr'>ussa</span> <span class='ocrx_word' id='word_1_51' title='bbox 307 1315 400 1390; x_wconf 85' lang='lat' dir='ltr'>Deae</span> <span class='ocrx_word' id='word_1_52' title='bbox 417 1318 561 1392; x_wconf 84' lang='lat' dir='ltr'>celeres</span> <span class='ocrx_word' id='word_1_53' title='bbox 575 1329 777 1419; x_wconf 82' lang='lat' dir='ltr'>peragunt3</span> <span class='ocrx_word' id='word_1_54' title='bbox 798 1320 1001 1417; x_wconf 85' lang='lat' dir='ltr'>ignemque</span> <span class='ocrx_word' id='word_1_55' title='bbox 1015 1325 1220 1401; x_wconf 61' lang='lat' dir='ltr'>vomentem</span> 
     </span>
     <span class='ocr_line' id='line_1_10' title="bbox 178 1429 1257 1535; baseline 0.001 -33"><span class='ocrx_word' id='word_1_56' title='bbox 178 1429 386 1505; x_wconf 84' lang='lat' dir='ltr'>Ambrosiae</span> <span class='ocrx_word' id='word_1_57' title='bbox 404 1458 518 1508; x_wconf 90' lang='lat' dir='ltr'>succo</span> <span class='ocrx_word' id='word_1_58' title='bbox 537 1444 695 1522; x_wconf 89' lang='lat' dir='ltr'>saturos,</span> <span class='ocrx_word' id='word_1_59' title='bbox 715 1434 948 1535; x_wconf 86' lang='lat' dir='ltr'>praesepibus</span> <span class='ocrx_word' id='word_1_60' title='bbox 966 1433 1051 1508; x_wconf 88' lang='lat' dir='ltr'>altis</span> <span class='ocrx_word' id='word_1_61' title='bbox 1152 1437 1223 1504; x_wconf 87' lang='lat'>120</span> <span class='ocrx_word' id='word_1_62' title='bbox 1252 1480 1257 1485; x_wconf 90' lang='lat'><em>-</em></span> 
     </span>
     <span class='ocr_line' id='line_1_11' title="bbox 174 1543 1197 1648; baseline 0.001 -29"><span class='ocrx_word' id='word_1_63' title='bbox 174 1543 447 1645; x_wconf 83' lang='lat' dir='ltr'>Quadrupedes</span> <span class='ocrx_word' id='word_1_64' title='bbox 464 1549 629 1637; x_wconf 89' lang='lat' dir='ltr'>ducunt;</span> <span class='ocrx_word' id='word_1_65' title='bbox 659 1549 880 1648; x_wconf 83' lang='lat' dir='ltr'>adduntque</span> <span class='ocrx_word' id='word_1_66' title='bbox 894 1549 1067 1624; x_wconf 88' lang='lat' dir='ltr'>sonantia</span> <span class='ocrx_word' id='word_1_67' title='bbox 1079 1548 1197 1622; x_wconf 83' lang='lat' dir='ltr'>frena.</span> 
     </span>
    </p>
   </div>
   <div class='ocr_carea' id='block_1_4' title="bbox 210 1874 1226 1942">
    <p class='ocr_par' dir='ltr' id='par_1_6' title="bbox 210 1874 1226 1942">
     <span class='ocr_line' id='line_1_12' title="bbox 210 1874 1226 1942; baseline -0.001 -21"><span class='ocrx_word' id='word_1_68' title='bbox 210 1874 266 1922; x_wconf 94' lang='grc'><strong>113.</strong></span> <span class='ocrx_word' id='word_1_69' title='bbox 282 1880 376 1922; x_wconf 80' lang='lat' dir='ltr'>Aurora</span> <span class='ocrx_word' id='word_1_70' title='bbox 391 1881 415 1923; x_wconf 88' lang='lat' dir='ltr'>et</span> <span class='ocrx_word' id='word_1_71' title='bbox 430 1874 482 1939; x_wconf 82' lang='lat' dir='ltr'>ipsa</span> <span class='ocrx_word' id='word_1_72' title='bbox 497 1874 620 1940; x_wconf 71' lang='lat' dir='ltr'>quadrigis</span> <span class='ocrx_word' id='word_1_73' title='bbox 636 1883 677 1924; x_wconf 88' lang='lat' dir='ltr'>aut</span> <span class='ocrx_word' id='word_1_74' title='bbox 727 1884 809 1942; x_wconf 85' lang='lat' dir='ltr'>poetas</span> <span class='ocrx_word' id='word_1_75' title='bbox 823 1877 910 1941; x_wconf 85' lang='lat' dir='ltr'>passim</span> <span class='ocrx_word' id='word_1_76' title='bbox 925 1875 1037 1926; x_wconf 88' lang='lat' dir='ltr'>dicuntur</span> <span class='ocrx_word' id='word_1_77' title='bbox 1052 1875 1169 1930; x_wconf 74' lang='lat' dir='ltr'>meritare,</span> <span class='ocrx_word' id='word_1_78' title='bbox 1179 1882 1226 1921; x_wconf 82' lang='lat' dir='ltr'>tta·</span> 
     </span>
    </p>
   </div>
   <div class='ocr_carea' id='block_1_5' title="bbox 177 1946 684 3570">
    <p class='ocr_par' dir='ltr' id='par_1_7' title="bbox 177 1946 682 2754">
     <span class='ocr_line' id='line_1_13' title="bbox 177 1946 676 2012; baseline 0.002 -15"><span class='ocrx_word' id='word_1_79' title='bbox 177 1946 238 2012; x_wconf 84' lang='lat' dir='ltr'>bigis</span> <span class='ocrx_word' id='word_1_80' title='bbox 253 1947 310 1997; x_wconf 90' lang='lat' dir='ltr'>coeli</span> <span class='ocrx_word' id='word_1_81' title='bbox 327 1963 460 1997; x_wconf 81' lang='lat' dir='ltr'>convexum</span> <span class='ocrx_word' id='word_1_82' title='bbox 474 1956 529 1997; x_wconf 86' lang='lat' dir='ltr'>ante</span> <span class='ocrx_word' id='word_1_83' title='bbox 543 1949 622 1998; x_wconf 82' lang='lat' dir='ltr'>Solem</span> <span class='ocrx_word' id='word_1_84' title='bbox 634 1949 676 1998; x_wconf 90' lang='lat' dir='ltr'>de·</span> 
     </span>
     <span class='ocr_line' id='line_1_14' title="bbox 178 2021 679 2087; baseline 0.002 -17"><span class='ocrx_word' id='word_1_85' title='bbox 178 2026 272 2070; x_wconf 80' lang='lat' dir='ltr'>currere</span> <span class='ocrx_word' id='word_1_86' title='bbox 284 2021 314 2070; x_wconf 73' lang='lat' dir='ltr'>eb</span> <span class='ocrx_word' id='word_1_87' title='bbox 326 2021 379 2070; x_wconf 76' lang='lat' dir='ltr'>eliis</span> <span class='ocrx_word' id='word_1_88' title='bbox 388 2021 465 2087; x_wconf 84' lang='lat' dir='ltr'>poetis</span> <span class='ocrx_word' id='word_1_89' title='bbox 475 2023 580 2087; x_wconf 79' lang='lat' dir='ltr'>fingitur.</span> <span class='ocrx_word' id='word_1_90' title='bbox 607 2024 679 2072; x_wconf 91' lang='lat' dir='ltr'>Hom.</span> 
     </span>
     <span class='ocr_line' id='line_1_15' title="bbox 178 2095 678 2160; baseline 0.004 -16"><span class='ocrx_word' id='word_1_91' title='bbox 178 2095 226 2144; x_wconf 91' lang='lat' dir='ltr'>0d.</span> <span class='ocrx_word' id='word_1_92' title='bbox 242 2101 278 2146; x_wconf 66' lang='grc' dir='ltr'><strong>Ψ.</strong></span> <span class='ocrx_word' id='word_1_93' title='bbox 294 2096 357 2156; x_wconf 73' lang='lat'>2463</span> <span class='ocrx_word' id='word_1_94' title='bbox 372 2096 441 2160; x_wconf 80' lang='lat' dir='ltr'>Virg.</span> <span class='ocrx_word' id='word_1_95' title='bbox 459 2097 556 2146; x_wconf 87' lang='lat' dir='ltr'>AEneid.</span> <span class='ocrx_word' id='word_1_96' title='bbox 573 2097 607 2146; x_wconf 88' lang='lat' dir='ltr'>vi.</span> <span class='ocrx_word' id='word_1_97' title='bbox 622 2099 678 2147; x_wconf 86' lang='grc'><strong>535.</strong></span> 
     </span>
     <span class='ocr_line' id='line_1_16' title="bbox 179 2169 679 2236; baseline 0.002 -18"><span class='ocrx_word' id='word_1_98' title='bbox 179 2169 235 2219; x_wconf 86' lang='lat' dir='ltr'>Sed.</span> <span class='ocrx_word' id='word_1_99' title='bbox 246 2169 271 2218; x_wconf 88' lang='lat' dir='ltr'>lr.</span> <span class='ocrx_word' id='word_1_100' title='bbox 282 2170 300 2219; x_wconf 95' lang='lat' dir='ltr'>l.</span> <span class='ocrx_word' id='word_1_101' title='bbox 314 2170 347 2219; x_wconf 89' lang='lat' dir='ltr'>nil</span> <span class='ocrx_word' id='word_1_102' title='bbox 362 2169 407 2219; x_wconf 88' lang='lat' dir='ltr'>nisi</span> <span class='ocrx_word' id='word_1_103' title='bbox 424 2174 485 2219; x_wconf 79' lang='lat' dir='ltr'>atrio</span> <span class='ocrx_word' id='word_1_104' title='bbox 500 2171 609 2236; x_wconf 70' lang='lat' dir='ltr'>aperite</span> <span class='ocrx_word' id='word_1_105' title='bbox 625 2172 679 2236; x_wconf 90' lang='lat' dir='ltr'>qui-</span> 
     </span>
     <span class='ocr_line' id='line_1_17' title="bbox 179 2244 680 2310; baseline 0.002 -17"><span class='ocrx_word' id='word_1_106' title='bbox 179 2244 222 2293; x_wconf 79' lang='lat' dir='ltr'>lm</span> <span class='ocrx_word' id='word_1_107' title='bbox 230 2260 376 2310; x_wconf 86' lang='lat' dir='ltr'>purpureum</span> <span class='ocrx_word' id='word_1_108' title='bbox 384 2245 464 2294; x_wconf 89' lang='lat' dir='ltr'>lumen</span> <span class='ocrx_word' id='word_1_109' title='bbox 472 2244 497 2294; x_wconf 91' lang='lat' dir='ltr'>in</span> <span class='ocrx_word' id='word_1_110' title='bbox 504 2247 593 2295; x_wconf 79' lang='lat' dir='ltr'>coelum</span> <span class='ocrx_word' id='word_1_111' title='bbox 603 2244 680 2295; x_wconf 84' lang='lat' dir='ltr'>effun-</span> 
     </span>
     <span class='ocr_line' id='line_1_18' title="bbox 179 2317 679 2385; baseline 0.002 -19"><span class='ocrx_word' id='word_1_112' title='bbox 179 2317 250 2368; x_wconf 84' lang='lat' dir='ltr'>ditur.</span> <span class='ocrx_word' id='word_1_113' title='bbox 283 2317 363 2368; x_wconf 85' lang='lat' dir='ltr'>Etiam</span> <span class='ocrx_word' id='word_1_114' title='bbox 374 2334 423 2368; x_wconf 87' lang='lat' dir='ltr'>ver.</span> <span class='ocrx_word' id='word_1_115' title='bbox 434 2320 490 2367; x_wconf 89' lang='grc'><strong>144.</strong></span> <span class='ocrx_word' id='word_1_116' title='bbox 502 2328 595 2369; x_wconf 82' lang='lat' dir='ltr'>tantum</span> <span class='ocrx_word' id='word_1_117' title='bbox 610 2319 679 2385; x_wconf 80' lang='lat' dir='ltr'>efful-</span> 
     </span>
     <span class='ocr_line' id='line_1_19' title="bbox 178 2392 679 2457; baseline 0.006 -18"><span class='ocrx_word' id='word_1_118' title='bbox 178 2401 225 2457; x_wconf 79' lang='lat' dir='ltr'>get.</span> <span class='ocrx_word' id='word_1_119' title='bbox 258 2392 336 2442; x_wconf 77' lang='lat' dir='ltr'>Plena</span> <span class='ocrx_word' id='word_1_120' title='bbox 352 2408 548 2450; x_wconf 70' lang='lat' dir='ltr'>roratumrosea.</span> <span class='ocrx_word' id='word_1_121' title='bbox 581 2392 679 2450; x_wconf 80' lang='lat' dir='ltr'>Omnia,</span> 
     </span>
     <span class='ocr_line' id='line_1_20' title="bbox 181 2462 681 2531; baseline 0.002 -17"><span class='ocrx_word' id='word_1_122' title='bbox 181 2480 233 2530; x_wconf 75' lang='lat' dir='ltr'>que</span> <span class='ocrx_word' id='word_1_123' title='bbox 258 2462 357 2515; x_wconf 79' lang='lat' dir='ltr'>Aurorae</span> <span class='ocrx_word' id='word_1_124' title='bbox 383 2475 446 2524; x_wconf 90' lang='lat' dir='ltr'>sunt,</span> <span class='ocrx_word' id='word_1_125' title='bbox 467 2467 543 2531; x_wconf 84' lang='lat' dir='ltr'>poetis</span> <span class='ocrx_word' id='word_1_126' title='bbox 570 2466 681 2516; x_wconf 89' lang='lat' dir='ltr'>dicuntur</span> 
     </span>
     <span class='ocr_line' id='line_1_21' title="bbox 180 2534 682 2603; baseline 0.002 -15"><span class='ocrx_word' id='word_1_127' title='bbox 180 2534 250 2598; x_wconf 69' lang='lat' dir='ltr'>roseo,</span> <span class='ocrx_word' id='word_1_128' title='bbox 266 2557 346 2590; x_wconf 82' lang='lat' dir='ltr'>crocea</span> <span class='ocrx_word' id='word_1_129' title='bbox 365 2550 407 2590; x_wconf 79' lang='lat' dir='ltr'>out</span> <span class='ocrx_word' id='word_1_130' title='bbox 421 2544 527 2603; x_wconf 79' lang='lat' dir='ltr'>punicea.</span> <span class='ocrx_word' id='word_1_131' title='bbox 561 2542 627 2590; x_wconf 88' lang='lat' dir='ltr'>Nota</span> <span class='ocrx_word' id='word_1_132' title='bbox 645 2549 682 2590; x_wconf 87' lang='lat' dir='ltr'>est</span> 
     </span>
     <span class='ocr_line' id='line_1_22' title="bbox 181 2612 681 2680; baseline 0.002 -16"><span class='ocrx_word' id='word_1_133' title='bbox 181 2629 210 2664; x_wconf 83' lang='lat' dir='ltr'>er</span> <span class='ocrx_word' id='word_1_134' title='bbox 236 2615 350 2672; x_wconf 86' lang='lat' dir='ltr'>Homero,</span> <span class='ocrx_word' id='word_1_135' title='bbox 377 2613 469 2663; x_wconf 79' lang='lat' dir='ltr'>Aumra</span> <span class='ocrx_word' id='word_1_136' title='bbox 495 2612 681 2680; x_wconf 70' lang='grc' dir='ltr'>ῥοδοδάκτυλος,</span> 
     </span>
     <span class='ocr_line' id='line_1_23' title="bbox 182 2685 516 2754; baseline 0.006 -18"><span class='ocrx_word' id='word_1_137' title='bbox 182 2685 328 2752; x_wconf 64' lang='lat' dir='ltr'>polluntur,</span> <span class='ocrx_word' id='word_1_138' title='bbox 338 2688 516 2754; x_wconf 72' lang='grc' dir='ltr'>κροκόπεπλος.</span> 
     </span>
    </p>

    <p class='ocr_par' dir='ltr' id='par_1_8' title="bbox 181 2761 684 3570">
     <span class='ocr_line' id='line_1_24' title="bbox 214 2761 681 2828; baseline 0 -17"><span class='ocrx_word' id='word_1_139' title='bbox 214 2763 271 2811; x_wconf 86' lang='grc'><strong>114.</strong></span> <span class='ocrx_word' id='word_1_140' title='bbox 290 2762 430 2828; x_wconf 65' lang='lat' dir='ltr'>Diffugiunt</span> <span class='ocrx_word' id='word_1_141' title='bbox 442 2763 537 2826; x_wconf 56' lang='lat' dir='ltr'>stelle]</span> <span class='ocrx_word' id='word_1_142' title='bbox 556 2761 621 2821; x_wconf 81' lang='lat' dir='ltr'>Quia</span> <span class='ocrx_word' id='word_1_143' title='bbox 635 2778 681 2811; x_wconf 89' lang='lat' dir='ltr'>non</span> 
     </span>
     <span class='ocr_line' id='line_1_25' title="bbox 182 2836 681 2902; baseline 0 -17"><span class='ocrx_word' id='word_1_144' title='bbox 182 2836 283 2902; x_wconf 78' lang='lat' dir='ltr'>mplius</span> <span class='ocrx_word' id='word_1_145' title='bbox 293 2845 421 2886; x_wconf 87' lang='lat' dir='ltr'>cernuntur</span> <span class='ocrx_word' id='word_1_146' title='bbox 428 2853 476 2902; x_wconf 82' lang='lat' dir='ltr'>prae</span> <span class='ocrx_word' id='word_1_147' title='bbox 484 2836 609 2902; x_wconf 89' lang='lat' dir='ltr'>splendore</span> <span class='ocrx_word' id='word_1_148' title='bbox 617 2837 681 2885; x_wconf 87' lang='lat' dir='ltr'>solis.</span> 
     </span>
     <span class='ocr_line' id='line_1_26' title="bbox 182 2908 680 2976; baseline 0 -18"><span class='ocrx_word' id='word_1_149' title='bbox 182 2909 274 2959; x_wconf 79' lang='lat' dir='ltr'>Aurora</span> <span class='ocrx_word' id='word_1_150' title='bbox 290 2908 398 2959; x_wconf 76' lang='lat' dir='ltr'>dtdrovo&#39;</span> <span class='ocrx_word' id='word_1_151' title='bbox 412 2912 488 2976; x_wconf 77' lang='grc' dir='ltr'><em>ἄςτρα</em></span> <span class='ocrx_word' id='word_1_152' title='bbox 503 2910 609 2976; x_wconf 86' lang='lat' dir='ltr'>Euripid.</span> <span class='ocrx_word' id='word_1_153' title='bbox 627 2911 680 2960; x_wconf 94' lang='lat' dir='ltr'>Ion.</span> 
     </span>
     <span class='ocr_line' id='line_1_27' title="bbox 183 2985 680 3051; baseline -0.006 -16"><span class='ocrx_word' id='word_1_154' title='bbox 183 2987 321 3046; x_wconf 78' lang='lat' dir='ltr'>ver.1158;</span> <span class='ocrx_word' id='word_1_155' title='bbox 337 2994 363 3035; x_wconf 84' lang='lat' dir='ltr'>et</span> <span class='ocrx_word' id='word_1_156' title='bbox 378 2985 434 3035; x_wconf 83' lang='lat' dir='ltr'>iude</span> <span class='ocrx_word' id='word_1_157' title='bbox 446 2989 538 3035; x_wconf 76' lang='lat' dir='ltr'>Aurora</span> <span class='ocrx_word' id='word_1_158' title='bbox 549 2989 625 3034; x_wconf 78' lang='lat' dir='ltr'>sidera</span> <span class='ocrx_word' id='word_1_159' title='bbox 634 2987 680 3051; x_wconf 84' lang='lat' dir='ltr'>fu-</span> 
     </span>
     <span class='ocr_line' id='line_1_28' title="bbox 181 3059 682 3126; baseline -0.002 -18"><span class='ocrx_word' id='word_1_160' title='bbox 181 3059 541 3126; x_wconf 76' lang='lat' dir='ltr'>gom,apudSenec.Octav.ii.</span> <span class='ocrx_word' id='word_1_161' title='bbox 576 3060 682 3125; x_wconf 78' lang='lat' dir='ltr'>Diffugi-</span> 
     </span>
     <span class='ocr_line' id='line_1_29' title="bbox 183 3134 681 3198; baseline 0 -14"><span class='ocrx_word' id='word_1_162' title='bbox 183 3145 226 3184; x_wconf 77' lang='lat' dir='ltr'>ent</span> <span class='ocrx_word' id='word_1_163' title='bbox 235 3135 316 3184; x_wconf 73' lang='lat' dir='ltr'>uelle.</span> <span class='ocrx_word' id='word_1_164' title='bbox 350 3134 598 3198; x_wconf 80' lang='lat' dir='ltr'>Exsententiavulgi.</span> <span class='ocrx_word' id='word_1_165' title='bbox 632 3135 681 3184; x_wconf 90' lang='lat' dir='ltr'>Ne·</span> 
     </span>
     <span class='ocr_line' id='line_1_30' title="bbox 183 3207 682 3274; baseline -0.002 -16"><span class='ocrx_word' id='word_1_166' title='bbox 183 3225 229 3274; x_wconf 87' lang='lat' dir='ltr'>que</span> <span class='ocrx_word' id='word_1_167' title='bbox 250 3207 315 3257; x_wconf 89' lang='lat' dir='ltr'>enim</span> <span class='ocrx_word' id='word_1_168' title='bbox 335 3208 411 3256; x_wconf 75' lang='lat' dir='ltr'>stelle</span> <span class='ocrx_word' id='word_1_169' title='bbox 438 3207 552 3272; x_wconf 86' lang='lat' dir='ltr'>diffugere</span> <span class='ocrx_word' id='word_1_170' title='bbox 577 3217 682 3273; x_wconf 87' lang='lat' dir='ltr'>possunt,</span> 
     </span>
     <span class='ocr_line' id='line_1_31' title="bbox 184 3281 681 3348; baseline -0.004 -15"><span class='ocrx_word' id='word_1_171' title='bbox 184 3297 257 3348; x_wconf 85' lang='lat' dir='ltr'>quum</span> <span class='ocrx_word' id='word_1_172' title='bbox 274 3281 323 3331; x_wconf 85' lang='lat' dir='ltr'>sint</span> <span class='ocrx_word' id='word_1_173' title='bbox 337 3282 406 3344; x_wconf 65' lang='grc' dir='ltr'>ἧκες</span> <span class='ocrx_word' id='word_1_174' title='bbox 422 3282 465 3332; x_wconf 86' lang='lat' dir='ltr'>sed</span> <span class='ocrx_word' id='word_1_175' title='bbox 481 3281 620 3332; x_wconf 86' lang='lat' dir='ltr'>adveniente</span> <span class='ocrx_word' id='word_1_176' title='bbox 631 3282 681 3332; x_wconf 90' lang='lat' dir='ltr'>Au·</span> 
     </span>
     <span class='ocr_line' id='line_1_32' title="bbox 183 3356 681 3422; baseline -0.004 -16"><span class='ocrx_word' id='word_1_177' title='bbox 183 3371 235 3406; x_wconf 82' lang='lat' dir='ltr'>rora</span> <span class='ocrx_word' id='word_1_178' title='bbox 252 3356 345 3421; x_wconf 83' lang='lat' dir='ltr'>fulgere</span> <span class='ocrx_word' id='word_1_179' title='bbox 362 3356 482 3406; x_wconf 89' lang='lat' dir='ltr'>desinunt.</span> <span class='ocrx_word' id='word_1_180' title='bbox 516 3357 621 3410; x_wconf 82' lang='lat' dir='ltr'>Quarum</span> <span class='ocrx_word' id='word_1_181' title='bbox 639 3375 681 3422; x_wconf 84' lang='lat' dir='ltr'>ug-</span> 
     </span>
     <span class='ocr_line' id='line_1_33' title="bbox 184 3430 684 3496; baseline 0 -16"><span class='ocrx_word' id='word_1_182' title='bbox 184 3435 246 3480; x_wconf 74' lang='lat' dir='ltr'>ninc</span> <span class='ocrx_word' id='word_1_183' title='bbox 264 3434 334 3496; x_wconf 80' lang='lat' dir='ltr'>cogit,</span> <span class='ocrx_word' id='word_1_184' title='bbox 346 3447 446 3495; x_wconf 82' lang='lat' dir='ltr'>quarum</span> <span class='ocrx_word' id='word_1_185' title='bbox 461 3430 544 3479; x_wconf 86' lang='lat' dir='ltr'>ultima</span> <span class='ocrx_word' id='word_1_186' title='bbox 560 3439 597 3480; x_wconf 88' lang='lat' dir='ltr'>est</span> <span class='ocrx_word' id='word_1_187' title='bbox 612 3432 684 3480; x_wconf 82' lang='lat' dir='ltr'>stella</span> 
     </span>
     <span class='ocr_line' id='line_1_34' title="bbox 184 3505 681 3570; baseline -0.002 -15"><span class='ocrx_word' id='word_1_188' title='bbox 184 3505 293 3561; x_wconf 85' lang='lat' dir='ltr'>Veneris.</span> <span class='ocrx_word' id='word_1_189' title='bbox 305 3521 369 3570; x_wconf 73' lang='lat' dir='ltr'>qum,</span> <span class='ocrx_word' id='word_1_190' title='bbox 379 3522 453 3570; x_wconf 89' lang='lat' dir='ltr'>quum</span> <span class='ocrx_word' id='word_1_191' title='bbox 468 3505 629 3570; x_wconf 80' lang='lat' dir='ltr'>antegreditur</span> <span class='ocrx_word' id='word_1_192' title='bbox 644 3522 681 3554; x_wconf 88' lang='lat' dir='ltr'>so-</span> 
     </span>
    </p>
   </div>
   <div class='ocr_carea' id='block_1_6' title="bbox 727 1946 1232 3569">
    <p class='ocr_par' dir='ltr' id='par_1_9' title="bbox 727 1946 1228 2441">
     <span class='ocr_line' id='line_1_35' title="bbox 728 1946 1224 2014; baseline -0.008 -16"><span class='ocrx_word' id='word_1_193' title='bbox 728 1954 798 1999; x_wconf 79' lang='lat' dir='ltr'>tlones</span> <span class='ocrx_word' id='word_1_194' title='bbox 808 1953 876 2007; x_wconf 71' lang='lat' dir='ltr'>obire,</span> <span class='ocrx_word' id='word_1_195' title='bbox 884 1958 930 2000; x_wconf 89' lang='lat' dir='ltr'>etc.</span> <span class='ocrx_word' id='word_1_196' title='bbox 954 1951 1039 2014; x_wconf 83' lang='lat' dir='ltr'>Itaque</span> <span class='ocrx_word' id='word_1_197' title='bbox 1051 1950 1138 2001; x_wconf 85' lang='lat' dir='ltr'>Noster</span> <span class='ocrx_word' id='word_1_198' title='bbox 1148 1946 1224 2004; x_wconf 83' lang='lat' dir='ltr'>addit,</span> 
     </span>
     <span class='ocr_line' id='line_1_36' title="bbox 727 2022 1225 2079; baseline -0.006 -7"><span class='ocrx_word' id='word_1_199' title='bbox 727 2026 778 2073; x_wconf 81' lang='lat' dir='ltr'>coelt</span> <span class='ocrx_word' id='word_1_200' title='bbox 788 2028 884 2072; x_wconf 80' lang='lat' dir='ltr'>statione</span> <span class='ocrx_word' id='word_1_201' title='bbox 893 2029 973 2072; x_wconf 72' lang='lat' dir='ltr'>novica</span> <span class='ocrx_word' id='word_1_202' title='bbox 984 2027 1037 2079; x_wconf 78' lang='lat' dir='ltr'>erit,</span> <span class='ocrx_word' id='word_1_203' title='bbox 1045 2022 1144 2071; x_wconf 87' lang='lat' dir='ltr'>ultimus</span> <span class='ocrx_word' id='word_1_204' title='bbox 1152 2036 1225 2070; x_wconf 84' lang='lat' dir='ltr'>excu-</span> 
     </span>
     <span class='ocr_line' id='line_1_37' title="bbox 728 2096 1226 2149; baseline -0.004 -4"><span class='ocrx_word' id='word_1_205' title='bbox 728 2097 780 2147; x_wconf 78' lang='lat' dir='ltr'>bias</span> <span class='ocrx_word' id='word_1_206' title='bbox 789 2098 814 2146; x_wconf 92' lang='lat' dir='ltr'>in</span> <span class='ocrx_word' id='word_1_207' title='bbox 827 2098 890 2148; x_wconf 90' lang='lat' dir='ltr'>coelo</span> <span class='ocrx_word' id='word_1_208' title='bbox 904 2097 998 2149; x_wconf 86' lang='lat' dir='ltr'>deserit.</span> <span class='ocrx_word' id='word_1_209' title='bbox 1032 2098 1085 2146; x_wconf 89' lang='lat' dir='ltr'>Nec</span> <span class='ocrx_word' id='word_1_210' title='bbox 1095 2096 1174 2144; x_wconf 88' lang='lat' dir='ltr'>minus</span> <span class='ocrx_word' id='word_1_211' title='bbox 1184 2111 1226 2144; x_wconf 86' lang='lat' dir='ltr'>ve-</span> 
     </span>
     <span class='ocr_line' id='line_1_38' title="bbox 729 2171 1228 2237; baseline -0.006 -16"><span class='ocrx_word' id='word_1_212' title='bbox 729 2179 798 2222; x_wconf 84' lang='lat' dir='ltr'>nuste</span> <span class='ocrx_word' id='word_1_213' title='bbox 808 2172 839 2221; x_wconf 87' lang='lat' dir='ltr'>de</span> <span class='ocrx_word' id='word_1_214' title='bbox 849 2172 909 2237; x_wconf 84' lang='lat' dir='ltr'>Argi</span> <span class='ocrx_word' id='word_1_215' title='bbox 918 2171 1001 2229; x_wconf 87' lang='lat' dir='ltr'>oculis,</span> <span class='ocrx_word' id='word_1_216' title='bbox 1009 2171 1053 2220; x_wconf 89' lang='lat' dir='ltr'>lib.</span> <span class='ocrx_word' id='word_1_217' title='bbox 1060 2172 1076 2220; x_wconf 92' lang='lat' dir='ltr'>i.</span> <span class='ocrx_word' id='word_1_218' title='bbox 1086 2172 1149 2220; x_wconf 80' lang='lat'><strong>626:</strong></span> <span class='ocrx_word' id='word_1_219' title='bbox 1168 2171 1228 2218; x_wconf 77' lang='lat' dir='ltr'>luds</span> 
     </span>
     <span class='ocr_line' id='line_1_39' title="bbox 728 2247 1228 2308; baseline -0.006 -14"><span class='ocrx_word' id='word_1_220' title='bbox 728 2248 776 2294; x_wconf 79' lang='lat' dir='ltr'>ruit</span> <span class='ocrx_word' id='word_1_221' title='bbox 793 2249 879 2296; x_wconf 82' lang='lat' dir='ltr'>uicibus</span> <span class='ocrx_word' id='word_1_222' title='bbox 898 2247 1016 2308; x_wconf 74' lang='lat' dir='ltr'>capiebant</span> <span class='ocrx_word' id='word_1_223' title='bbox 1038 2248 1091 2293; x_wconf 80' lang='lat' dir='ltr'>bino</span> <span class='ocrx_word' id='word_1_224' title='bbox 1115 2247 1228 2308; x_wconf 75' lang='lat' dir='ltr'>quietem:</span> 
     </span>
     <span class='ocr_line' id='line_1_40' title="bbox 732 2319 1227 2382; baseline -0.006 -15"><span class='ocrx_word' id='word_1_225' title='bbox 732 2320 818 2369; x_wconf 77' lang='lat' dir='ltr'>Cretera</span> <span class='ocrx_word' id='word_1_226' title='bbox 828 2320 955 2375; x_wconf 73' lang='lat' dir='ltr'>rermbent,</span> <span class='ocrx_word' id='word_1_227' title='bbox 963 2329 1030 2382; x_wconf 77' lang='lat' dir='ltr'>atque</span> <span class='ocrx_word' id='word_1_228' title='bbox 1040 2321 1065 2366; x_wconf 80' lang='lat' dir='ltr'>iu</span> <span class='ocrx_word' id='word_1_229' title='bbox 1076 2319 1172 2366; x_wconf 73' lang='lat' dir='ltr'>statione</span> <span class='ocrx_word' id='word_1_230' title='bbox 1180 2334 1227 2364; x_wconf 85' lang='lat' dir='ltr'>mu·</span> 
     </span>
     <span class='ocr_line' id='line_1_41' title="bbox 729 2395 821 2441; baseline 0 -1"><span class='ocrx_word' id='word_1_231' title='bbox 729 2395 821 2441; x_wconf 80' lang='lat' dir='ltr'>nebant.</span> 
     </span>
    </p>

    <p class='ocr_par' dir='ltr' id='par_1_10' title="bbox 731 2462 1232 2976">
     <span class='ocr_line' id='line_1_42' title="bbox 764 2462 1228 2527; baseline -0.006 -13"><span class='ocrx_word' id='word_1_232' title='bbox 764 2468 818 2515; x_wconf 89' lang='grc'><strong>117.</strong></span> <span class='ocrx_word' id='word_1_233' title='bbox 837 2467 948 2515; x_wconf 75' lang='lat' dir='ltr'>Ettremae</span> <span class='ocrx_word' id='word_1_234' title='bbox 959 2464 1051 2527; x_wconf 73' lang='lat' dir='ltr'>latum]</span> <span class='ocrx_word' id='word_1_235' title='bbox 1070 2465 1102 2513; x_wconf 87' lang='lat' dir='ltr'>Et</span> <span class='ocrx_word' id='word_1_236' title='bbox 1115 2462 1161 2512; x_wconf 86' lang='lat' dir='ltr'>hoc</span> <span class='ocrx_word' id='word_1_237' title='bbox 1173 2478 1228 2512; x_wconf 84' lang='lat' dir='ltr'>eua-</span> 
     </span>
     <span class='ocr_line' id='line_1_43' title="bbox 732 2535 1230 2602; baseline -0.01 -11"><span class='ocrx_word' id='word_1_238' title='bbox 732 2540 791 2591; x_wconf 86' lang='lat' dir='ltr'>viter</span> <span class='ocrx_word' id='word_1_239' title='bbox 800 2541 890 2590; x_wconf 90' lang='lat' dir='ltr'>dictum</span> <span class='ocrx_word' id='word_1_240' title='bbox 901 2540 930 2588; x_wconf 87' lang='lat' dir='ltr'>de</span> <span class='ocrx_word' id='word_1_241' title='bbox 938 2541 1006 2588; x_wconf 82' lang='lat' dir='ltr'>Luna</span> <span class='ocrx_word' id='word_1_242' title='bbox 1016 2554 1069 2602; x_wconf 81' lang='lat' dir='ltr'>quae</span> <span class='ocrx_word' id='word_1_243' title='bbox 1081 2553 1135 2586; x_wconf 80' lang='lat' dir='ltr'>mox</span> <span class='ocrx_word' id='word_1_244' title='bbox 1146 2535 1230 2601; x_wconf 88' lang='lat' dir='ltr'>eripie-</span> 
     </span>
     <span class='ocr_line' id='line_1_44' title="bbox 731 2612 1229 2663; baseline -0.01 0"><span class='ocrx_word' id='word_1_245' title='bbox 731 2622 769 2663; x_wconf 89' lang='lat' dir='ltr'>tur</span> <span class='ocrx_word' id='word_1_246' title='bbox 779 2613 863 2663; x_wconf 91' lang='lat' dir='ltr'>oculis.</span> <span class='ocrx_word' id='word_1_247' title='bbox 896 2612 935 2661; x_wconf 89' lang='lat' dir='ltr'>Sic</span> <span class='ocrx_word' id='word_1_248' title='bbox 951 2612 993 2660; x_wconf 82' lang='lat' dir='ltr'>xii.</span> <span class='ocrx_word' id='word_1_249' title='bbox 1004 2614 1044 2661; x_wconf 90' lang='grc'><strong>53.</strong></span> <span class='ocrx_word' id='word_1_250' title='bbox 1054 2620 1152 2660; x_wconf 69' lang='lat' dir='ltr'>extremo</span> <span class='ocrx_word' id='word_1_251' title='bbox 1168 2613 1229 2658; x_wconf 78' lang='lat' dir='ltr'>toni-</span> 
     </span>
     <span class='ocr_line' id='line_1_45' title="bbox 732 2683 1229 2752; baseline -0.008 -16"><span class='ocrx_word' id='word_1_252' title='bbox 732 2700 795 2746; x_wconf 72' lang='lat' dir='ltr'>truo,</span> <span class='ocrx_word' id='word_1_253' title='bbox 812 2704 911 2752; x_wconf 87' lang='lat' dir='ltr'>quorum</span> <span class='ocrx_word' id='word_1_254' title='bbox 932 2703 1003 2736; x_wconf 88' lang='lat' dir='ltr'>sonus</span> <span class='ocrx_word' id='word_1_255' title='bbox 1022 2686 1071 2752; x_wconf 83' lang='lat' dir='ltr'>jam</span> <span class='ocrx_word' id='word_1_256' title='bbox 1089 2685 1178 2734; x_wconf 83' lang='lat' dir='ltr'>fractus</span> <span class='ocrx_word' id='word_1_257' title='bbox 1199 2683 1229 2733; x_wconf 87' lang='lat' dir='ltr'>ad</span> 
     </span>
     <span class='ocr_line' id='line_1_46' title="bbox 731 2758 1232 2826; baseline -0.01 -13"><span class='ocrx_word' id='word_1_258' title='bbox 731 2780 773 2813; x_wconf 81' lang='lat' dir='ltr'>nos</span> <span class='ocrx_word' id='word_1_259' title='bbox 784 2764 858 2820; x_wconf 90' lang='lat' dir='ltr'>venit,</span> <span class='ocrx_word' id='word_1_260' title='bbox 868 2778 970 2826; x_wconf 86' lang='lat' dir='ltr'>moxque</span> <span class='ocrx_word' id='word_1_261' title='bbox 986 2761 1087 2810; x_wconf 86' lang='lat' dir='ltr'>desinet.</span> <span class='ocrx_word' id='word_1_262' title='bbox 1119 2758 1232 2808; x_wconf 83' lang='lat' dir='ltr'>Similiter</span> 
     </span>
     <span class='ocr_line' id='line_1_47' title="bbox 731 2833 1229 2902; baseline -0.01 -16"><span class='ocrx_word' id='word_1_263' title='bbox 731 2847 841 2886; x_wconf 73' lang='lat' dir='ltr'>extremus</span> <span class='ocrx_word' id='word_1_264' title='bbox 848 2840 916 2902; x_wconf 75' lang='lat' dir='ltr'>ignis,</span> <span class='ocrx_word' id='word_1_265' title='bbox 923 2834 965 2900; x_wconf 89' lang='lat' dir='ltr'>qui</span> <span class='ocrx_word' id='word_1_266' title='bbox 975 2835 1000 2883; x_wconf 91' lang='lat' dir='ltr'>in</span> <span class='ocrx_word' id='word_1_267' title='bbox 1011 2851 1039 2884; x_wconf 92' lang='lat' dir='ltr'>eo</span> <span class='ocrx_word' id='word_1_268' title='bbox 1049 2843 1093 2892; x_wconf 88' lang='lat' dir='ltr'>est,</span> <span class='ocrx_word' id='word_1_269' title='bbox 1103 2842 1131 2882; x_wconf 87' lang='lat' dir='ltr'>ut</span> <span class='ocrx_word' id='word_1_270' title='bbox 1142 2833 1229 2882; x_wconf 88' lang='lat' dir='ltr'>exstin-</span> 
     </span>
     <span class='ocr_line' id='line_1_48' title="bbox 731 2909 1083 2976; baseline -0.006 -16"><span class='ocrx_word' id='word_1_271' title='bbox 731 2919 824 2976; x_wconf 82' lang='lat' dir='ltr'>guetur,</span> <span class='ocrx_word' id='word_1_272' title='bbox 835 2912 902 2975; x_wconf 89' lang='lat' dir='ltr'>Virg.</span> <span class='ocrx_word' id='word_1_273' title='bbox 914 2912 971 2959; x_wconf 86' lang='lat' dir='ltr'>AEn.</span> <span class='ocrx_word' id='word_1_274' title='bbox 982 2909 1014 2958; x_wconf 87' lang='lat' dir='ltr'>ir.</span> <span class='ocrx_word' id='word_1_275' title='bbox 1026 2911 1083 2958; x_wconf 81' lang='lat'>352.</span> 
     </span>
    </p>

    <p class='ocr_par' dir='ltr' id='par_1_11' title="bbox 731 2979 1232 3569">
     <span class='ocr_line' id='line_1_49' title="bbox 767 2979 1226 3047; baseline -0.011 -14"><span class='ocrx_word' id='word_1_276' title='bbox 767 2987 821 3034; x_wconf 83' lang='lat'>118.</span> <span class='ocrx_word' id='word_1_277' title='bbox 840 2985 930 3047; x_wconf 74' lang='lat' dir='ltr'>Herm]</span> <span class='ocrx_word' id='word_1_278' title='bbox 950 2982 1015 3031; x_wconf 79' lang='lat' dir='ltr'>Filiae</span> <span class='ocrx_word' id='word_1_279' title='bbox 1025 2980 1156 3038; x_wconf 88' lang='lat' dir='ltr'>Themidis,</span> <span class='ocrx_word' id='word_1_280' title='bbox 1164 2979 1226 3045; x_wconf 79' lang='lat' dir='ltr'>jani-</span> 
     </span>
     <span class='ocr_line' id='line_1_50' title="bbox 732 3056 1229 3121; baseline -0.012 -11"><span class='ocrx_word' id='word_1_281' title='bbox 732 3062 803 3110; x_wconf 85' lang='lat' dir='ltr'>trices</span> <span class='ocrx_word' id='word_1_282' title='bbox 819 3059 875 3109; x_wconf 88' lang='lat' dir='ltr'>coeli</span> <span class='ocrx_word' id='word_1_283' title='bbox 893 3068 916 3108; x_wconf 90' lang='lat' dir='ltr'>et</span> <span class='ocrx_word' id='word_1_284' title='bbox 932 3058 1043 3106; x_wconf 78' lang='lat' dir='ltr'>ministrat</span> <span class='ocrx_word' id='word_1_285' title='bbox 1061 3056 1156 3114; x_wconf 90' lang='lat' dir='ltr'>Phoebi,</span> <span class='ocrx_word' id='word_1_286' title='bbox 1167 3070 1229 3121; x_wconf 85' lang='lat' dir='ltr'>qua·</span> 
     </span>
     <span class='ocr_line' id='line_1_51' title="bbox 731 3129 1229 3187; baseline -0.012 -3"><span class='ocrx_word' id='word_1_287' title='bbox 731 3153 784 3185; x_wconf 90' lang='lat' dir='ltr'>rum</span> <span class='ocrx_word' id='word_1_288' title='bbox 800 3134 895 3183; x_wconf 87' lang='lat' dir='ltr'>nomina</span> <span class='ocrx_word' id='word_1_289' title='bbox 912 3132 1039 3187; x_wconf 87' lang='lat' dir='ltr'>Eunomia,</span> <span class='ocrx_word' id='word_1_290' title='bbox 1057 3129 1129 3186; x_wconf 84' lang='lat' dir='ltr'>Dice,</span> <span class='ocrx_word' id='word_1_291' title='bbox 1144 3131 1229 3179; x_wconf 78' lang='lat' dir='ltr'>irene:</span> 
     </span>
     <span class='ocr_line' id='line_1_52' title="bbox 732 3203 1232 3272; baseline -0.016 -13"><span class='ocrx_word' id='word_1_292' title='bbox 732 3208 830 3259; x_wconf 86' lang='lat' dir='ltr'>Hesiod.</span> <span class='ocrx_word' id='word_1_293' title='bbox 841 3209 905 3267; x_wconf 76' lang='lat'>901,</span> <span class='ocrx_word' id='word_1_294' title='bbox 923 3206 998 3272; x_wconf 88' lang='lat' dir='ltr'>Orph.</span> <span class='ocrx_word' id='word_1_295' title='bbox 1008 3207 1099 3270; x_wconf 88' lang='lat' dir='ltr'>Hymn.</span> <span class='ocrx_word' id='word_1_296' title='bbox 1111 3206 1151 3254; x_wconf 83' lang='lat'>42.</span> <span class='ocrx_word' id='word_1_297' title='bbox 1182 3203 1232 3252; x_wconf 91' lang='lat' dir='ltr'>Alii</span> 
     </span>
     <span class='ocr_line' id='line_1_53' title="bbox 733 3280 1232 3342; baseline -0.014 -10"><span class='ocrx_word' id='word_1_298' title='bbox 733 3283 809 3332; x_wconf 84' lang='lat' dir='ltr'>aliter.</span> <span class='ocrx_word' id='word_1_299' title='bbox 818 3282 916 3329; x_wconf 87' lang='lat' dir='ltr'>Homer.</span> <span class='ocrx_word' id='word_1_300' title='bbox 927 3280 957 3328; x_wconf 90' lang='lat' dir='ltr'>Il.</span> <span class='ocrx_word' id='word_1_301' title='bbox 968 3284 997 3328; x_wconf 91' lang='grc' dir='ltr'><strong>θ.</strong></span> <span class='ocrx_word' id='word_1_302' title='bbox 1008 3280 1056 3327; x_wconf 89' lang='grc'>433</span> <span class='ocrx_word' id='word_1_303' title='bbox 1075 3294 1127 3342; x_wconf 86' lang='lat' dir='ltr'>sqq.</span> <span class='ocrx_word' id='word_1_304' title='bbox 1138 3293 1232 3326; x_wconf 88' lang='lat' dir='ltr'>currrrm</span> 
     </span>
     <span class='ocr_line' id='line_1_54' title="bbox 731 3352 1230 3421; baseline -0.02 -13"><span class='ocrx_word' id='word_1_305' title='bbox 731 3368 756 3412; x_wconf 88' lang='lat' dir='ltr'>et</span> <span class='ocrx_word' id='word_1_306' title='bbox 775 3373 848 3421; x_wconf 89' lang='lat' dir='ltr'>equos</span> <span class='ocrx_word' id='word_1_307' title='bbox 863 3354 965 3405; x_wconf 88' lang='lat' dir='ltr'>Junonis</span> <span class='ocrx_word' id='word_1_308' title='bbox 984 3361 1078 3402; x_wconf 90' lang='lat' dir='ltr'>curant.</span> <span class='ocrx_word' id='word_1_309' title='bbox 1112 3352 1230 3399; x_wconf 80' lang='lat' dir='ltr'>Ambrosia</span> 
     </span>
     <span class='ocr_line' id='line_1_55' title="bbox 731 3425 1229 3490; baseline -0.024 -6"><span class='ocrx_word' id='word_1_310' title='bbox 731 3450 779 3484; x_wconf 90' lang='lat' dir='ltr'>non</span> <span class='ocrx_word' id='word_1_311' title='bbox 788 3430 857 3479; x_wconf 91' lang='lat' dir='ltr'>modo</span> <span class='ocrx_word' id='word_1_312' title='bbox 867 3428 935 3478; x_wconf 87' lang='lat' dir='ltr'>cibus</span> <span class='ocrx_word' id='word_1_313' title='bbox 942 3429 1056 3484; x_wconf 88' lang='lat' dir='ltr'>Deorum,</span> <span class='ocrx_word' id='word_1_314' title='bbox 1065 3425 1107 3474; x_wconf 87' lang='lat' dir='ltr'>sed</span> <span class='ocrx_word' id='word_1_315' title='bbox 1119 3435 1144 3473; x_wconf 89' lang='lat' dir='ltr'>et</span> <span class='ocrx_word' id='word_1_316' title='bbox 1153 3426 1229 3490; x_wconf 85' lang='lat' dir='ltr'>pabu-</span> 
     </span>
     <span class='ocr_line' id='line_1_56' title="bbox 731 3499 1229 3569; baseline -0.026 -12"><span class='ocrx_word' id='word_1_317' title='bbox 731 3510 782 3559; x_wconf 90' lang='lat' dir='ltr'>lum</span> <span class='ocrx_word' id='word_1_318' title='bbox 804 3520 917 3569; x_wconf 89' lang='lat' dir='ltr'>equorum</span> <span class='ocrx_word' id='word_1_319' title='bbox 942 3502 1090 3560; x_wconf 64' lang='lat' dir='ltr'>divinorum</span> <span class='ocrx_word' id='word_1_320' title='bbox 1112 3499 1144 3546; x_wconf 84' lang='lat' dir='ltr'>iv.</span> <span class='ocrx_word' id='word_1_321' title='bbox 1164 3501 1229 3546; x_wconf 81' lang='lat'><strong>215:</strong></span> 
     </span>
    </p>
   </div>
   <div class='ocr_carea' id='block_1_7' title="bbox 184 3571 1237 4237">
    <p class='ocr_par' dir='ltr' id='par_1_12' title="bbox 184 3571 1237 4237">
     <span class='ocr_line' id='line_1_57' title="bbox 184 3571 1233 3644; baseline -0.009 -15"><span class='ocrx_word' id='word_1_322' title='bbox 184 3578 241 3635; x_wconf 78' lang='lat' dir='ltr'>lem,</span> <span class='ocrx_word' id='word_1_323' title='bbox 252 3578 386 3644; x_wconf 74' lang='grc' dir='ltr'>φωσφόρος,</span> <span class='ocrx_word' id='word_1_324' title='bbox 397 3578 503 3642; x_wconf 69' lang='lat' dir='ltr'>Lucifer,</span> <span class='ocrx_word' id='word_1_325' title='bbox 511 3578 611 3627; x_wconf 88' lang='lat' dir='ltr'>dicitur:</span> <span class='ocrx_word' id='word_1_326' title='bbox 630 3578 682 3628; x_wconf 86' lang='lat' dir='ltr'>Cic.</span> <span class='ocrx_word' id='word_1_327' title='bbox 732 3582 870 3631; x_wconf 81' lang='lat' dir='ltr'>Ambrosium</span> <span class='ocrx_word' id='word_1_328' title='bbox 888 3594 930 3639; x_wconf 86' lang='lat' dir='ltr'>pro</span> <span class='ocrx_word' id='word_1_329' title='bbox 947 3578 1052 3640; x_wconf 77' lang='lat' dir='ltr'>gramine</span> <span class='ocrx_word' id='word_1_330' title='bbox 1069 3575 1158 3620; x_wconf 79' lang='lat' dir='ltr'>tabent.</span> <span class='ocrx_word' id='word_1_331' title='bbox 1192 3571 1233 3620; x_wconf 83' lang='lat' dir='ltr'>Cf.</span> 
     </span>
     <span class='ocr_line' id='line_1_58' title="bbox 186 3648 1231 3713; baseline -0.009 -13"><span class='ocrx_word' id='word_1_332' title='bbox 186 3653 217 3701; x_wconf 88' lang='lat' dir='ltr'>N.</span> <span class='ocrx_word' id='word_1_333' title='bbox 228 3653 262 3704; x_wconf 93' lang='lat' dir='ltr'>D.</span> <span class='ocrx_word' id='word_1_334' title='bbox 273 3652 300 3702; x_wconf 87' lang='lat' dir='ltr'>ii.</span> <span class='ocrx_word' id='word_1_335' title='bbox 309 3655 350 3704; x_wconf 79' lang='lat'>20.</span> <span class='ocrx_word' id='word_1_336' title='bbox 371 3653 410 3703; x_wconf 82' lang='lat' dir='ltr'>Cf.</span> <span class='ocrx_word' id='word_1_337' title='bbox 421 3652 483 3702; x_wconf 80' lang='lat' dir='ltr'>infra</span> <span class='ocrx_word' id='word_1_338' title='bbox 492 3652 527 3701; x_wconf 84' lang='lat' dir='ltr'>xi.</span> <span class='ocrx_word' id='word_1_339' title='bbox 537 3654 582 3713; x_wconf 78' lang='lat'>973</span> <span class='ocrx_word' id='word_1_340' title='bbox 599 3654 683 3702; x_wconf 80' lang='lat' dir='ltr'>Senee.</span> <span class='ocrx_word' id='word_1_341' title='bbox 732 3657 828 3704; x_wconf 89' lang='lat' dir='ltr'>Homer.</span> <span class='ocrx_word' id='word_1_342' title='bbox 840 3652 870 3699; x_wconf 88' lang='lat' dir='ltr'>ll.</span> <span class='ocrx_word' id='word_1_343' title='bbox 882 3657 910 3700; x_wconf 86' lang='lat' dir='ltr'>E.</span> <span class='ocrx_word' id='word_1_344' title='bbox 921 3651 979 3698; x_wconf 85' lang='grc'><strong>369.</strong></span> <span class='ocrx_word' id='word_1_345' title='bbox 1013 3648 1044 3696; x_wconf 89' lang='lat' dir='ltr'>Et</span> <span class='ocrx_word' id='word_1_346' title='bbox 1056 3648 1172 3693; x_wconf 78' lang='lat' dir='ltr'>Ambrosia</span> <span class='ocrx_word' id='word_1_347' title='bbox 1180 3661 1231 3693; x_wconf 90' lang='lat' dir='ltr'>om-</span> 
     </span>
     <span class='ocr_line' id='line_1_59' title="bbox 185 3718 1232 3791; baseline -0.008 -18"><span class='ocrx_word' id='word_1_348' title='bbox 185 3726 286 3777; x_wconf 85' lang='lat' dir='ltr'>Hercul.</span> <span class='ocrx_word' id='word_1_349' title='bbox 311 3728 368 3776; x_wconf 84' lang='lat' dir='ltr'>Fur.</span> <span class='ocrx_word' id='word_1_350' title='bbox 388 3743 438 3776; x_wconf 85' lang='lat' dir='ltr'>ver.</span> <span class='ocrx_word' id='word_1_351' title='bbox 467 3728 523 3775; x_wconf 76' lang='lat'>128.</span> <span class='ocrx_word' id='word_1_352' title='bbox 567 3725 683 3791; x_wconf 88' lang='lat' dir='ltr'>Idemque</span> <span class='ocrx_word' id='word_1_353' title='bbox 733 3730 789 3778; x_wconf 87' lang='lat' dir='ltr'>nino</span> <span class='ocrx_word' id='word_1_354' title='bbox 810 3734 864 3775; x_wconf 86' lang='lat' dir='ltr'>sunt</span> <span class='ocrx_word' id='word_1_355' title='bbox 884 3722 1000 3773; x_wconf 82' lang='lat' dir='ltr'>coelestia.</span> <span class='ocrx_word' id='word_1_356' title='bbox 1034 3722 1103 3777; x_wconf 70' lang='lat' dir='ltr'>Atta,</span> <span class='ocrx_word' id='word_1_357' title='bbox 1123 3718 1232 3783; x_wconf 82' lang='lat' dir='ltr'>magnifi·</span> 
     </span>
     <span class='ocr_line' id='line_1_60' title="bbox 184 3794 1235 3864; baseline -0.007 -17"><span class='ocrx_word' id='word_1_358' title='bbox 184 3815 267 3864; x_wconf 91' lang='lat' dir='ltr'>quum,</span> <span class='ocrx_word' id='word_1_359' title='bbox 282 3798 405 3849; x_wconf 88' lang='lat' dir='ltr'>occidente</span> <span class='ocrx_word' id='word_1_360' title='bbox 422 3799 479 3857; x_wconf 86' lang='lat' dir='ltr'>sole,</span> <span class='ocrx_word' id='word_1_361' title='bbox 495 3797 579 3864; x_wconf 88' lang='lat' dir='ltr'>incipit</span> <span class='ocrx_word' id='word_1_362' title='bbox 593 3798 682 3857; x_wconf 86' lang='lat' dir='ltr'>lucere,</span> <span class='ocrx_word' id='word_1_363' title='bbox 733 3801 819 3851; x_wconf 85' lang='lat' dir='ltr'>centiae</span> <span class='ocrx_word' id='word_1_364' title='bbox 837 3808 862 3848; x_wconf 88' lang='lat' dir='ltr'>et</span> <span class='ocrx_word' id='word_1_365' title='bbox 876 3796 998 3863; x_wconf 85' lang='lat' dir='ltr'>dignitatis</span> <span class='ocrx_word' id='word_1_366' title='bbox 1014 3809 1094 3853; x_wconf 86' lang='lat' dir='ltr'>causa,</span> <span class='ocrx_word' id='word_1_367' title='bbox 1110 3803 1137 3843; x_wconf 87' lang='lat' dir='ltr'>ut</span> <span class='ocrx_word' id='word_1_368' title='bbox 1150 3809 1198 3842; x_wconf 89' lang='lat' dir='ltr'>ver.</span> <span class='ocrx_word' id='word_1_369' title='bbox 1212 3794 1235 3840; x_wconf 93' lang='lat' dir='ltr'>l.</span> 
     </span>
     <span class='ocr_line' id='line_1_61' title="bbox 186 3868 1234 3942; baseline -0.007 -20"><span class='ocrx_word' id='word_1_370' title='bbox 186 3874 416 3936; x_wconf 73' lang='lat' dir='ltr'>Hesperutvocatur.</span> <span class='ocrx_word' id='word_1_371' title='bbox 448 3877 685 3940; x_wconf 80' lang='lat' dir='ltr'>Agmeneogereere</span> <span class='ocrx_word' id='word_1_372' title='bbox 734 3882 800 3942; x_wconf 79' lang='lat' dir='ltr'>regia</span> <span class='ocrx_word' id='word_1_373' title='bbox 810 3877 876 3931; x_wconf 84' lang='lat' dir='ltr'>alta,·</span> <span class='ocrx_word' id='word_1_374' title='bbox 894 3890 943 3922; x_wconf 87' lang='lat' dir='ltr'>ver.</span> <span class='ocrx_word' id='word_1_375' title='bbox 957 3873 1010 3920; x_wconf 87' lang='lat'>105.</span> <span class='ocrx_word' id='word_1_376' title='bbox 1018 3872 1063 3918; x_wconf 79' lang='lat' dir='ltr'>ulti</span> <span class='ocrx_word' id='word_1_377' title='bbox 1073 3887 1165 3918; x_wconf 73' lang='lat' dir='ltr'>uirtus.</span> <span class='ocrx_word' id='word_1_378' title='bbox 1194 3868 1234 3916; x_wconf 87' lang='lat' dir='ltr'>So·</span> 
     </span>
     <span class='ocr_line' id='line_1_62' title="bbox 185 3943 1237 4014; baseline -0.005 -19"><span class='ocrx_word' id='word_1_379' title='bbox 185 3947 281 3998; x_wconf 69' lang='lat' dir='ltr'>militari</span> <span class='ocrx_word' id='word_1_380' title='bbox 308 3947 416 3998; x_wconf 85' lang='lat' dir='ltr'>ductum.</span> <span class='ocrx_word' id='word_1_381' title='bbox 450 3951 578 4014; x_wconf 83' lang='lat' dir='ltr'>Eleganter</span> <span class='ocrx_word' id='word_1_382' title='bbox 606 3957 686 3998; x_wconf 77' lang='lat' dir='ltr'>autem</span> <span class='ocrx_word' id='word_1_383' title='bbox 735 3954 825 4007; x_wconf 79' lang='lat' dir='ltr'>nantia,</span> <span class='ocrx_word' id='word_1_384' title='bbox 833 3948 922 4013; x_wconf 92' lang='lat' dir='ltr'>quippe</span> <span class='ocrx_word' id='word_1_385' title='bbox 931 3963 1011 4003; x_wconf 84' lang='lat' dir='ltr'>aurea,</span> <span class='ocrx_word' id='word_1_386' title='bbox 1022 3954 1049 3996; x_wconf 90' lang='lat' dir='ltr'>ut</span> <span class='ocrx_word' id='word_1_387' title='bbox 1060 3943 1237 4010; x_wconf 72' lang='grc' dir='ltr'>χρυσάμπυκες</span> 
     </span>
     <span class='ocr_line' id='line_1_63' title="bbox 185 4019 1234 4090; baseline -0.006 -19"><span class='ocrx_word' id='word_1_388' title='bbox 185 4022 261 4071; x_wconf 71' lang='lat' dir='ltr'>stelle</span> <span class='ocrx_word' id='word_1_389' title='bbox 270 4031 321 4071; x_wconf 78' lang='lat' dir='ltr'>tam</span> <span class='ocrx_word' id='word_1_390' title='bbox 334 4024 364 4072; x_wconf 93' lang='lat' dir='ltr'>ob</span> <span class='ocrx_word' id='word_1_391' title='bbox 375 4023 562 4081; x_wconf 87' lang='lat' dir='ltr'>multitudinem,</span> <span class='ocrx_word' id='word_1_392' title='bbox 574 4038 646 4088; x_wconf 85' lang='lat' dir='ltr'>quam</span> <span class='ocrx_word' id='word_1_393' title='bbox 657 4023 687 4071; x_wconf 88' lang='lat' dir='ltr'>ol&gt;</span> <span class='ocrx_word' id='word_1_394' title='bbox 737 4023 792 4090; x_wconf 87' lang='lat' dir='ltr'>equi</span> <span class='ocrx_word' id='word_1_395' title='bbox 801 4026 816 4074; x_wconf 89' lang='lat' dir='ltr'><strong>J</strong></span> <span class='ocrx_word' id='word_1_396' title='bbox 818 4021 903 4071; x_wconf 90' lang='lat' dir='ltr'>unonis</span> <span class='ocrx_word' id='word_1_397' title='bbox 909 4019 972 4086; x_wconf 87' lang='lat' dir='ltr'>apud</span> <span class='ocrx_word' id='word_1_398' title='bbox 980 4022 1076 4069; x_wconf 92' lang='lat' dir='ltr'>Homer.</span> <span class='ocrx_word' id='word_1_399' title='bbox 1095 4019 1168 4067; x_wconf 87' lang='lat' dir='ltr'>Pluto</span> <span class='ocrx_word' id='word_1_400' title='bbox 1177 4033 1234 4066; x_wconf 91' lang='lat' dir='ltr'>cou-</span> 
     </span>
     <span class='ocr_line' id='line_1_64' title="bbox 186 4093 1237 4162; baseline -0.004 -19"><span class='ocrx_word' id='word_1_401' title='bbox 186 4095 300 4154; x_wconf 85' lang='lat' dir='ltr'>ordiuem,</span> <span class='ocrx_word' id='word_1_402' title='bbox 328 4113 376 4161; x_wconf 94' lang='lat' dir='ltr'>quo</span> <span class='ocrx_word' id='word_1_403' title='bbox 402 4097 521 4162; x_wconf 71' lang='lat' dir='ltr'>disposita</span> <span class='ocrx_word' id='word_1_404' title='bbox 548 4106 611 4154; x_wconf 89' lang='lat' dir='ltr'>sunt,</span> <span class='ocrx_word' id='word_1_405' title='bbox 634 4112 688 4147; x_wconf 90' lang='lat' dir='ltr'>cum</span> <span class='ocrx_word' id='word_1_406' title='bbox 740 4109 776 4148; x_wconf 84' lang='lat' dir='ltr'>tra</span> <span class='ocrx_word' id='word_1_407' title='bbox 787 4098 859 4145; x_wconf 81' lang='lat' dir='ltr'>habet</span> <span class='ocrx_word' id='word_1_408' title='bbox 868 4097 961 4144; x_wconf 79' lang='lat' dir='ltr'>obscura</span> <span class='ocrx_word' id='word_1_409' title='bbox 972 4097 1056 4143; x_wconf 79' lang='lat' dir='ltr'>tinctas</span> <span class='ocrx_word' id='word_1_410' title='bbox 1058 4094 1186 4159; x_wconf 80' lang='lat' dir='ltr'>ferrugine</span> <span class='ocrx_word' id='word_1_411' title='bbox 1197 4093 1237 4139; x_wconf 82' lang='grc' dir='ltr'><strong>1ο-</strong></span> 
     </span>
     <span class='ocr_line' id='line_1_65' title="bbox 187 4170 917 4237; baseline -0.003 -20"><span class='ocrx_word' id='word_1_412' title='bbox 187 4171 292 4220; x_wconf 84' lang='lat' dir='ltr'>exercitu</span> <span class='ocrx_word' id='word_1_413' title='bbox 317 4179 490 4237; x_wconf 80' lang='lat' dir='ltr'>comparantur.</span> <span class='ocrx_word' id='word_1_414' title='bbox 534 4171 597 4220; x_wconf 88' lang='lat' dir='ltr'>Hinc</span> <span class='ocrx_word' id='word_1_415' title='bbox 626 4170 690 4236; x_wconf 88' lang='lat' dir='ltr'>apud</span> <span class='ocrx_word' id='word_1_416' title='bbox 741 4170 917 4227; x_wconf 60' lang='lat' dir='ltr'>iimmot.</span> 
     </span>
    </p>
   </div>
   <div class='ocr_carea' id='block_1_8' title="bbox 0 0 1416 5010">
    <p class='ocr_par' dir='ltr' id='par_1_13' title="bbox 0 0 1416 5010">
     <span class='ocr_line' id='line_1_66' title="bbox 0 0 1416 5010; baseline 0 0"><span class='ocrx_word' id='word_1_417' title='bbox 0 0 1416 5010; x_wconf 95' lang='lat' dir='ltr'> </span> 
     </span>
    </p>
   </div>
  </div>
 </body>
</html>
