2812 5010
188 333 254 398 164

487 331 525 396 Ρ.
550 329 711 398 OVIDII
735 331 946 400 NASONIS

188 506 391 580 Flumineae
408 507 578 581 volucres
593 507 718 581 medio
732 507 881 582 caluere
901 509 1078 605 Caystro,

186 624 297 696 Nilus
317 623 355 694 in
372 634 582 698 extremum
600 624 695 721 fugit
712 625 932 723 perterritus
946 627 1090 712 orbern,
1156 633 1230 702 254

186 738 577 837 Occuluitquecaput,
590 740 951 837 quodadhuclatet:
973 740 1072 815 ostia
1082 753 1231 840 septem

186 855 453 959 Pulverulenta
469 867 613 944 vacant,
634 870 780 956 septem
800 859 880 932 sine
898 857 1052 932 flumine
1069 859 1200 934 vallea.

184 970 1228 1071 ForseademlsmariosHebrumcumStrymonesiccat,

184 1086 467 1184 Hesperiosque
502 1112 643 1173 amnne,
681 1088 869 1174 Rhenum,
908 1088 1228 1188 Rhodanumque,

334 1203 571 1302 Padumque,

185 1319 334 1418 Cuique
352 1320 422 1393 fuit
439 1345 563 1394 rerum
581 1320 765 1420 promissa
782 1320 962 1419 potentia,
983 1319 1170 1418 Thybrin.

182 1592 244 1641 Hist.
260 1592 277 1640 i.
290 1593 328 1640 14.
346 1607 378 1640 an
393 1592 462 1656 cycni
478 1599 575 1640 cantum
591 1591 678 1650 edant,

181 1666 223 1715 scd
250 1665 299 1716 vid.
318 1665 412 1714 Ernesti
438 1665 470 1714 ad
496 1664 678 1722 Callimachum,

181 1739 269 1804 hymno
279 1738 360 1804 Apoll.
371 1742 395 1788 5.
404 1739 446 1787 ubi
457 1737 584 1787 vidalinus
592 1748 678 1796 narrat,

92 1864 95 1871 ,
182 1830 207 1862 se
217 1815 242 1862 'm
252 1813 360 1862 Islandia
369 1829 416 1861 non
426 1828 478 1861 raro
488 1822 585 1862 cantum
592 1827 677 1877 cycno·

183 1904 234 1936 rum
251 1889 321 1952 longe
338 1887 501 1936 suavissimum
519 1902 611 1936 summa
624 1903 679 1936 cum

181 1962 302 2028 voluptate
318 1961 450 2021 audivisse3
473 1960 533 2010 illud
551 1961 621 2009 modo
637 1977 678 2010 ne-

182 2045 231 2101 gat,
239 2053 279 2085 eos
289 2037 358 2085 morti
370 2036 458 2085 vicinos
468 2051 561 2085 canere.
580 2035 614 2084 At
625 2052 679 2085 vcro

179 2112 245 2160 illam
262 2112 407 2177 voluptatem
417 2110 507 2159 reditus
516 2109 578 2158 veris
592 2110 678 2174 potius,

181 2202 254 2251 quam
272 2187 313 2250 qui
331 2185 423 2234 indicat
439 2199 566 2249 cycnorum
586 2182 678 2232 redien-

181 2260 242 2309 tium
253 2268 336 2308 cautus
347 2258 453 2324 inspirat.
471 2259 517 2306 Ed.

213 2335 270 2383 253.
291 2333 415 2382 Flumineis
436 2331 558 2394 uolucres]
593 2330 678 2394 Cycni,

181 2408 222 2474 qai
232 2409 367 2472 frequentes
376 2407 402 2455 in
412 2415 460 2454 tcto
474 2406 516 2454 illo
526 2404 590 2453 Asia
601 2412 679 2453 tractu

181 2482 319 2530 commorari
327 2481 448 2530 solebant:
460 2480 532 2529 Hom.
539 2480 570 2527 Il.
581 2483 610 2527 B.
616 2480 679 2538 4603

180 2557 249 2620 Virg.
260 2557 348 2620 Georg.
356 2553 372 2604 i.
381 2558 431 2604 383
443 2571 510 2619 sqq.;
528 2553 679 2602 DionAlex.

180 2634 236 2680 333.
263 2631 322 2679 Inde
341 2629 432 2688 κύκνος
454 2633 595 2693 Καΰστρου,
615 2628 679 2692 apud

180 2704 324 2753 Anacreont.
334 2703 399 2767 hym.
411 2702 493 2767 Apoll.
502 2705 526 2752 3.
536 2702 626 2750 Amant
636 2717 677 2750 an·

180 2785 228 2826 tem
236 2777 305 2840 cycni
309 2779 421 2841 flamiam.
427 2776 491 2826 Vide
499 2778 555 2826 379.
576 2777 678 2839 Cayster,

180 2868 193 2900 e
205 2851 321 2901 Cilbianis
333 2850 399 2916 jugis
415 2852 497 2906 oritur,
508 2865 556 2898 non
569 2849 651 2914 procul
665 2865 680 2897 a

179 2925 262 2972 Tmolo
281 2931 369 2979 monte,
390 2923 490 2988 Lydiam
517 2923 607 2986 irrigat,
628 2930 679 2971 tum

180 2998 300 3064 Ephesum
317 2997 395 3053 alluit,
410 2998 507 3047 tandem
522 2997 547 3044 in
561 3013 625 3045 mare
641 2997 677 3045 in·

180 3070 292 3120 funditur.
320 3071 403 3120 Strabo
425 3070 474 3120 xiii.
494 3087 519 3136 p.
538 3072 594 3119 626.
614 3071 677 3119 Plin.

180 3144 244 3193 Hist.
254 3145 311 3194 Nat.
322 3162 345 3192 v.
355 3147 396 3194 29.
493 3156 495 3159 ’

212 3220 268 3268 254.
293 3219 363 3266 Nilos
382 3224 407 3267 ia
428 3218 676 3281 extremum—orbem]

179 3293 298 3341 Brouclrh.
318 3292 350 3340 ad
368 3293 474 3358 Propert.
491 3293 527 3341 II.
546 3292 615 3356 Eleg.
628 3291 678 3340 xiii.

179 3369 219 3419 40.
233 3374 321 3423 monet,
332 3366 432 3414 Veteres
446 3382 488 3431 per
502 3376 626 3414 extrusum
642 3382 678 3412 or-

179 3444 226 3490 bem
240 3439 386 3489 intellexisse
406 3441 547 3504 AEgyptum,
564 3454 637 3503 quam
654 3439 678 3487 in

178 3532 227 3565 rem
248 3515 332 3564 laudat
354 3513 426 3562 etiam
446 3514 509 3562 hunc
529 3514 576 3561 loc.
611 3512 679 3561 Male

178 3600 314 3654 utrumque.
348 3588 443 3636 Etenim
458 3604 538 3637 omnes
549 3597 623 3637 terras
637 3595 679 3636 aut

178 3663 400 3720 remotissimas,aut
407 3664 505 3712 Oceano
513 3661 678 3718 conterminas,

178 3737 282 3787 Romani
294 3746 417 3785 extremum
431 3746 473 3784 ant
486 3737 595 3784 ultimum
605 3736 678 3782 orbem

178 3812 296 3867 dixerunt,
307 3829 330 3860 v.
339 3827 363 3860 c.
381 3810 485 3866 Indiam,
495 3809 578 3859 Amor.
589 3810 626 3857 ΙΙ.
643 3809 677 3858 vi.

179 3888 225 3945 38;
241 3888 353 3940 Pontum,
366 3887 388 3933 l.
403 3885 475 3933 Trist.
486 3885 504 3933 i.
518 3886 580 3945 127;
597 3884 647 3933 111.
659 3883 677 3932 i.

178 3961 225 4017 503
236 3958 385 4023 Hispaniam,
393 3960 485 4007 Lucan.
494 3958 535 4007 vii.
543 3960 601 4007 541.
627 3959 677 4006 Nc·

180 4048 226 4096 que
249 4033 293 4081 hoc
313 4031 364 4096 ipso
381 4033 433 4080 loco
451 4034 572 4098 AEgyptus
588 4031 677 4081 intelli-

180 4107 258 4170 genda
280 4115 325 4163 est,
345 4107 388 4155 sed
409 4107 542 4172 AEthiopia,
563 4108 627 4156 unde
653 4107 678 4155 in

181 4173 314 4245 AEgyptnm
332 4181 404 4229 Nilus
419 4180 523 4246 profluit.
543 4181 621 4229 Etiam
633 4182 677 4228 [Ε-

729 1590 806 1654 schyl.
825 1592 905 1639 Proin.
921 1592 977 1639 313.
995 1588 1143 1655 AEthiopism
1161 1600 1232 1640 vocat

729 1664 851 1731 τηλουρὸν
871 1668 932 1729 γῆν,
951 1663 992 1712 ubi
1010 1681 1035 1712 v.
1056 1664 1162 1713 Schuetz.
1183 1665 1231 1714 Sed

729 1739 856 1788 Veteribus
876 1737 951 1803 ignoti
975 1747 1042 1787 erant
1062 1738 1140 1787 fontes
1163 1738 1231 1799 Nili;

730 1813 802 1870 unde,
818 1815 920 1861 occuluit
936 1822 1014 1874 caput,
1031 1815 1090 1875 quod
1104 1814 1180 1862 adhue
1196 1815 1232 1862 lc·

730 1896 762 1934 tet
768 1904 777 1944 ,·
795 1885 882 1950 quihus
892 1886 970 1934 verbis
980 1884 1097 1950 expressit
1105 1885 1196 1935 Tibull.
1206 1886 1231 1937 I.

729 1962 772 2011 vii
783 1964 829 2010 23:
849 1962 905 2011 Nile
916 1972 991 2024 pater,
1002 1978 1101 2024 quorsom
1110 1977 1197 2024 possum
1209 1973 1232 2011 tc

728 2038 953 2094 <immensuraliter
967 2038 1047 2099 quibus
1061 2039 1088 2083 ἐπ
1102 2039 1178 2094 terris,
1192 2053 1230 2085 oc-

728 2113 826 2159 culuisse
836 2111 923 2172 caput?
951 2111 1050 2158 Fontem
1061 2108 1113 2156 Nili
1124 2125 1231 2174 quarere

728 2184 784 2232 olim
794 2184 856 2232 inter
866 2199 953 2248 magna
963 2182 1110 2248 problemata
1120 2184 1231 2232 relatum.

729 2258 822 2306 Nostris
837 2257 989 2322 temporibus,
1003 2256 1079 2304 Brucs
1096 2257 1231 2320 penetrarit

729 2331 760 2380 ad
770 2340 817 2380 tres
826 2331 878 2396 ejus
890 2332 965 2378 fontes
975 2330 1001 2377 in
1011 2329 1151 2394 Abyssinia.

762 2407 818 2454 255.
837 2406 913 2466 Caput
928 2403 993 2453 fluvii
1010 2411 1046 2452 est
1061 2404 1123 2460 lons,
1142 2419 1191 2452 non
1204 2420 1231 2453 o-

729 2479 808 2536 stium,
819 2489 846 2528 ut
856 2478 954 2543 quidam
962 2479 1083 2542 putarunt.
1100 2479 1140 2526 De
1149 2487 1232 2540 septem

728 2557 797 2611 ostiis,
808 2553 859 2602 vid.
871 2552 1081 2601 Suessatium.
1092 2551 1172 2601 Hodie
1182 2553 1231 2601 dno

728 2636 821 2676 tantum
842 2636 932 2676 restant
953 2625 1107 2691 navigabilis,
1128 2642 1230 2690 quorum

728 2701 796 2750 alteri
813 2701 907 2765 adjacet
922 2701 1021 2756 Rosctte,
1038 2699 1095 2748 olim
1107 2700 1230 2764 Canopus,

729 2776 796 2824 alteri
813 2776 936 2831 Damiette,
947 2773 1005 2822 olim
1017 2773 1149 2821 Pelusium.
1186 2774 1231 2821 Vc-

727 2859 791 2906 cant‚
804 2864 888 2905 vacua,
899 2847 1014 2896 destituta
1022 2855 1078 2895 sunt
1087 2845 1165 2910 aquis.

762 2924 822 2972 257.
840 2923 944 2970 Hebrum
953 2938 1005 2970 oum
1012 2920 1155 2984 Strymona]
1180 2920 1232 2968 He·

726 2996 783 3045 brus
800 3004 825 3044 et
839 2997 949 3059 Strymon
966 2993 1032 3042 fluvii
1050 2993 1168 3050 Thracia,
1187 2993 1230 3057 qui

727 3067 752 3117 in
766 3084 831 3118 mare
842 3070 948 3132 AEgenm
964 3067 1080 3123 defluunt,
1092 3065 1131 3114 hic
1142 3081 1157 3114 e
1168 3067 1232 3114 Paa-

727 3159 772 3206 geo
785 3151 874 3198 monte,
884 3140 926 3189 ille
935 3144 971 3189 'ex
985 3141 1080 3188 Haemo.
1114 3139 1231 3197 Ismarios,

728 3216 753 3264 id
768 3223 804 3265 est
816 3214 944 3264 Thracicos
951 3233 959 3274 ;
977 3229 1032 3262 nam
1048 3213 1150 3261 Incarus
1164 3229 1232 3262 mons

727 3290 843 3348 Thraciae,
855 3291 909 3340 vino
921 3288 1018 3337 nobilis.

760 3367 817 3414 253.
834 3366 997 3426 Hesperiosque
1007 3362 1103 3426 omnm]
1139 3363 1231 3428 Hespe·

728 3438 796 3495 riam,
807 3438 833 3486 id
844 3445 879 3486 est
890 3445 976 3485 terram
984 3436 1166 3491 occidentalem,
1178 3436 1231 3485 dix·

729 3520 797 3561 erunt
814 3512 920 3559 Romani
937 3526 984 3558 non
1001 3509 1072 3558 modo
1085 3509 1231 3575 Hispaniam

728 3593 753 3635 et
768 3585 883 3643 Galliam,
901 3585 943 3634 sed
961 3583 1042 3641 etiam,
1059 3584 1233 3633 consuetudine

729 3658 1080 3724 Graeeomm,ipsam1miam:
1092 3658 1232 3723 vidaSpan·

728 3735 793 3784 hem.
805 3735 836 3785 ad
852 3733 996 3784 Callimach.
1007 3733 1031 3781 h.
1041 3733 1099 3782 Del.
1109 3748 1161 3782 ver.
1175 3733 1231 3780 174.

730 3810 818 3858 Rerum
833 3812 946 3871 potentio,
962 3806 1088 3872 imperium
1104 3807 1167 3854 orbis
1184 3814 1232 3855 ter-

729 3899 816 3941 rarum,
829 3883 892 3948 qnod
905 3883 1045 3948 promissum
1055 3889 1091 3930 est
1102 3882 1188 3928 Romae
1200 3880 1231 3929 ad

730 3956 828 4004 Tiberim
839 3957 907 4017 sitae;
923 3955 965 4004 sed
980 3962 1057 4020 poetas
1066 3953 1145 4003 fluviis
1155 3953 1235 4002 tribu·

729 4038 780 4086 unt,
791 4047 845 4095 qna
859 4029 958 4079 urbibus
972 4028 1138 4095 adjacentibus
1144 4043 1231 4077 conve-

729 4103 806 4153 niunt-
