2812 5010
365 315 832 386 METAMORPHOSEON
855 317 945 384 LIB.
968 317 1051 384 v11.
1158 319 1224 388 487

179 487 255 562 Vix
268 491 365 563 bene
376 491 512 564 missus
526 499 617 578 erat,
626 513 695 564 nec
701 491 782 587 jem
793 500 1019 589 poteramus,
1031 491 1096 567 ubi
1106 502 1222 581 esset,

181 602 307 678 Scire:
327 606 467 702 pedum
480 605 622 679 calidus
637 604 795 700 vestigia
807 605 928 702 pulvis
942 607 1125 696 hebebat3
1147 611 1220 682 775

181 718 269 817 lpse
287 721 405 794 oculis
423 733 573 819 ereptus
592 732 693 797 eret:
722 745 796 795 non
815 720 916 796 ocior
933 720 997 794 illo

180 833 312 920 Hasta,
332 861 402 909 nec
421 861 590 911 excussae
608 847 778 910 contorto
796 838 950 912 verbere
968 836 1138 932 glandes,

180 948 261 1022 Nec
278 951 509 1048 Gortyniaco
527 954 693 1026 calamus
711 950 805 1027 levis
821 951 901 1025 exit
919 953 966 1025 ab
984 976 1086 1026 arou.

180 1064 298 1137 Collis
316 1090 414 1164 apex
428 1067 541 1140 medii
559 1067 739 1164 subjectis
756 1066 926 1142 imminet
943 1067 1060 1141 arvis:

179 1179 305 1254 Tollor
321 1206 378 1268 eo,
398 1183 583 1279 capioque
601 1184 686 1256 novi
704 1183 920 1279 spectacula
937 1206 1090 1257 cursus:
1146 1186 1221 1257 780

180 1303 264 1386 Quo
282 1307 394 1377 modo
412 1307 605 1402 deprendi,
626 1306 744 1408 modo.
755 1331 795 1380 se
814 1307 1023 1380 subducere
1040 1307 1086 1380 ab
1104 1305 1186 1403 ipso

179 1418 343 1492 Vulnere
360 1421 440 1491 visa
456 1419 534 1494 fera
551 1431 631 1493 est:
660 1444 730 1493 nec
747 1421 864 1494 limite
881 1421 1019 1494 callida
1035 1431 1151 1507 recto,

180 1532 224 1603 ln
244 1536 451 1630 spatiumve
468 1535 585 1630 fugit3
607 1535 683 1607 sed
701 1535 843 1633 decipit
860 1559 925 1609 ora
942 1535 1148 1633 sequentis,

181 1646 230 1720 Et
249 1648 344 1720 redit
361 1649 398 1720 in
418 1673 563 1746 gyrum,
580 1674 627 1721 ne
645 1648 693 1722 eit
710 1673 800 1722 suus
819 1650 983 1748 impetus
1000 1651 1112 1724 hosti.
1146 1654 1218 1724 784

180 1760 356 1836 Imminet
365 1763 438 1848 hic,
448 1764 692 1861 sequiturque
702 1787 847 1861 parem:
862 1763 1221 1862 similisquetenenti

180 1876 266 1948 Non
280 1888 395 1964 tenet,
412 1889 451 1951 et
468 1903 605 1950 vacuos
623 1889 775 1952 exercet
792 1879 830 1951 in
848 1905 935 1954 aera
952 1904 1111 1954 morsus.

178 1990 239 2063 Ad
252 1992 368 2087 jaculi
385 1994 556 2066 vertebar
573 2017 705 2090 opem:
735 1995 837 2088 quod
855 1995 1012 2068 dextera
1029 1995 1141 2067 librat

179 2106 279 2177 Dum
298 2130 393 2189 mee,
413 2107 502 2178 dum
516 2107 652 2202 digitos
670 2109 829 2181 amentis
844 2109 971 2183 indere
985 2119 1103 2195 tento,

179 2221 335 2294 Lumina
352 2221 502 2307 deflexi,
522 2231 769 2317 revocataque
786 2246 913 2296 rursus
931 2224 1064 2299 eodem

179 2335 435 2426 Rettuleram3
458 2338 593 2425 medio,
613 2338 765 2412 mimml
790 2339 865 2413 duo
883 2364 1068 2415 marmora
1085 2363 1218 2436 campo

177 2452 352 2548 Aspicio:
380 2452 509 2548 fugere
526 2454 611 2539 hoo,
630 2453 723 2528 illud
740 2454 875 2528 latrare
892 2466 1057 2553 putares.
1144 2458 1213 2528 791

209 2736 264 2783 775.
283 2735 384 2790 calidos,
395 2735 421 2782 in
435 2751 482 2799 quo
500 2736 579 2785 calida
595 2735 673 2786 adhuc
722 2753 759 2785 sus
770 2735 848 2801 (olim,
860 2743 885 2784 et
900 2737 925 2784 in
940 2734 1023 2801 Regiis
1038 2735 1122 2786 nostris
1139 2736 1217 2786 minus

175 2809 294 2865 recentia,
314 2809 413 2873 vestigia
440 2809 536 2874 pedum.
571 2811 673 2860 Glande
721 2811 782 2859 bene
793 2810 881 2873 vante.)
892 2810 950 2860 dum
959 2811 1044 2877 vulpes
1060 2826 1086 2861 se
1104 2810 1216 2860 subducit

176 2882 300 2946 plumbeae.
339 2883 473 2940 Cretenses,
495 2900 592 2947 qnorum
616 2885 673 2932 urbs
721 2884 845 2942 morsibus,
858 2893 886 2934 ut
900 2885 966 2934 canis
980 2884 1014 2933 nil
1028 2884 1073 2934 nisi
1086 2900 1215 2933 aemmor-

176 2957 288 3018 Gortyoe,
315 2956 452 3004 nobilissimi
487 2966 554 3004 erant
577 2957 671 3022 jacula·
721 2957 786 3007 deat.
820 2958 936 3023 Exempla
950 2957 1038 3007 similia
1047 2959 1120 3007 habet
1129 2959 1216 3008 Heius.

174 3037 244 3084 tores,
271 3029 522 3094 praeetantiseimosque
543 3031 672 3088 iaciebant,
721 3032 811 3081 Morsus
837 3049 937 3082 exercere
970 3031 1117 3096 exquisitius,
1143 3048 1215 3097 quam

175 3119 244 3151 arcus
265 3112 289 3151 et
310 3103 417 3166 sagittas.
459 3105 548 3153 Confer
566 3104 591 3152 ii.
608 3106 671 3166 7273
720 3106 835 3155 mordere.
860 3106 935 3155 Paulo
947 3106 1024 3162 aliter,
1036 3105 1085 3155 viii.
1095 3107 1152 3157 826.
1167 3107 1215 3155 Eu·

175 3176 223 3224 xiv.
234 3177 290 3225 825.
314 3176 589 3232 Verber,lorumlundae.
608 3179 670 3235 Exit,
720 3182 836 3229 ereetcibo
845 3181 1117 3245 delusumgutturinani.
1132 3181 1216 3229 Anten-

176 3249 264 3298 evolat.
721 3265 778 3311 tum,
789 3254 954 3311 loramentum,
964 3253 1029 3319 quod
1041 3253 1172 3304 addebatur
1179 3255 1218 3320 je·

208 3325 264 3374 780.
284 3324 408 3371 Tolluntor
425 3338 481 3371 aves
499 3323 523 3371 in
541 3339 605 3381 aera,
615 3324 671 3376 hine
721 3329 775 3377 culo
790 3326 928 3384 emittendo,
939 3343 1058 3391 manuque
1072 3326 1216 3379 retinebatur

175 3406 200 3446 et
217 3397 258 3460 qui
275 3396 406 3446 escendunt
423 3397 448 3444 in
463 3405 576 3445 montem.
602 3399 673 3459 Capio
721 3402 761 3450 illo
772 3402 871 3450 emisso:
890 3401 933 3452 xii.
944 3403 1001 3451 321.
1015 3405 1113 3449 inserere
1129 3412 1217 3451 amento

174 3473 312 3533 spectacula,
324 3480 414 3536 specto,
428 3481 455 3519 ut
465 3487 498 3519 ιιι
509 3472 566 3520 246.
600 3472 670 3530 Novi,
720 3478 812 3539 digitos.
847 3475 986 3540 inderepro
1002 3476 1085 3522 adden
1101 3490 1115 3522 e
1130 3489 1214 3539 perte·

174 3544 284 3593 inauditi.
311 3545 424 3609 Sequitur
442 3545 508 3593 locus
528 3560 575 3593 non
595 3544 672 3595 minus
720 3556 784 3595 tusto
794 3546 883 3596 Codice
897 3547 986 3612 primus
998 3545 1088 3597 notavit
1096 3553 1121 3596 et
1131 3561 1215 3613 appro-

174 3617 294 3681 ingeniose
312 3618 422 3683 scriptus,
436 3633 508 3682 quam
522 3618 538 3665 i.
554 3619 602 3668 533
618 3633 671 3683 sqq.
721 3621 785 3670 berit
796 3620 961 3684 Merisngelus
971 3620 1109 3670 Accursius.

174 3707 246 3754 quem
268 3692 383 3740 conseras.
427 3692 518 3752 Decipit
546 3689 670 3754 exquisite,
754 3696 809 3743 789.
826 3693 941 3743 Renovato
961 3694 1099 3743 rettulerunt
1115 3709 1130 3741 e
1147 3693 1216 3758 copie

175 3764 266 3827 effugit.
301 3765 337 3812 Ne
352 3767 380 3812 sit
396 3781 458 3815 sous.
471 3777 517 3813 etc.
527 3780 557 3812 ne
573 3764 606 3812 uti
617 3780 671 3828 pos-
720 3768 822 3833 poetica,
839 3783 914 3832 quum
930 3768 1069 3817 alterutrum
1084 3767 1142 3816 setis
1157 3766 1215 3816 iuis·

175 3837 207 3885 sit
217 3839 315 3902 impetu,
327 3855 374 3902 quo
389 3839 450 3887 solet
460 3837 484 3885 in
494 3838 598 3904 predam
609 3839 671 3888 ferri.
719 3850 764 3891 set.
796 3843 855 3891 Post
871 3842 1014 3897 rettulerant,
1025 3838 1109 3889 nostris
1120 3839 1215 3889 Codici-

208 3914 266 3962 785.
280 3915 371 3971 Parem,
383 3930 468 3979 nempe
485 3930 564 3964 cursu.
589 3914 670 3964 Verba
719 3917 765 3965 bus
784 3915 894 3965 inseritur
910 3925 941 3972 et,
957 3930 1011 3980 quie
1031 3913 1148 3980 particule
1165 3914 1214 3965 vim

175 3990 370 4036 imminet-tenet
381 3987 565 4036 condonabimus
575 3987 669 4051 ingenio
718 3988 786 4037 addit
806 3987 942 4046 narrationi,
962 3987 1026 4039 idem
1054 3995 1120 4037 sonat
1142 3993 1214 4051 etque

176 4061 266 4116 Ovidii,
286 4062 348 4126 quod
367 4061 437 4110 nimis
453 4063 589 4110 immoratur
606 4062 669 4127 ejus·
718 4079 777 4111 eote.
811 4063 865 4112 Dee
882 4060 1215 4120 semermemque

175 4134 240 4182 modi
258 4136 335 4184 rebus.
368 4134 415 4184 Sed
433 4137 594 4185 benenatum
611 4152 668 4184 mor-
718 4136 795 4201 signa.
