2812 5010
175 338 220 403 84
467 335 507 400 Ρ.
532 334 694 402 OVIDII
718 333 931 405 NASONIS

178 510 383 597 Coelicolae,
402 509 569 608 clarique
588 534 675 584 suos
693 532 851 608 posuere
869 518 1038 609 penates.

179 627 252 700 Hie
270 628 375 700 locus
393 636 464 713 est,
484 650 610 722 quem,
630 625 662 699 si
680 626 804 703 verbis
822 628 980 701 andacia
997 627 1120 713 detur,
1152 631 1223 699 175

177 743 291 818 Haud
307 744 460 817 timeam
477 744 603 840 magni
620 742 764 819 dixisse
782 745 930 819 Palatia
947 745 1045 818 coeli.

228 861 328 957 Ergo
346 859 411 932 ubi
428 883 635 943 marmoreo
656 861 790 959 Superi
807 861 939 935 sedere
957 884 1123 944 recessu,

176 1136 284 1186 valentes
301 1133 379 1198 gratia
394 1141 420 1182 et
435 1133 585 1190 auctoritate,
603 1140 674 1198 atque
724 1136 836 1202 adscripti
851 1144 876 1185 et
891 1135 981 1202 recepti
994 1138 1077 1201 postea
1089 1134 1115 1182 in
1125 1134 1224 1190 coelum,

169 1213 235 1275 ¹,cieri
253 1210 290 1259 vel
311 1208 431 1256 natalibus
448 1208 486 1256 vel
504 1209 574 1257 rebus
591 1207 674 1272 gestis.
725 1210 758 1259 dii
771 1210 843 1271 lacti;
859 1220 887 1259 ut
900 1218 978 1276 patres
989 1209 1105 1257 minorum
1115 1216 1140 1257 et
1150 1209 1224 1273 majo-

176 1285 239 1335 Vide
251 1284 316 1333 Cort.
325 1281 356 1331 ad
366 1282 525 1331 Sallustcn.
537 1284 578 1330 38.
590 1283 607 1330 i.
627 1282 675 1331 Sed
725 1300 776 1332 rum
787 1283 894 1350 gentium
904 1284 988 1332 Romae
999 1290 1074 1332 erant.
1109 1283 1198 1330 Bnnsr.

175 1359 202 1407 lri
213 1358 255 1408 Dii
268 1367 368 1419 patema
378 1355 520 1405 differuntne
531 1371 545 1403 a
555 1358 674 1414 nobilibus,
760 1360 814 1409 176.
826 1360 851 1408 Si
861 1361 933 1408 uerbis
940 1360 1037 1407 audacia
1045 1356 1135 1419 rietus]
1154 1355 1222 1404 Adu-

175 1448 304 1497 eornmque
320 1440 411 1494 penates
433 1431 464 1478 ab
482 1431 577 1479 illorum
596 1431 676 1481 atriisl
726 1434 783 1482 latio
804 1434 830 1482 in
847 1434 991 1498 Augustum,
1008 1433 1076 1498 cujus
1096 1432 1180 1479 domus
1200 1431 1224 1478 in

175 1507 213 1556 Ea
232 1505 311 1571 opinio
329 1504 374 1553 luit
392 1503 474 1562 Rodii,
491 1505 532 1569 qui
549 1507 634 1555 Jovem
651 1513 676 1553 et
726 1516 805 1558 monte
822 1509 931 1557 Palatino
951 1509 1071 1556 Palatium
1091 1505 1156 1554 dicta
1178 1514 1224 1554 est.

175 1583 295 1632 ,Iunonem
316 1579 355 1627 hic
372 1578 474 1644 intelligi
494 1580 593 1629 monuit.
629 1579 676 1628 Sed
726 1583 868 1633 Constructa
888 1590 968 1630 autem
991 1587 1042 1629 erat
1067 1595 1096 1629 ex
1117 1579 1224 1645 pluribus

176 1655 269 1706 nonita
280 1664 323 1703 est.
356 1653 436 1703 Antea
446 1656 678 1718 dettramicuampue
726 1657 833 1707 aedificiis
850 1656 980 1704 minoribus
998 1656 1022 1703 in
1038 1654 1108 1704 unius
1126 1654 1224 1702 maximi

90 1730 91 1733 ’
176 1739 271 1780 tantum
289 1739 511 1780 commemoraverat
525 1740 609 1795 poeta;
625 1730 676 1795 jam
725 1731 836 1797 speciem.
869 1733 901 1778 Et
918 1730 952 1779 sic
971 1728 1101 1793 comparari
1122 1744 1177 1776 curn
1196 1744 1224 1777 eo

175 1806 230 1855 loca
241 1802 375 1853 accuratius
384 1803 478 1852 definit:
495 1805 562 1852 Plebs
573 1806 676 1852 habitant
725 1813 817 1870 poterat
827 1804 932 1854 coelestis
940 1804 982 1852 illa
990 1803 1065 1851 sedes.
1098 1804 1155 1850 Non
1165 1801 1226 1851 dixit

176 1883 267 1929 diuersa
285 1880 345 1936 locis,
357 1877 456 1927 diversis
472 1877 530 1926 locis
547 1879 609 1942 (ver.
619 1879 659 1926 40.
662 1883 674 1940 )
726 1880 787 1927 haud
805 1881 913 1935 dubitem,
931 1885 958 1926 nt
977 1878 1049 1926 MSS.
1065 1875 1163 1940 quidam
1182 1876 1225 1925 he·

177 1954 221 2004 sed
231 1955 314 2002 rwbiles
322 1969 364 2002 seu
374 1961 499 2014 potenteis
507 1952 600 2016 fronte,
611 1949 675 2000 scili·
724 1954 790 2011 bent,
801 1953 844 2001 sed
859 1951 1003 2001 reverentius
1013 1955 1111 2000 timeam.
1144 1951 1225 1999 Auda-

176 2034 217 2077 cet
230 2026 316 2092 regalis
326 2027 417 2075 domus.
450 2025 518 2074 Adeo
533 2025 674 2082 insueverat,
724 2029 783 2076 mam
801 2042 867 2075 suam
886 2032 992 2080 excuset,
1008 2040 1064 2080 non,
1081 2032 1108 2072 ut
1124 2023 1226 2072 Ienzius

175 2111 267 2164 penates
277 2100 308 2148 de
320 2099 389 2148 domo
401 2098 487 2157 dicere,
496 2108 522 2148 ut
532 2107 602 2163 poeta
611 2114 674 2147 nnnc

176 2175 250 2224 etiam
277 2174 308 2222 ad
332 2173 440 2222 Deorum
466 2173 569 2238 ipsorum
593 2171 675 2222 domos

177 2247 337 2299 transtulerit:
356 2247 387 2296 cf.
404 2265 428 2296 v.
439 2248 495 2296 775.
528 2246 617 2294 Ponere
633 2240 676 2295 do-

128 2386 132 2394 .
177 2340 236 2379 mos,
247 2322 364 2381 condere3
385 2322 471 2371 Graece
488 2318 574 2370 θέσθαι
590 2319 674 2379 οἰκίας.

179 2399 287 2460 Ginrique
297 2413 346 2444 suos
358 2412 450 2458 posuere
460 2404 560 2457 periotes.
581 2395 628 2443 Hic
640 2402 676 2443 est

177 2470 269 2536 aliquid
280 2470 343 2535 quod
354 2485 369 2517 a
383 2469 476 2518 nemine
487 2468 675 2517 animadversum

176 2545 249 2595 luisse
265 2544 375 2600 demiror,
385 2559 478 2609 nempe,
492 2553 592 2605 potenter
606 2544 675 2593 cinri-

176 2637 236 2684 pue5
253 2626 369 2668 ettamen
380 2617 434 2683 quis
444 2617 488 2666 hoc
500 2618 567 2675 serat,
579 2617 623 2666 uisi
634 2617 676 2682 qui

176 2693 241 2743 omni
252 2709 323 2742 sensu
334 2692 444 2742 carminis
454 2699 534 2741 careat
549 2700 573 2741 et
588 2691 627 2740 cui
639 2707 677 2741 res

178 2783 194 2816 a
205 2768 298 2832 judicio
313 2767 375 2815 male
391 2766 496 2815 babenti
513 2766 563 2815 Alii
580 2766 677 2814 fortasse

177 2840 263 2888 melius
281 2839 424 2905 conjecerint
439 2847 464 2887 et
479 2838 537 2886 mihi
553 2839 610 2887 satis
626 2855 677 2888 esse

177 2913 491 2979 debeterroremaperuisse.
515 2915 621 2978 legebat
630 2916 677 2963 Ta-

177 2990 324 3054 uaq0Faber,
329 2989 406 3054 Epist.
412 2988 439 3037 ii.
445 2991 484 3038 69:
492 2991 511 3036 Α
512 2990 678 3054 fractopoten·

178 3073 211 3113 tes
218 3065 326 3113 calinole
334 3065 375 3112 sibi
383 3067 531 3126 quisquemon
542 3079 677 3125 posuerepe-

177 3148 250 3188 nates.
273 3138 298 3187 Si
305 3138 339 3187 ita
345 3138 395 3187 sine
402 3137 468 3187 libris
474 3138 575 3202 grassari
579 3138 618 3203 jus
627 3137 677 3186 lne-

177 3212 216 3270 rit,
226 3211 284 3277 quid
295 3228 342 3260 non
352 3213 465 3276 refingere
477 3211 559 3261 licebit
569 3211 600 3260 ad
609 3227 678 3260 suum

177 3286 314 3338 arbitriuml
344 3287 375 3335 Et
401 3286 447 3334 hoc
473 3295 510 3336 est
536 3284 678 3336 calumniari

178 3363 295 3412 Veterum
327 3360 441 3426 loquendi
474 3360 676 3416 consuetudinem,

178 3436 220 3503 qui
237 3453 299 3505 saepe
317 3433 423 3501 epitheta
440 3436 499 3485 talia
514 3436 676 3500 geminabant,

177 3528 232 3577 quae
253 3509 334 3567 etiam,
354 3509 375 3558 si
396 3510 473 3574 arguti
494 3526 545 3559 esse
567 3509 676 3564 velimus,

177 3585 239 3637 inter
263 3600 288 3634 se
314 3582 408 3634 differre
434 3584 558 3633 ostendere
584 3583 677 3631 liceret.

180 3661 246 3709 Glari
260 3659 324 3708 enim
339 3666 401 3716 sunt,
412 3658 450 3708 vel
462 3660 492 3707 ob
504 3657 596 3706 nobiles
608 3665 676 3705 nata·

177 3733 221 3790 les,
237 3734 276 3782 vel
292 3734 322 3781 ob
338 3749 375 3783 res
392 3742 486 3797 gestas3
504 3748 581 3796 neque
599 3739 678 3780 temen

176 3806 231 3856 ideo
245 3807 351 3871 sequitur
366 3823 447 3857 omnes
457 3806 529 3855 etiam
543 3808 617 3855 claros
627 3821 678 3854 esse

725 2101 833 2166 putabat,
844 2108 871 2149 ut
888 2097 1026 2149 deteriorem
1043 2096 1110 2147 Jovis
1128 2097 1225 2145 domum

725 2175 815 2240 palatio
836 2173 942 2239 Augusti
963 2172 1095 2221 declararet
1116 2170 1226 2232 (sordida

726 2249 790 2299 enim
807 2249 890 2299 fuisset
904 2248 948 2296 illa
966 2245 1094 2308 adulatio),
1109 2245 1152 2294 sed
1166 2244 1225 2310 quie

726 2325 812 2374 summi
824 2323 871 2372 Dei
887 2322 991 2379 domurn,
1003 2337 1075 2387 quem
1092 2321 1156 2369 omni
1172 2320 1197 2368 h.
1208 2321 1225 2368 1.

725 2397 751 2448 in
770 2398 874 2448 maxima
895 2397 1020 2462 majestate
1041 2394 1151 2451 collocat,
1170 2410 1226 2442 cum

725 2473 830 2523 humana
839 2480 963 2521 ettenena
971 2477 1101 2536 comparat.
1135 2469 1227 2519 Eadem

726 2547 1029 2614 comparatioetIII.Trist.
1038 2545 1054 2593 i.
1067 2546 1152 2593 35-38.
1170 2547 1228 2595 Jarn

726 2623 789 2689 apud
806 2622 903 2670 Homer.
918 2620 966 2669 Od.
978 2618 1002 2668 δ.
1014 2621 1053 2668 74.
1069 2618 1228 2690 Telemachus

728 2713 782 2747 curn
802 2695 869 2746 Jovis
890 2693 1010 2760 Olympici
1034 2694 1090 2741 aula
1107 2694 1229 2759 componit

728 2770 835 2820 Menelai
844 2769 942 2834 regiam.

762 2847 817 2894 176.
828 2846 902 2894 Haud
913 2842 1022 2905 timeam]
1040 2843 1156 2900 Quetuor,
1165 2843 1228 2891 ltnud

728 2923 837 2969 dubitem.

762 2995 817 3044 177.
851 2992 968 3055 Rosciam]
1001 2990 1098 3042 Junian.
1132 2991 1230 3039 theatro.

728 3071 830 3119 Manent
838 3069 922 3126 Heius.
935 3076 959 3117 et
969 3069 1053 3116 Burm.
1063 3074 1088 3114 et
1103 3064 1160 3112 alibi
1172 3065 1231 3114 talia

727 3144 781 3195 loca
797 3147 891 3193 theatris
911 3141 1051 3208 comparari,
1070 3139 1128 3204 quia
1149 3139 1229 3189 Graeci

727 3217 857 3267 intheanis
865 3224 994 3266 conventus
1002 3212 1136 3263 habuerint.
1158 3213 1230 3279 Ergo.

728 3293 786 3340 Post
806 3291 973 3355 digressionem
993 3295 1088 3337 revocat
1114 3286 1229 3334 lectorem

729 3366 760 3414 ed
770 3366 912 3415 sententiam
924 3365 1056 3429 abruptam,
1068 3361 1093 3409 h.
1107 3361 1123 3408 l.
1135 3360 1229 3409 adver.

728 3442 782 3489 166.
824 3441 930 3489 Recessim
956 3446 980 3487 et
1002 3453 1095 3487 secessus
1116 3435 1229 3484 dicuntur

726 3515 810 3564 intima
827 3514 914 3563 aedium
935 3511 1070 3568 conclavia,
1093 3511 1119 3559 in
1141 3509 1229 3574 quibus

726 3589 821 3654 negotia
832 3604 917 3637 arcana
928 3586 1024 3635 tractari
1035 3586 1150 3634 solebant.
1165 3584 1229 3633 Vide

727 3664 846 3713 Schwarz.
855 3663 886 3711 ad
896 3662 960 3712 Plin.
971 3662 1060 3725 Paneg.
1070 3661 1109 3709 63.
1117 3659 1133 3707 i.
1155 3658 1194 3707 Sic
1206 3667 1231 3708 et

728 3739 769 3788 vii.
780 3739 844 3796 670;
862 3737 912 3786 xiv.
923 3739 981 3787 261.
990 3735 1031 3784 ubi
1050 3735 1119 3784 Circe
1132 3735 1232 3795 pulchra

728 3817 787 3862 sedet
813 3829 907 3862 recessu·
921 3812 1028 3859 Sublimis
1048 3811 1109 3857 solio.
1144 3809 1231 3856 Celsior

176 3879 318 3941 wiwiebid
335 3888 372 3928 θεῖ
384 3885 464 3947 gratia
481 3889 506 3929 et
518 3882 620 3942 potentia
636 3880 678 3927 ΕΟ·
728 3890 774 3949 ipse
787 3889 841 3935 icco.
874 3883 1112 3939 Sublimiorcaeteris,
1125 3890 1231 3944 utreges

177 3968 228 4003 tere
245 3953 270 4002 in
292 3954 360 4012 aulis,
375 3956 415 4005 vel
433 3955 543 4006 civitate:
569 3954 603 4004 sic
623 3970 678 4018 ergo
728 3960 901 4015 sederesolent,
913 3955 1230 4023 quolaciliusconspiciatur

177 4035 242 4076 recte
253 4027 366 4092 distingui
377 4038 482 4094 possunt.
506 4032 612 4078 Potentes
621 4045 677 4094 ergo
728 4034 885 4097 audieturque
896 4035 926 4082 ab
941 4032 1059 4081 omnibus.
1094 4031 1231 4092 Sceptraque

178 4101 221 4152 Dii
231 4102 359 4151 suntJovis
369 4104 447 4160 amici,
456 4103 594 4165 consiliarii3
609 4106 676 4160 clari,
726 4112 821 4158 tanim
835 4111 927 4157 eburno,
960 4108 1059 4173 Sceptra
1070 4113 1175 4154 veterum
1193 4119 1231 4153 re.

178 4175 220 4241 qui
230 4174 398 4240 antiquissimis
407 4177 461 4226 Diis
472 4178 610 4242 genitium
620 4194 676 4228 vero
726 4199 783 4246 gum
794 4190 862 4231 erant
870 4180 973 4238 hastilia,
980 4180 1058 4230 aureis
1066 4178 1164 4228 aereisve
1174 4178 1230 4228 bul-
