2812 5010
174 342 239 407 200
471 336 510 402 P.
534 334 695 402 OVIDII
719 334 930 402 NASONIS
1024 351 1026 355 ·

177 512 483 612 Munychiosque
501 512 629 585 volans
648 535 769 606 agros
786 522 1007 607 gratamque
1027 506 1207 582 Minervae

179 630 440 729 Despectabat
456 629 623 714 humum,
642 627 814 724 cultique
833 627 986 700 arbusta
1005 624 1147 724 Lycaei.

178 747 251 819 Illa
264 745 360 819 forte
379 744 440 817 die
458 755 573 818 castae
593 744 641 817 de
659 768 763 818 more
782 746 918 843 puellae
1152 746 1218 816 711

177 861 328 937 Vertice
347 861 545 959 supposito
562 860 678 933 festas
696 860 735 932 in
754 859 923 933 Palladis
942 883 1048 932 arces

178 978 281 1051 Pura
297 976 482 1050 coronatis
501 976 702 1073 portabant
720 999 827 1048 sacra
845 973 1030 1048 canistris

177 1094 272 1168 Inde
290 1102 519 1168 revertentes
540 1093 644 1166 Deus
665 1091 801 1190 aspicit
818 1093 919 1179 ales;
949 1090 1097 1187 iterque

179 1209 266 1283 Non
279 1209 359 1305 agit
375 1209 584 1293 inmotum,
603 1207 723 1281 sedin
742 1207 872 1281 orbem
886 1216 1017 1279 curvat
1035 1205 1210 1279 eundem.

180 1325 234 1399 Ut
249 1325 411 1400 volucris
429 1325 517 1397 visis
535 1323 775 1423 rapidissima
790 1324 928 1396 miluus
947 1321 1059 1409 extis,
1153 1325 1233 1394 716

179 1441 281 1515 Dum
300 1443 419 1527 timet,
439 1452 478 1514 et
494 1442 601 1515 densi
619 1442 866 1515 circumstant
884 1464 991 1513 sacra
1007 1437 1182 1526 ministri,

178 1557 363 1630 Flectitur
380 1558 418 1629 in
436 1581 591 1654 gyrum3
621 1582 690 1631 nec
708 1557 856 1652 longius
875 1558 989 1630 audet
1007 1554 1134 1642 abire3

181 1672 374 1770 Spemque
392 1696 499 1744 suam
517 1673 629 1746 motis
645 1673 775 1756 avidus
793 1672 1037 1744 circumvolat
1056 1670 1148 1743 alis:

182 1788 246 1860 Sic
266 1812 378 1886 super
396 1787 546 1862 Actaeas
562 1789 672 1903 agilis
692 1788 889 1887 Cyllenius
909 1812 1014 1861 arces
1152 1791 1225 1859 720

210 2044 526 2108 709.Munycbios,Atticos.
538 2045 674 2109 Monychia,
724 2055 769 2102 est,
781 2061 845 2102 vasa,
861 2060 960 2109 quorum
976 2060 1032 2092 usus
1042 2043 1067 2091 in
1081 2042 1134 2091 istis
1148 2041 1225 2091 solen·

176 2135 232 2184 pars
240 2120 304 2168 urbis
312 2119 465 2168 Atheniensis
473 2135 527 2168 cum
537 2129 614 2184 portu.
634 2120 674 2168 Sic
725 2121 804 2176 nibus,
817 2128 842 2167 et
857 2119 974 2181 sicpura,
989 2134 1036 2166 non
1051 2117 1163 2183 profana;
1180 2116 1225 2164 nisi

177 2194 242 2242 dicta
257 2210 271 2242 a
286 2194 410 2258 Munycho
427 2194 469 2258 qui
482 2193 532 2241 illic
548 2192 675 2241 aedificavit
725 2195 794 2244 malis
810 2211 864 2244 cum
878 2209 925 2241 uno
942 2194 995 2243 MS.
1007 2202 1082 2250 νοντας
1100 2192 1149 2256 tegi
1163 2190 1225 2240 enim

177 2267 291 2333 templum
302 2267 441 2332 Munychias
453 2267 549 2315 Dianae.
578 2267 675 2316 Gratum
725 2271 833 2319 solebant
843 2268 888 2317 ista
899 2268 1010 2316 canistra.
1043 2268 1225 2315 Innrceautem

178 2342 288 2388 Minerva
309 2342 411 2390 humum.
445 2341 540 2406 Nempe
558 2350 632 2404 grate
651 2349 676 2389 et
726 2344 850 2410 Cecropia,
860 2343 971 2392 Minerva
987 2342 1031 2390 tris
1045 2341 1152 2390 habebat
1166 2350 1225 2389 tem·

176 2418 263 2464 dilecte
279 2413 334 2463 Diis
344 2415 414 2463 urbes
426 2414 545 2471 dicuntur,
556 2430 609 2479 quae
621 2425 677 2463 sunt
725 2420 774 2483 pla,
783 2434 796 2466 e
805 2418 891 2482 quibus
902 2415 1074 2464 nobilissimum
1081 2415 1229 2464 Parthenon.

175 2490 201 2537 in
221 2504 302 2537 eorum
324 2489 407 2537 tutela.
450 2490 553 2552 Lyceum
573 2489 676 2538 Athenis
727 2494 812 2549 Festos,
823 2493 848 2539 in
858 2492 945 2555 quibus
956 2489 1063 2538 solennia
1074 2489 1227 2538 celebraban-

176 2565 335 2629 gymnasium,
358 2563 429 2612 situm
450 2572 517 2612 extra
535 2563 625 2612 moenia
645 2565 675 2614 ad
726 2576 770 2617 tur.
797 2567 837 2615 Sic
850 2568 916 2629 festa
935 2567 1033 2622 theatro,
1051 2563 1087 2612 iii.
1107 2564 1164 2612 111.
1185 2562 1225 2611 ubi

176 2638 281 2694 Missum,
297 2637 390 2702 egregie
408 2638 499 2686 cultum
515 2646 539 2686 et
555 2638 677 2688 arboribus
724 2642 779 2690 vide
790 2649 878 2690 notam.

176 2712 308 2771 consitum3
325 2711 351 2759 in
365 2727 412 2776 quo
427 2711 551 2761 acrioribus
566 2713 676 2777 tempori·
758 2716 895 2765 tls-721.
907 2714 960 2761 Non
970 2717 1019 2778 agit
1028 2716 1055 2760 in
1064 2721 1160 2769 rectum,
1168 2713 1226 2775 etc]

176 2786 220 2833 bus
230 2785 370 2834 Aristoteles
380 2786 473 2834 scholas
483 2786 595 2835 habebat.
630 2788 676 2837 Ce·
725 2791 839 2840 Volatum
855 2789 880 2837 in
899 2789 979 2837 orbem
997 2787 1103 2852 quinque
1122 2787 1231 2835 formulis

176 2860 342 2924 cropisautem
359 2868 428 2908 aetate
445 2876 489 2909 nec
504 2861 605 2924 Lyceum
619 2878 675 2910 con-
726 2864 833 2913 variavit.
857 2865 947 2912 Versus
958 2863 1007 2911 720
1017 2870 1041 2909 et
1053 2861 1142 2910 taust
1159 2862 1228 2909 abea-

177 2932 261 2989 ditum‚
274 2949 317 2982 nec
329 2933 437 2982 solennia
447 2934 498 2990 ills,
509 2950 562 2999 quae
572 2935 623 3000 jam
634 2935 675 2983 de·
725 2946 785 2994 sent,
798 2953 844 2985 non
854 2936 1049 2984 desiderarentur.
1082 2935 1145 2983 Cum
1160 2934 1225 2983 sirni-

177 3006 319 3063 Scribsssstuh
330 3007 439 3056 instituta
449 3016 524 3056 erant.
726 3001 826 3060 litu'dine
835 3011 959 3075 interjecta
968 3009 1048 3058 confer
1053 3008 1121 3072 Virg.
1128 3008 1228 3057 AEneid.

209 3081 265 3129 711.
283 3081 330 3128 Illa
342 3081 409 3144 forte
429 3084 481 3138 die5
509 3080 547 3130 die
566 3081 676 3130 vicesimo
725 3085 757 3135 iv.
768 3088 816 3133 252
831 3100 884 3149 sqq.
918 3084 1010 3131 Miluus
1028 3082 1096 3130 nobis
1112 3082 1228 3137 Weibe,e

177 3152 281 3201 secundo
299 3153 385 3202 mensis
401 3155 618 3212 Hecatombaeonis,
636 3156 677 3221 qui
726 3175 811 3223 genere
831 3157 910 3206 avium
930 3156 1144 3222 rapacissimarum.
1178 3156 1227 3203 Mi-

174 3226 224 3275 fere
246 3227 372 3293 respondet
393 3237 472 3276 nostro
494 3229 569 3285 Julio,
593 3230 675 3294 quinto
727 3236 791 3281 tunm
811 3231 908 3297 quidem
925 3232 1023 3295 regalem
1043 3239 1092 3278 tarn
1110 3229 1226 3279 audacem

176 3317 271 3366 quoque
293 3318 355 3350 anno
379 3301 493 3350 celebrari
520 3303 628 3351 solebant
648 3307 677 3352 de
725 3321 776 3354 esse
798 3306 823 3353 in
843 3302 963 3352 Africanis
983 3303 1037 3360 otis,
1058 3312 1085 3351 ut
1110 3319 1194 3353 carnes
1214 3320 1228 3354 e

96 3386 98 3391 ’
176 3393 244 3434 more,
266 3377 295 3425 ab
317 3376 470 3425 Erichthonio
488 3393 542 3441 rege
560 3376 675 3435 instituto,
725 3380 826 3429 macello
836 3378 1004 3426 etemanibus
1012 3377 1134 3426 hominum
1141 3378 1228 3444 rapiat,

176 3458 201 3498 et
220 3466 235 3498 a
251 3451 344 3499 Theseo
365 3458 486 3506 renovato,
505 3451 675 3509 Panathenaea,
725 3453 843 3501 Mullerus
855 3450 885 3499 ad
896 3450 982 3499 Linnei
992 3452 1055 3516 Syst.
1066 3450 1125 3499 Nat.
1137 3458 1194 3499 tom.
1204 3451 1230 3498 ii.

177 3523 263 3588 quibus
284 3525 367 3590 peplua
391 3524 507 3573 Minervae
533 3526 677 3589 gestabatur.
726 3543 781 3593 pag.
792 3529 833 3576 71.
846 3534 934 3574 narret.

176 3597 207 3645 In
223 3613 310 3664 pompa
320 3595 419 3653 solenni,
427 3600 509 3660 puelle
519 3609 584 3646 coste
595 3607 619 3647 et
636 3615 677 3648 no·
760 3603 815 3650 719.
834 3601 903 3647 Motis
923 3599 987 3662 alia]
1022 3599 1079 3647 Non
1097 3597 1170 3647 valde
1187 3598 1230 3648 ille

175 3671 306 3727 bilissimae,
317 3674 401 3719 vertice
416 3674 534 3734 supposito,
549 3672 575 3720 in
590 3672 677 3737 capite,
727 3682 805 3723 movet
816 3674 875 3730 alas,
886 3672 928 3721 s'ed
942 3671 1113 3738 propemodum
1124 3679 1193 3719 natat
1203 3671 1228 3719 in

177 3747 303 3809 portabant
320 3749 422 3793 canistra
441 3761 483 3793 seu
505 3746 595 3802 corbes,
614 3745 677 3795 unde
727 3764 789 3803 aere.
804 3748 869 3796 unde
884 3747 978 3797 Nostris
994 3746 1066 3796 etiarn
1084 3745 1173 3794 dicitur
1189 3749 1231 3794 der

178 3820 312 3885 κανηφόροι
327 3828 352 3868 et
365 3820 588 3885 bennopdposdictae
604 3828 675 3882 sunt,
728 3824 879 3872 Scbnimmer.
923 3823 1009 3887 Agiles,
1032 3820 1121 3885 quippe
1142 3819 1231 3868 alatus.

176 3907 231 3940 nam
248 3895 341 3942 κανοῦν
359 3897 484 3942 canistrum
499 3893 618 3958 significat
627 3911 635 3954 ;
651 3903 677 3943 et
727 3897 831 3946 Inclinat
845 3897 894 3961 i.q.
908 3904 1003 3945 curvat:
1028 3897 1114 3942 eosdm
1130 3896 1248 3943 circinat·

176 3965 261 4016 λίκνον
276 3967 359 4015 eodem
376 3967 444 4016 redit.
477 3971 513 4017 Es
527 3969 630 4018 canistra
639 3987 675 4018 co·
726 3989 804 4029 auras,
815 3970 945 4035 ingeniose,
958 3970 999 4018 sed
1010 3978 1091 4017 tamen
1102 3967 1176 4033 paulo
1185 3983 1227 4016 au-

175 4040 554 4107 roemte(Ciofan.interpretatur
568 4043 599 4091 ad
614 4059 676 4092 mar·
726 4044 808 4095 dacius
829 4047 855 4094 in
875 4045 960 4093 iisdem
985 4043 1056 4100 auris,
1078 4043 1104 4091 in
1123 4041 1227 4092 eundem

176 4112 255 4176 ginem
272 4132 343 4177 usqne
357 4114 439 4179 pleno)
455 4125 522 4166 erant
540 4118 635 4167 floribus
651 4128 675 4167 et
726 4136 818 4187 semper
839 4122 928 4177 orbem,
948 4135 1012 4169 more
1034 4117 1126 4175 circini,
1147 4131 1228 4165 move·

176 4186 306 4243 frondibus,
325 4189 525 4255 continebantque
552 4209 626 4249 secra,
649 4192 675 4241 id
725 4200 771 4241 tur.
