2812 5010
311 344 380 410 DE
403 341 567 408 OPERE
591 339 1084 411 METAMORPHOSEON.
1155 348 1223 417 xliii

178 517 226 580 vii.
252 517 409 602 538.sqq.
437 514 568 580 modum
597 514 744 583 servavit·
790 513 927 581 Rectius
956 527 1043 582 certe
1072 521 1223 588 abessent

179 634 239 712 illa,

252 785 322 844 Non
335 804 405 864 aper
415 784 500 844 irasei
513 784 666 854 meminit3
686 803 740 845 neo
752 783 841 844 fidere
854 804 940 844 eursu

252 897 356 966 Cerva,
370 916 424 956 nee
436 897 574 956 armentis
585 895 732 957 incurrere
744 895 866 957 fortibus
879 898 956 957 ursi.
1014 941 1023 958 .

215 1129 346 1214 Inepte,
360 1129 393 1192 ii.
410 1129 475 1192 206
489 1150 559 1212 sqq.
575 1129 609 1192 in
624 1127 745 1193 aethere
760 1129 883 1197 docum
897 1129 1028 1213 eiusque
1038 1132 1224 1217 precipites

175 1249 281 1335 fingit,
296 1269 357 1313 nec
375 1248 421 1312 ibi
441 1248 513 1323 133,
528 1248 699 1333 manifesto
718 1257 799 1314 rotro
813 1248 951 1336 uestigio
971 1271 1042 1314 esse
1060 1261 1222 1335 poterant,

176 1369 232 1433 sed
252 1367 447 1431 luxuriantis
466 1367 586 1452 ingenii
603 1367 658 1431 illa
679 1378 764 1432 sunt.
810 1367 952 1435 Tristem
970 1369 1064 1434 nobis
1087 1379 1120 1434 et
1139 1392 1224 1435 com·

174 1487 380 1552 miseratione
400 1485 617 1571 dignissimam
641 1483 806 1551 Actaeonis
829 1495 939 1552 narrat
962 1497 1091 1565 sortem,
1112 1489 1170 1553 sed
1191 1500 1224 1553 et

176 1607 228 1674 hie
251 1606 346 1686 ludit,
362 1608 405 1672 iii.
425 1608 497 1686 199,
502 1607 599 1694 fugit
612 1606 808 1672 Autonoeius
825 1607 929 1682 heros,
944 1607 993 1670 Er
1011 1629 1046 1671 se
1064 1616 1129 1671 turn
1146 1610 1226 1674 eele-

176 1749 240 1791 rem
260 1748 356 1790 eursu
377 1726 512 1790 miratur
525 1726 558 1789 iu
576 1725 657 1810 ipso.
703 1723 837 1810 Frigida
856 1735 931 1788 sunt
948 1723 1004 1788 illa
1023 1726 1225 1791 acumina.-

175 1845 218 1909 iii.
236 1845 313 1922 4e5,
335 1843 377 1909 de
397 1843 552 1908 Narcisso
574 1864 608 1907 se
628 1844 734 1927 ipsum
752 1854 889 1920 amante,
907 1851 939 1906 et
958 1843 1013 1927 qui
1028 1845 1151 1929 probat
1172 1846 1225 1911 itu

173 1963 344 2048 probatur,
370 1961 520 2045 Dumque
539 1961 636 2047 petit,
659 1961 794 2046 petitur,
816 1961 1006 2047 pariterque
1034 1962 1171 2026 iueeudit
1194 1973 1228 2027 et

179 2081 281 2144 ardet.
329 2077 505 2157 Eumdem,
521 2079 578 2143 ubi
599 2099 740 2143 errorem
761 2101 854 2146 suum
871 2081 1011 2164 ognovit,
1028 2082 1074 2146 sic
1093 2081 1225 2167 loquen-

179 2208 243 2263 tem
256 2218 325 2261 rer.
341 2196 417 2272 464,
433 2194 574 2260 inducit:
596 2195 759 2259 summas
773 2217 940 2280 moveoque
948 2197 1098 2282 feroque.
1140 2199 1229 2271 Quid

170 2316 323 2400 forium?
345 2336 452 2400 roger,
468 2336 548 2378 ouue
567 2318 700 2402 rogem?
722 2315 802 2400 quid
818 2316 929 2381 derum
947 2317 1094 2401 rogabo?
1133 2317 1229 2389 Quod

180 2434 271 2519 cupio
286 2456 403 2497 meeum
417 2441 475 2509 est,
491 2433 681 2518 inopemyue
695 2433 790 2519 eopia
799 2433 887 2518 feeit
897 2459 908 2496 :
929 2434 974 2497 ita
991 2455 1056 2497 non
1073 2432 1155 2498 solet
1170 2434 1226 2499 de-

181 2551 322 2636 speratio
340 2549 496 2615 lascivire.
541 2550 633 2616 Idem
647 2574 712 2616 ver.
731 2552 810 2615 505:
840 2551 920 2617 Tum
940 2574 1062 2636 quoque
1080 2574 1125 2628 re,
1135 2561 1227 2638 post-

182 2690 275 2753 quam
289 2677 337 2732 est
351 2668 478 2753 r'rfferuo
491 2669 565 2731 sede
578 2677 732 2753 receptus,
748 2668 790 2732 Iu
805 2668 925 2754 Stygia
938 2670 1105 2753 spectabat
1118 2692 1204 2754 aqua
1216 2695 1227 2734 :

180 2787 211 2850 in
231 2786 344 2850 limosa
365 2784 421 2849 illa
443 2784 563 2870 palude
585 2806 650 2849 non
672 2796 801 2870 poterat
822 2787 991 2871 quisquam
1015 2808 1049 2850 se
1068 2798 1225 2871 spectare.

182 2904 308 2970 Thisbe
327 2905 361 2968 in
378 2927 500 2969 summa
519 2906 755 2991 desperatione,
770 2907 811 2969 iv.
832 2907 903 2984 ltu,
915 2907 1004 2991 justo
1020 2907 1165 2992 argutius
1180 2907 1228 2971 di-

182 3025 234 3102 cit,
257 3025 373 3108 quique
395 3046 417 3088 o
439 3047 487 3088 rue
509 3033 609 3088 morte
630 3025 738 3088 reuedi
756 3024 835 3089 Heu
855 3025 926 3088 sodo
939 3033 1085 3109 poteras,
1102 3026 1229 3111 poteris

181 3165 236 3207 uec
258 3151 358 3206 morte
381 3143 499 3207 reuelli.
546 3143 666 3208 Parum
688 3142 806 3230 placet,
828 3144 880 3208 vii.
905 3143 980 3221 339,
1003 3142 1125 3227 duplex
1147 3142 1228 3208 illud

183 3282 369 3345 oxymorom
385 3270 419 3324 ut
436 3282 568 3345 quaeque
581 3260 641 3345 pio
658 3269 716 3338 est,
729 3261 906 3324 hortatibus
922 3260 1021 3345 inuria
1033 3261 1145 3344 primu
1161 3270 1229 3324 est:

182 3379 239 3454 Er,
254 3401 295 3441 ue
309 3379 353 3441 sit
368 3377 632 3463 scelerato‚fueut
650 3379 761 3441 scelus.
807 3377 875 3462 Ipsi
894 3388 1001 3440 autem
1019 3386 1109 3441 tanto
1126 3378 1227 3462 magis

183 3488 390 3578 placuerum
413 3497 554 3580 repetita
575 3497 659 3560 enim
680 3496 722 3561 ab
745 3518 784 3560 eo
808 3505 883 3561 sunt
901 3505 1035 3580 quater:
1060 3495 1111 3559 Cf.
1128 3496 1172 3558 iii.
1189 3496 1228 3572 53

182 3613 243 3676 viii.
263 3613 348 3691 4773
372 3614 416 3678 ix.
436 3614 509 3678 408.
549 3613 622 3680 Nec
641 3614 770 3700 placent
791 3613 826 3678 hi
843 3613 943 3691 lusus,
960 3615 1001 3680 vi.
1024 3613 1097 3691 560,
1118 3612 1229 3698 lingua

183 3740 308 3797 resecta
326 3733 460 3798 moriers
479 3721 612 3798 dominre
630 3736 768 3821 uestigio
787 3735 912 3819 quaerit,
928 3743 961 3798 et
976 3756 1070 3797 versu
1085 3734 1159 3810 708,
1175 3756 1230 3798 vo·

183 3847 280 3913 lando
297 3848 413 3915 Boreae
433 3862 580 3916 urserunt
599 3853 719 3940 agitati
728 3854 856 3939 fortius
870 3853 971 3939 ignes.
1011 3850 1078 3925 Qui
1097 3853 1228 3938 proprie

184 3966 335 4032 dicuntur
362 3971 465 4055 ignee,
487 3969 625 4036 volando
653 3972 783 4056 quidem
808 3972 982 4035 ardescunt
1011 3969 1136 4047 fortius,
1165 3993 1230 4035 non

186 4095 292 4149 autem
315 4085 373 4162 illi,
394 4110 474 4172 quos
495 4112 580 4154 nunc
603 4100 701 4173 poeta
724 4088 983 4174 intelligit—xii.
1004 4089 1078 4167 614,
1098 4087 1232 4173 praecla-

188 4222 256 4266 rum
271 4216 483 4287 praecesserat
495 4206 720 4292 epiphonema,
733 4209 784 4272 eui
796 4214 903 4272 autem
913 4206 1002 4271 lusus
1013 4207 1232 4290 ineptissimus
