2812 5010
254 331 722 401 METAMORPHOSEON
745 336 837 402 LIB.
863 337 933 402 III.
1046 340 1114 408 257

60 500 193 591 Hunc,
205 504 349 593 dixere,
366 517 491 581 tamen
511 507 699 598 comitem,
714 511 972 611 famulumque
988 532 1125 589 sacro-¹

217 645 299 694 rum

67 733 273 833 Cepimus:
303 750 341 813 et
358 740 510 813 tradunt
526 743 699 816 manibus
716 755 804 842 post
821 755 928 842 terga
944 746 1082 843 ligatis,

68 849 185 926 Sacra
197 853 269 928 Dei
282 858 473 952 quondam
480 856 675 955 Tyrrhena
685 870 797 955 gente
810 873 1025 958 sequutum.
1039 868 1114 938 576

114 967 266 1069 Aspicit
299 973 399 1048 hunc
434 975 551 1048 oculis
586 974 794 1063 Pentheus,
824 1000 920 1074 quos
951 978 1006 1052 ira
1037 990 1111 1054 tre-

218 1089 375 1162 mendos
1154 1172 1157 1176 ,
1189 1186 1191 1192 Ι

69 1197 247 1278 Fecerat:
276 1214 314 1277 et
331 1229 548 1303 quanquam
566 1230 687 1304 poenae
705 1205 769 1279 vix
785 1216 957 1304 tempora
975 1208 1112 1298 differt,

69 1322 92 1352 “
113 1315 337 1416 Operiture,
352 1332 492 1420 tuaque
507 1323 588 1396 aliis
603 1322 971 1398 documentadature
1003 1328 1113 1420 [tum,

70 1429 232 1522 Mortc‚’'
248 1436 312 1524 ait,
330 1447 353 1475 ‘⁴
366 1440 436 1512 ede
455 1449 563 1512 tuum
579 1463 729 1526 nomen,
748 1464 962 1537 nomenque
981 1465 1114 1539 paren-

70 1543 121 1620 Et
138 1551 319 1646 patriam3
341 1554 531 1652 morisque
551 1556 635 1629 novi
653 1579 720 1629 cur
738 1579 845 1628 sacra
861 1555 1114 1653 frequentes''

71 1660 142 1737 Ille
155 1676 261 1741 metu
270 1692 430 1745 vacuus:
445 1681 469 1710 ‘⁴
483 1671 635 1746 Nomen
645 1671 772 1758 mihi,”
785 1671 894 1759 dixit,
908 1680 932 1710 ‘⁴
942 1670 1093 1747 Acoetes
1105 1700 1115 1762 ;

100 1881 158 1929 577.
176 1883 264 1945 Aspicit
274 1885 357 1948 bam]
385 1886 495 1935 Bacchus
516 1905 568 1937 mu·
619 1889 739 1938 Pentheus
748 1887 812 1937 omni
828 1903 896 1936 aures
911 1887 1039 1952 prebuisse
1054 1890 1118 1938 credi

70 1960 120 2002 tata
136 1954 212 2006 torma
229 1958 354 2008 adducitur
364 1960 465 2017 vinctus,
477 1963 568 2011 minan·
618 1962 699 2028 possit.
731 1962 784 2010 Hoc
793 1961 866 2010 sensit
876 1959 926 2025 ipse
936 1969 1007 2027 poeta
1013 1980 1021 2023 ς
1038 1962 1119 2028 itaque

69 2026 135 2093 tique
145 2031 256 2081 Pentheo
272 2041 296 2081 et
306 2033 381 2082 vitam
393 2051 461 2084 suam
477 2045 571 2085 enarrat
619 2053 687 2086 versu
698 2039 746 2087 692
757 2036 825 2101 quasi
836 2035 1012 2085 excusationem
1020 2037 1065 2085 sibi
1075 2054 1119 2102 pa-

68 2108 93 2149 et
116 2103 228 2154 miranda
251 2107 344 2156 Bacchi
371 2108 444 2159 sacta.
483 2111 570 2160 Confer
619 2117 663 2166 rat,
682 2110 723 2159 sed
741 2126 789 2158 non
807 2109 865 2158 satis
884 2109 1037 2173 probabiliter
1044 2129 1052 2171 ;
1077 2111 1119 2175 qui

70 2176 168 2227 Homeri
187 2177 269 2244 hymn.
292 2181 383 2231 Bacch.
401 2200 424 2248 p.
441 2185 481 2234 83.
514 2186 570 2236 Em.
620 2184 683 2232 enim
703 2192 792 2232 attente
814 2182 856 2230 diu
876 2181 977 2232 alterum
997 2185 1072 2240 audit,
1091 2200 1120 2234 eo

70 2250 161 2316 Hygini
172 2253 320 2316 tabul.1³4;
340 2257 449 2322 Apollod.
456 2259 505 2306 111.
516 2277 539 2308 v.
546 2263 570 2309 3.
619 2256 670 2322 ipso
687 2259 793 2314 consilio,
804 2267 832 2305 ut
849 2261 885 2306 ira
902 2261 960 2305 vires
975 2274 1038 2305 mora
1053 2261 1119 2306 absu-

71 2326 131 2384 Qus
138 2325 313 2392 Aglaosthcnea
323 2330 347 2379 in
358 2331 458 2382 Naxicis
467 2333 569 2384 tradide-

70 2407 113 2457 tat,
121 2403 240 2468 excerpsit
247 2405 335 2469 Hygin.
345 2406 374 2454 P.
382 2405 413 2454 A.
424 2405 440 2454 i.
452 2409 490 2457 17.
507 2408 569 2457 Con·

70 2472 104 2522 ier
111 2482 137 2524 et
144 2477 230 2526 Senec.
237 2478 293 2527 OEd.
302 2481 349 2528 449
357 2496 410 2545 sqq.
420 2488 452 2538 et,
462 2481 503 2546 qui
511 2498 569 2548 pau·

70 2547 103 2596 cis
119 2565 170 2599 rem
189 2551 277 2617 attigit,
294 2555 400 2620 Propert.
414 2555 463 2603 III.
474 2573 515 2605 xv.
526 2559 568 2606 25.

71 2622 162 2672 Omnes
173 2624 200 2674 in
216 2642 245 2675 eo
263 2628 422 2685 consentiunt,
444 2630 570 2692 Tyrrhenos

71 2705 156 2746 nautas
165 2714 249 2764 rapere
260 2700 362 2751 voluisse
373 2703 506 2761 Bacchum,
517 2721 568 2753 eos·

70 2784 117 2834 que
129 2781 236 2831 cunctos,
247 2783 332 2839 preter
345 2778 523 2841 gubernatorem
533 2779 570 2843 pi·

71 2858 119 2902 um,
129 2844 155 2894 in
170 2846 295 2913 delphinos
310 2866 360 2898 esse
376 2858 487 2909 mutatos,
498 2868 572 2916 quum

71 2925 143 2968 antea
156 2929 254 2985 repente
265 2922 333 2971 variae
351 2924 419 2972 navis
434 2933 513 2990 partes
531 2926 572 2975 he-

70 2991 129 3042 dera
143 3002 169 3043 et
183 2995 300 3061 pampinis
316 3005 394 3046 essent
410 2999 572 3049 circumdatae.

70 3064 167 3132 Nempe
177 3066 209 3116 ad
219 3070 406 3121 commendanda
420 3088 488 3122 sacra
502 3074 572 3139 hujus

71 3139 128 3196 Dei,
139 3141 170 3189 ab
180 3139 276 3191 bomine
288 3153 312 3192 et
322 3144 384 3193 inter
399 3145 505 3196 homines
514 3147 571 3205 nati,

71 3211 184 3278 fingenda
195 3223 262 3264 erant
272 3217 347 3266 multa
361 3218 476 3268 miracula
491 3229 516 3268 et
530 3237 570 3270 err-

72 3287 153 3352 empla
179 3287 301 3338 bominum
325 3293 355 3340 ab
376 3307 404 3340 eo
430 3293 571 3358 punitorum.

71 3360 129 3410 Post
141 3362 263 3412 Homeris.
274 3363 354 3428 hymn.
365 3365 461 3431 plurimi
474 3375 499 3416 et
508 3368 533 3416 in
544 3385 572 3418 eo

71 3435 215 3500 conspirant,
233 3437 315 3486 Neron
334 3455 389 3487 eum
406 3439 517 3505 navigare
531 3459 572 3491 vo·

72 3508 153 3567 luisse,
165 3510 217 3560 sive
228 3511 285 3575 quia
295 3513 403 3562 Naxicus
414 3515 512 3580 scriptor
522 3517 570 3580 pri·

71 3597 123 3632 mus
131 3585 181 3633 fab.
190 3583 314 3635 invenerat
322 3597 514 3646 exomaveratve,
523 3591 572 3640 sive

72 3658 128 3720 quia
136 3657 182 3707 illa
192 3658 271 3708 insula
281 3660 360 3726 Orgiis
370 3662 477 3711 celebris.
501 3665 571 3712 Com-

71 3731 140 3782 moda
160 3741 240 3783 autem
260 3736 346 3784 Noster
365 3737 416 3785 haec
439 3737 572 3797 admiscuit,

71 3805 157 3871 partim
178 3808 236 3872 quia
254 3811 452 3876 metamorphosin
476 3812 572 3872 babent,

72 3894 120 3944 qua
129 3879 225 3946 reliqua
241 3881 312 3948 hujus
327 3883 414 3932 sabula
430 3901 484 3949 pars
499 3895 572 3945 caret,

71 3952 157 4016 partim
167 3954 225 4019 qnia
235 3955 343 4005 Penthea
357 3957 442 4006 docere
456 3967 572 4023 poterant,

73 4041 145 4091 quam
154 4037 240 4094 potens
249 4028 290 4078 ille
304 4030 371 4080 Deus
382 4038 451 4080 esset.
484 4033 509 4080 N
510 4049 573 4083 arra-

72 4098 106 4148 tio
115 4099 167 4150 btec
177 4104 294 4167 preclara
304 4114 340 4153 est
350 4115 375 4153 et
389 4113 480 4154 morata
490 4107 516 4155 in
526 4108 572 4173 pri·

73 4174 125 4232 mis,
142 4174 234 4243 longior
252 4185 341 4236 tamen,
357 4195 428 4244 quam
449 4189 476 4228 ut
494 4181 574 4230 furens

619 2349 678 2379 mere
692 2342 769 2392 posset,
781 2330 810 2387 is,
821 2345 846 2379 ra
861 2332 964 2396 cognita,
975 2347 1023 2379 non
1040 2330 1118 2379 dirum

620 2404 762 2471 supplicium
781 2404 897 2454 decernit.
931 2406 1051 2454 Caeterum
1070 2405 1118 2454 Lu·

619 2479 682 2528 cian.
702 2479 727 2527 in
744 2480 812 2528 Dial.
831 2479 921 2528 Marin.
941 2479 1022 2536 tradit,
1036 2479 1120 2544 praelio

618 2553 692 2601 victis
702 2569 754 2601 esse
764 2552 898 2617 Tyrrhenos
908 2569 923 2601 a
933 2552 1038 2600 Baccho.
1064 2553 1119 2601 Tre-

618 2627 714 2681 mendos,
734 2625 789 2688 igne
811 2625 941 2686 micantes;
973 2625 1035 2688 ignis
1055 2625 1119 2674 enim

619 2709 713 2748 trenaro
733 2697 828 2748 dicitur.
871 2699 954 2756 Edere,
976 2706 1004 2746 ut
1021 2699 1038 2748 i.
1060 2701 1118 2750 761.

621 2773 696 2820 Tuum
718 2789 805 2828 norom,
834 2779 881 2822 etc.
924 2772 984 2820 Haec
1005 2771 1050 2822 tria
1072 2773 1120 2823 iere

619 2845 675 2893 olim
686 2847 759 2910 quaeri
770 2846 878 2894 solebant
889 2861 919 2894 ex
930 2845 1038 2895 advenis.

652 2921 708 2967 582.
726 2921 817 2976 Aestas,
829 2918 950 2980 Ἀκοίτης.
971 2920 1025 2969 Hoc
1036 2936 1121 2969 nomen

620 2992 661 3041 alii
677 2992 861 3058 interpretantur
878 2993 983 3058 vigilem,
1001 2994 1059 3057 quia
1076 3010 1120 3056 gu·

620 3067 767 3116 bernatorem
778 3067 845 3116 navis
855 3067 954 3132 vigilem
968 3083 1059 3132 semper
1070 3084 1122 3117 esse

621 3149 726 3206 oporteat
734 3159 742 3202 3
759 3141 798 3190 alii
816 3149 907 3199 contra,
920 3149 970 3188 tam
984 3156 1122 3207 pauperem,

621 3223 647 3263 ut
658 3215 730 3263 cubili
742 3224 835 3264 careat:
846 3215 913 3280 prius
921 3230 1011 3271 verum,
1023 3215 1122 3263 altemm

621 3287 737 3354 ineptum.
776 3288 844 3337 Idem
864 3304 949 3337 nomen
971 3288 1122 3352 gubernatori

622 3362 694 3410 etiam
704 3362 769 3427 apud
779 3363 918 3427 Hyginum
929 3361 972 3410 sed
983 3361 1009 3407 in
1017 3362 1122 3409 Homero

623 3435 725 3484 Medides
742 3435 836 3483 dicitur.
869 3437 968 3483 Maronia
983 3442 1019 3481 est
1036 3432 1122 3496 Lydia,

622 3526 637 3558 a
656 3512 800 3566 Maeonibus,
819 3510 901 3574 priscis
922 3509 1005 3575 Lydiae
1024 3509 1123 3566 colonis,

622 3583 655 3632 sic
666 3583 738 3631 dicta.
771 3582 851 3631 Etiam
866 3583 929 3646 apud
946 3580 1055 3646 Euripid.
1065 3582 1122 3631 464.

622 3657 778 3722 interrogatus
788 3655 856 3714 ὅστις
868 3658 889 3705 εἶ
898 3655 978 3721 γένος,
987 3655 1122 3719 respondet,

624 3730 701 3780 Λυδία
716 3731 758 3796 μοὶ
774 3728 874 3794 πατρίς.
908 3729 956 3778 Sed
971 3729 1044 3794 paulo
1055 3737 1120 3787 ante,

622 3821 690 3853 versu
707 3805 763 3854 576.
784 3805 904 3867 Tyrrheno
919 3812 987 3867 gente
1004 3803 1124 3868 proiectus

622 3879 762 3941 fingebatur,
784 3885 855 3941 atque
877 3877 958 3932 etiam,
976 3892 1046 3925 versu
1067 3877 1124 3926 696.

625 3953 755 4015 Tyrrhenas
770 3959 877 4000 vocatur.
910 3950 990 3999 Etiam
1006 3951 1124 4001 Homerus

623 4027 671 4076 d.l.
685 4027 727 4075 hos
744 4024 835 4075 Bacchi
850 4034 957 4074 vectores
971 4034 1042 4074 vocat
1060 4033 1122 4090 Τυρ·

622 4103 722 4162 σηνοὺς,
737 4117 751 4150 a
764 4117 811 4166 quo
826 4115 870 4149 nec
884 4100 1028 4149 dissentiunt
1043 4102 1123 4151 catari

623 4185 737 4233 auctores,
765 4175 878 4242 Apollod.
904 4173 995 4240 Hygin.
1020 4174 1120 4226 Lucian.
