2812 5010
185 322 250 389 224

480 325 518 389 Ρ.
543 324 704 390 OVIDII
728 326 938 393 NASONIS

189 496 269 572 Hos
291 499 413 597 operis
432 500 588 573 comites
606 499 738 573 habuit
758 500 935 575 Sidonius
952 502 1113 600 hospes;

188 614 315 699 Quum
329 615 455 713 posuit
462 617 609 712 jussam
623 615 801 690 Phoebeis
815 619 977 692 sortibus
991 620 1137 693 urbem.
1161 622 1231 692 130

238 731 291 804 ΙΙ.
319 730 406 805 Jaru
424 733 576 806 stabant
593 731 756 807 Thebae:
784 734 934 832 poteras
958 737 1049 832 jam,
1071 735 1231 823 Cadme,

188 848 311 922 Exilio
325 848 437 937 felix;
458 850 577 924 soceri
591 850 659 923 tibi
675 849 857 949 Marsque
867 849 1074 950 Venusque
1098 851 1232 948 [videri

188 964 455 1061 Contigerant:
484 965 556 1038 huc
576 967 672 1040 adde
690 991 809 1063 genus
827 968 875 1042 de
891 971 1052 1066 conjuge
1067 977 1187 1054 tanta,

186 1080 260 1155 Tot
276 1091 395 1167 natos,
416 1092 611 1179 natasque,
631 1094 681 1169 et,
701 1083 859 1181 pignora
875 1107 974 1173 cara,
994 1095 1168 1183 nepotes

186 1365 269 1422 postea
278 1372 398 1406 accessere
414 1357 511 1406 Thebae.
522 1358 609 1407 Confer
619 1360 682 1406 Pau-

186 1448 236 1482 san.
254 1434 332 1482 Boeot.
344 1448 367 1496 p.
378 1433 433 1482 719.

222 1507 416 1557 lar-aemam
423 1509 512 1555 stabunt
522 1507 621 1570 Thebe]
632 1507 682 1555 Ac·

187 1591 257 1638 tteon,
268 1581 354 1630 Cadmi
365 1597 395 1629 ex
403 1583 514 1629 Autonoe
523 1596 604 1645 nepos,
614 1579 681 1629 Aris·

187 1656 227 1704 taei
237 1656 308 1714 filius,
318 1657 348 1705 ob
358 1655 434 1704 visam
443 1656 494 1704 sine
504 1663 568 1704 veste
578 1655 684 1704 Dianam

187 1729 211 1777 iu
222 1745 318 1778 cervum
329 1739 441 1787 mutatus,
453 1746 467 1778 a
477 1730 526 1778 suis
535 1728 609 1793 ipsius
619 1732 684 1777 cani-

187 1805 232 1853 bus
243 1804 375 1868 discerptus
382 1812 428 1852 est.
445 1804 527 1869 Eurip.
536 1803 627 1852 Bacch.
636 1804 684 1853 337

187 1895 240 1943 sqq.
248 1897 256 1939 ;
279 1879 375 1927 Callim.
391 1879 450 1927 Lav.
463 1879 599 1938 Patt.1oa;
621 1878 684 1927 Pau-

188 1967 240 2000 sau.
250 1951 284 1999 ix.
299 1952 380 2016 p.714
396 1959 420 2001 et
430 1952 494 2011 tat;
511 1951 623 2016 Apollod.
636 1953 684 2002 ΠΙ.

187 2026 219 2075 iv.
230 2026 262 2086 45
285 2026 374 2090 Hygin.
390 2026 448 2074 Fab.
462 2026 514 2083 180,
527 2026 570 2074 181
584 2044 591 2085 ;
616 2026 684 2091 Fulg.

188 2099 293 2165 Mythol.
303 2099 337 2148 iii.
347 2101 362 2148 3
372 2117 379 2159 ;
396 2098 478 2149 Senec.
489 2098 569 2164 OEdip.
580 2101 634 2149 751.
645 2101 684 2150 'Ab

187 2173 225 2223 his
235 2174 365 2223 Acusilaus
375 2182 399 2223 et
409 2173 554 2223 Stesichorus
568 2174 615 2223 fab.
628 2190 683 2224 auc-

188 2258 250 2298 tores
259 2248 394 2298 laudantur.
427 2248 464 2298 Ac
474 2249 516 2297 ille
528 2249 622 2313 quidem
632 2265 683 2314 poe·

187 2339 244 2372 nam
254 2322 345 2372 illatam
361 2339 376 2372 a
389 2323 450 2373 Jove
465 2323 597 2388 repetierat,
607 2323 684 2389 iudig-

187 2405 268 2455 nante,
280 2395 343 2463 quod
353 2398 455 2446 Actaeon
470 2398 579 2445 Semelen
589 2413 685 2447 uxorem

189 2470 310 2537 petiisset;
333 2471 428 2538 plurimi
442 2488 498 2520 vero
515 2487 529 2520 a
547 2471 635 2529 Diana,
645 2473 684 2521 vel

190 2546 253 2611 quod
268 2545 309 2595 ille
328 2547 417 2595 nudam
435 2545 541 2603 vidisset,
558 2545 606 2604 vel,
622 2545 686 2612 quod

189 2620 314 2686 Euripides
329 2630 444 2686 sequutus
454 2629 498 2678 est,
510 2638 534 2669 se
548 2621 573 2669 in
584 2621 685 2673 venandi

188 2703 237 2742 arte
258 2693 400 2758 pretulisset
419 2694 487 2744 Deae.
527 2693 687 2744 Anaximenes

189 2767 253 2833 apud
263 2768 415 2831 Fulgentium
423 2776 555 2832 putaverat,
563 2767 687 2824 Actaeona,

190 2839 291 2904 cognitis
302 2840 433 2888 venationis
448 2840 567 2906 periculis,
577 2841 688 2889 timidum

190 2930 242 2961 esse
253 2913 350 2970 factum,
362 2922 476 2978 tanquam
486 2930 590 2971 cervum,
599 2915 687 2964 studio·

190 3002 238 3050 qne
268 3003 354 3035 canum
388 2988 526 3036 alendarum
556 2988 686 3038 decoxisse.

190 3060 309 3110 Posterius
319 3060 391 3109 etiam
401 3061 475 3109 Theo.
481 3061 553 3127 Soph.
561 3063 688 3126 Progymn.

191 3149 245 3198 cap.
261 3135 287 3182 6.
304 3142 329 3182 et
344 3134 450 3199 Palreph.
462 3137 486 3183 3.
505 3135 607 3200 amplexi
625 3147 687 3195 sunt,

190 3216 214 3256 et
226 3209 301 3256 solent
308 3225 364 3272 opes
371 3207 473 3257 hominis
483 3212 567 3257 abuero
575 3209 687 3274 ejusdiei.

191 3281 290 3332 Heroid.
301 3281 317 3331 i.
328 3284 375 3331 90:
397 3282 488 3332 Viscera
502 3293 578 3331 nonno
593 3293 637 3332 luc
651 3289 686 3334 di·

190 3358 312 3406 lanr'nutur
321 3374 383 3418 opes:
401 3356 448 3405 vid.
459 3357 490 3405 ad
500 3357 534 3405 ix.
546 3359 600 3407 194.
617 3359 686 3408 Forte

189 3431 291 3480 Actaeon
301 3432 363 3480 iuter
370 3431 504 3480 venandum
515 3440 556 3480 aut
566 3433 686 3484 aeonibus

190 3506 318 3556 dilaniatus
336 3514 380 3562 est,
397 3513 439 3554 aut
457 3504 504 3554 alio
522 3505 591 3554 modo
608 3507 687 3570 periit.

188 3582 218 3631 Id
229 3580 260 3629 ad
271 3580 357 3628 Dianre
367 3578 426 3627 iram
434 3579 585 3628 referebatur.
601 3580 686 3628 Trans·

188 3653 245 3712 itus,
256 3654 281 3702 in
291 3670 338 3719 quo
348 3662 418 3719 poeta
426 3653 456 3700 de
467 3652 553 3702 Cadmi
563 3662 624 3702 sorte
634 3653 687 3719 phi·

189 3727 334 3794 losophatur,
345 3728 426 3776 addita
436 3728 552 3776 sententia
561 3728 635 3792 gravi.
656 3730 688 3777 Et

188 3803 239 3868 jam
253 3803 351 3850 Pindar.
361 3802 391 3850 P.
402 3802 435 3850 iii.
449 3802 502 3851 163.
512 3803 685 3860 observaverat,

191 3893 238 3926 nou
248 3876 348 3926 solidam
359 3876 395 3924 illi
405 3876 530 3941 contigisse
541 3875 687 3926 felicitatem.

192 3951 249 3999 Non
266 3952 330 3999 male
350 3950 389 3998 hie
411 3951 550 4016 apostrophe
572 3951 687 4008 adhibita,

191 4040 241 4088 qua
250 4024 342 4073 Cadmo
351 4025 414 4072 bona
424 4041 467 4074 sua
476 4033 614 4090 partemque
624 4025 687 4074 cala-

192 4099 281 4147 mitatis
288 4108 411 4148 enumerat
417 4108 494 4164 poeta,
502 4108 573 4164 atque
582 4100 616 4148 ita
623 4117 686 4148 com-

193 4169 262 4221 mode
278 4172 327 4220 fab.
336 4180 500 4236 argumentum
514 4172 632 4238 proponit,
644 4173 686 4221 ad·

732 1358 782 1408 dito
805 1359 896 1425 judicio
915 1375 965 1417 suo,
987 1375 1034 1423 quo
1055 1357 1124 1423 quasi
1146 1358 1235 1407 solatur

733 1434 860 1484 Cadmum.

768 1508 821 1555 lan.
840 1506 929 1571 Folia]
964 1507 994 1555 In
1012 1507 1084 1555 Orac.
1103 1507 1156 1556 Καὶ
1173 1505 1233 1572 σύγε

733 1580 760 1631 ἐν
770 1579 911 1643 ἀνθρώποις
920 1579 1087 1647 ὀνομάκλυτος
1097 1580 1181 1630 ἔσσεαι
1191 1580 1234 1628 αὖ·

733 1673 771 1714 τις
779 1653 927 1704 Ἀθανάτων
935 1653 1028 1719 λεχέων
1038 1653 1160 1713 durusne,
1166 1653 1234 1716 ὄλβιε

735 1727 828 1794 Κάδμε.
862 1728 891 1777 Id
907 1728 985 1793 ipsum
1002 1728 1031 1777 de
1051 1729 1108 1792 ejus·
1120 1728 1234 1777 felicitate

734 1802 871 1868 disputandi
885 1803 1032 1852 occasionem
1046 1803 1159 1867 praebuit.
1193 1803 1234 1850 So·

734 1880 780 1925 ceri
793 1879 834 1924 tibi
850 1877 922 1924 Mors.
957 1876 1062 1924 Cadmus
1079 1876 1235 1925 Harmoniam

734 1951 790 2013 (sic.
801 1967 848 1999 non
863 1950 1016 2007 Hermionen,
1027 1959 1055 1999 ut
1067 1950 1168 2015 quidam
1183 1966 1235 1998 cor·

734 2033 802 2090 rupte
821 2024 947 2088 exhibent)
969 2024 1079 2080 duxerat,
1103 2024 1190 2072 Mortis
1210 2031 1235 2072 et

737 2098 828 2146 Veneris
842 2098 924 2156 filiam,
941 2099 1028 2163 quibus
1047 2098 1136 2164 nuptiis
1154 2113 1236 2147 omnes

734 2172 777 2220 Dii
797 2174 960 2231 interfuerant,
981 2191 1088 2240 quasque
1108 2175 1189 2222 Musae
1209 2181 1235 2222 et

734 2246 823 2295 Gratim
835 2247 978 2297 carminibus
988 2251 1038 2298 suis
1047 2249 1235 2298 celebraverant.

734 2321 840 2386 Euripid.
857 2322 943 2370 Phoen.
958 2340 1007 2372 ver.
1018 2324 1042 2372 7.
1058 2322 1140 2386 ibique
1154 2321 1235 2370 Schol.

734 2394 834 2443 Hesiod.
849 2396 1130 2460 Theog.ver.936.974;
1143 2395 1236 2458 Theog.

734 2483 784 2517 ver.
807 2471 850 2528 15,
880 2472 984 2521 Pausan.
1006 2487 1032 2538 p.
1055 2472 1104 2520 719
1124 2479 1149 2519 et
1170 2471 1219 2518 734
1227 2487 1235 2530 ;

734 2541 848 2608 Apollod.
860 2543 884 2591 d.
892 2544 910 2591 1.
1154 2537 1157 2543 “

770 2618 824 2664 1³4.
843 2617 885 2665 Tot
903 2633 949 2666 non
965 2618 996 2667 ad
1013 2634 1087 2667 unum
1104 2627 1178 2673 notos,
1192 2617 1236 2666 sed

736 2689 767 2738 ad
781 2699 844 2738 notos
858 2701 968 2754 natamus
977 2692 1121 2757 conjunctim
1131 2691 1236 2740 referen-

735 2761 800 2813 dum.
834 2765 910 2812 Natus
925 2765 989 2814 enim
1006 2782 1053 2815 non
1071 2765 1116 2813 nisi
1136 2782 1199 2814 uuus
1221 2781 1237 2814 a

734 2835 825 2885 caeteris
852 2838 1004 2904 scriptoribus
1030 2845 1236 2896 commemoratur,

735 2910 875 2975 Polydorus,
898 2914 939 2978 qui
961 2913 1074 2963 successit
1095 2915 1190 2964 Cadmo
1210 2915 1236 2963 in

735 2984 841 3050 imperio.
875 2987 950 3036 Notas
968 2997 1048 3037 autem
1069 2988 1153 3036 habuit
1175 3005 1237 3054 qua-

735 3066 796 3117 tuor,
813 3060 947 3119 Autonoen,
965 3065 1017 3120 Ino,
1035 3056 1153 3119 Semelen,
1170 3063 1238 3128 Aga-

736 3149 790 3181 ven.
816 3135 860 3183 Ino
872 3136 951 3202 nupsit
962 3136 1112 3193 Athamanti,
1124 3136 1237 3187 Autonoe

737 3208 847 3266 Aristaeo,
859 3210 942 3274 Agave
953 3211 1053 3259 Echioui
1063 3229 1070 3271 ς
1086 3211 1182 3260 Semele
1193 3228 1237 3261 au·

737 3291 785 3330 tem
796 3300 850 3332 cunr
861 3288 921 3334 Jove
932 3302 981 3334 rem
992 3286 1089 3335 habuit:
1107 3285 1159 3334 vid.
1172 3287 1237 3335 Pau-

736 3372 787 3404 san.
799 3367 823 3406 et
832 3358 944 3423 Apollod.
955 3361 1005 3409 d.1.
1017 3363 1038 3409 Ε
1054 3363 1173 3422 nepotibus
1186 3378 1237 3410 me-

735 3433 862 3481 morabiles
871 3443 926 3482 sunt
937 3451 984 3499 prae
996 3436 1087 3483 caeteris
1096 3435 1236 3493 Melicerta,

736 3505 855 3565 Bacchus,
866 3508 996 3565 Pentheus,
1009 3509 1082 3557 ethic
1092 3509 1144 3575 ipse
1153 3509 1239 3559 miser·

736 3579 808 3627 rimus
827 3582 935 3630 Aetaeon.
968 3584 1069 3631 Solenne
1091 3591 1171 3632 autern
1193 3593 1238 3643 est,

736 3653 822 3702 liberos
833 3663 881 3712 aut,
892 3664 919 3703 ut
930 3656 954 3704 h.
962 3655 979 3704 1.
990 3667 1078 3719 nepotes
1090 3672 1173 3705 meare
1183 3661 1237 3722 pig·

736 3745 793 3776 nora
815 3728 901 3792 quihus
921 3739 1046 3794 parentum
1064 3738 1088 3779 et
1108 3731 1239 3780 liberorum

737 3816 801 3849 arnor
822 3802 951 3851 arctissime
975 3804 1148 3868 constringitur.
1191 3805 1237 3853 Ju-

736 3891 809 3932 venes,
821 3883 892 3939 atque
903 3877 963 3925 adeo
976 3877 1027 3942 jam
1037 3884 1149 3942 spectata
1161 3880 1237 3927 virtu·

737 3949 775 3998 tis.
809 3949 909 3999 Scilicet.
928 3950 1035 4008 Ponitur,
1050 3967 1124 4015 quum
1140 3959 1237 4000 senteu-

737 4024 777 4072 tiae
797 4025 955 4088 proferuntur.
988 4026 1100 4091 Sequitur
1120 4026 1240 4076 sententia

737 4098 830 4147 Solonis
845 4100 876 4149 ad
887 4101 995 4150 Croesum
1012 4100 1140 4165 (Herodot.
1152 4099 1171 4148 i.
1182 4101 1238 4164 32.)

737 4189 810 4237 quam
830 4183 996 4239 expresserunt
1020 4175 1100 4225 multi.
1125 4175 1236 4241 Euripid.
