2812 5010
265 328 730 400 METAMORPHOSEON
754 331 844 397 LIB.
868 333 898 397 1.
1043 336 1107 402 137

61 507 98 580 N
100 506 259 584 ascendi
274 505 459 605 spatium3
489 505 664 604 quaedum
681 505 914 605 imperfecte,
933 507 1088 605 suisque

59 621 212 698 Trunca
223 621 353 697 'vident
369 620 555 696 numeris:
576 632 615 696 et
628 620 760 695 eodem
777 622 987 721 incorpore
1005 647 1107 723 saepe

61 736 194 814 Altera
211 760 298 838 pars
315 737 417 824 vivit,
436 736 538 810 rudis
557 748 718 836 estpars
737 737 856 811 altera
870 739 995 812 tellus

63 852 229 954 Quippe,
261 853 326 927 ubi
357 852 577 951 temperiem
612 875 780 926 sumsere
807 853 1016 952 humorque
1046 876 1108 927 ca-

213 970 358 1067 lorque,
652 1036 657 1044 .
1032 972 1108 1042 430

64 1084 313 1184 Conci-piunt3
343 1094 383 1158 et
400 1085 447 1158 ab
466 1082 524 1157 his
542 1084 711 1171 oriuntur
729 1093 868 1157 cuncte
884 1083 1055 1158 duobus:

62 1196 268 1298 Quumque·
285 1200 335 1273 sit
352 1199 450 1297 ignis
468 1221 576 1297 aquae
594 1222 748 1298 pugnax
763 1226 772 1290 ;
799 1223 914 1298 vapor
930 1199 1108 1275 humidus

214 1334 344 1389 omnes

66 1429 144 1505 Res
160 1441 279 1520 creet,
298 1442 337 1506 et
353 1431 497 1504 discors
514 1431 716 1506 concordie
731 1431 883 1505 foetibus
902 1441 991 1530 epta
1008 1440 1080 1506 est.

67 1545 168 1644 Ergo
185 1541 252 1622 ubi
268 1547 408 1621 diluvio
425 1548 537 1621 tellus
555 1548 740 1621 lutulente
757 1546 898 1621 recenti

53 1661 219 1736 ¹Solibus
237 1662 412 1750 aetheriis,
433 1662 586 1759 altoque
603 1662 798 1737 recanduit
814 1671 930 1751 aestu;
1012 1719 1015 1724 .
1033 1664 1109 1736 435

68 1775 197 1851 Edidit
213 1777 429 1853 innumeras
447 1777 616 1876 species3
645 1777 860 1876 partimque
876 1777 1015 1874 figuras

68 1892 215 1970 Retulit
233 1895 430 1993 antiques3
450 1895 588 1994 partim
605 1917 700 1969 nova
716 1904 884 1970 monstra
900 1893 1051 1968 creavit.

82 2234 152 2283 433.
179 2232 332 2282 Selemnos
352 2236 460 2290 emnem,
478 2233 564 2297 quibua
612 2236 653 2285 54.
665 2235 735 2300 jubet
750 2234 907 2298 Aouagorca
922 2232 953 2281 de
970 2232 1068 2281 AEthere
1086 2241 1111 2284 et

65 2305 129 2357 deest
148 2321 260 2356 numerus
281 2322 362 2356 eurum
378 2307 490 2373 partium,
508 2323 562 2372 qua
612 2310 701 2370 Terra3
717 2310 805 2374 quippe
821 2324 850 2357 ex
861 2308 946 2356 eodem
956 2308 1019 2357 sonte
1030 2308 1111 2357 ducta.

65 2381 193 2445 perfectum
210 2390 234 2430 et
243 2381 378 2429 absolutum
391 2381 480 2429 animal
488 2381 561 2429 effici·
615 2385 750 2446 Temperiem
760 2399 854 2439 eumen,
865 2381 999 2446 temperari.

64 2463 112 2504 uae
145 2455 192 2503 He
206 2453 402 2511 amanuncus
415 2456 562 2503 estuantem
644 2459 701 2506 431.
718 2455 1051 2513 Alliehoruminterventu.

65 2529 285 2576 manente.
304 2527 397 2576 Etenim
406 2531 496 2576 numeri
506 2534 562 2575 aunt
643 2532 700 2580 4³2.
729 2530 803 2592 Vopor
817 2537 854 2578 est
869 2528 982 2584 calor,ut
999 2527 1033 2576 iii.
1054 2530 1110 2578 152.

65 2609 149 2666 panea,
161 2617 262 2667 quarum
276 2600 379 2649 numeris
393 2600 563 2666 requiritunut
612 2612 637 2653 et
662 2603 727 2653 alibi.
761 2603 868 2658 resne,
887 2600 1031 2649 animalibus
1055 2618 1110 2668 pro-

66 2691 100 2724 rae
116 2676 202 2740 aliqua
216 2674 322 2741 perfecta
339 2674 383 2723 ait:
401 2674 452 2723 uid.
469 2673 562 2724 Ernesti
612 2677 728 2727 creandis.

64 2749 130 2800 illae.
144 2749 199 2799 cic.
213 2749 301 2799 laroc.
317 2749 358 2799 Cl.
374 2747 436 2798 inira
450 2749 495 2798 vii.
509 2749 564 2797 126.
646 2752 703 2800 433.
729 2750 834 2799 Dicendi
853 2751 973 2797 eoncordia
994 2747 1110 2798 mundum

65 2823 149 2890 Pomp
166 2824 236 2874 Men
255 2823 319 2874 d.l.
341 2830 358 2852 ‘⁸
372 2824 418 2873 Per
437 2823 564 2872 humentes
612 2834 727 2882 constare,
746 2823 815 2872 multi
838 2822 969 2888 philosophi
990 2831 1015 2872 et
1035 2832 1110 2887 poete

64 2911 160 2963 eampo·
187 2897 298 2962 quedam
324 2896 430 2947 nondum
455 2897 563 2962 perlecta
612 2907 762 2949 coemerunt.
794 2897 834 2947 cl.
846 2898 931 2946 Horat.
942 2897 1018 2962 Epist.
1032 2897 1054 2944 Ι.
1070 2896 1112 2946 xii.

63 2970 187 3029 animalia,
197 2971 240 3021 ud
249 2979 300 3021 tum
311 2971 408 3020 demum
422 2968 565 3036 accipientia
615 2974 655 3022 19.
666 2972 752 3021 Manli.
760 2971 777 3020 i.
787 2969 1006 3020 lllmbidiscerdiu
1014 2987 1113 3020 concere.

62 3044 216 3110 spiritumet
230 3060 259 3094 ex
270 3053 337 3110 parte
349 3044 400 3110 jam
417 3043 525 3099 formata,
535 3058 564 3099 ex
614 3046 777 3112 Empedocles.
787 3053 872 3111 praeter
882 3053 982 3110 quatuor
994 3045 1112 3094 elementa

64 3129 130 3183 parte
146 3118 227 3168 adhue
237 3127 332 3168 terrena
341 3118 474 3167 visunour.”
491 3119 564 3167 Lucr.
614 3120 756 3175 materialia,
765 3118 848 3168 statuit
854 3118 902 3167 duo
910 3118 1042 3184 operantia,
1049 3118 1112 3184 φιλί·

64 3207 85 3240 v·
93 3193 153 3242 888»
170 3191 353 3258 “Orbapedum
359 3190 445 3256 partim
453 3204 565 3240 manuum
615 3210 649 3244 αν
660 3203 685 3243 et
696 3196 789 3252 eeieoc:
808 3196 949 3242 concordiam
964 3200 989 3241 et
1002 3195 1112 3241 discordi-

62 3264 567 3322 &mennamumltasineoreetiamfl
616 3285 661 3317 am.
693 3263 1042 3331 Diog.Laert.qumpedocl.

64 3348 112 3388 eto·
131 3339 220 3388 Totum
232 3347 311 3388 autem
327 3339 443 3388 somnium
457 3338 513 3387 inde
524 3348 568 3389 est.
650 3343 706 3391 435.
722 3342 799 3397 Altus,
816 3339 867 3389 sole
884 3340 909 3388 iu
930 3340 979 3389 alto
996 3339 1058 3388 coelo
1075 3340 1111 3388 el·

63 3414 222 3471 Quanranea
235 3412 261 3461 in
275 3413 404 3479 paludibus
413 3413 485 3462 ovula
494 3413 568 3478 depo·-
616 3417 700 3465 lectus.
734 3415 874 3463 Recanduit.
889 3413 952 3464 Vide
970 3412 1001 3470 ad
1015 3413 1056 3462 xii.
1072 3415 1112 3462 12.

64 3500 121 3536 aete
142 3486 321 3551 soleantque
340 3484 427 3537 deinde
447 3486 525 3535 calore
543 3495 568 3535 et
616 3491 680 3540 Plin.
694 3490 754 3538 Pon.
770 3491 813 3538 30.
829 3491 948 3554 AEgyptus
960 3489 1008 3537 alto
1019 3489 1113 3549 pulvere

64 3559 165 3609 benere
177 3560 345 3618 exeluduntur,
354 3576 417 3609 error
427 3560 484 3609 inde
497 3567 566 3609 natus
615 3566 746 3620 emendate,
757 3563 798 3612 ubi
809 3581 832 3612 v.
842 3563 962 3612 Schwarz.

62 3641 107 3691 eat,
128 3648 200 3683 ranae
224 3632 291 3683 nasci
311 3650 342 3683 ex
363 3634 428 3690 limo,
449 3650 490 3683 xv.
509 3635 566 3683 375.
648 3639 707 3687 436.
734 3637 821 3699 Species
837 3645 861 3685 et
870 3637 972 3701 figurae,
989 3633 1110 3685 animalia.

61 3706 176 3772 idemque
188 3723 253 3757 error
266 3723 321 3757 mox
337 3708 460 3757 traductus
473 3708 504 3756 ad
520 3708 567 3757 alia
616 3711 679 3762 Vide
689 3710 720 3759 ad
732 3726 781 3759 ver.
792 3710 814 3758 l.

62 3779 187 3831 ammeta
649 3785 705 3832 437.
717 3784 817 3839 Retulit,
831 3782 916 3830 iterum
930 3780 1028 3830 creavit.
1044 3781 1112 3835 Mon.

93 3856 153 3904 ⁴³⁰·
172 3855 261 3919 &W
275 3859 325 3914 ubl,
337 3857 397 3919 Μ]
417 3853 564 3905 1⁸2&th
614 3870 670 3915 stra,
685 3856 786 3923 τέρατα,
804 3856 923 3914 dicuntur,
939 3865 966 3905 ut
979 3871 1061 3905 omnes
1075 3873 1113 3907 res

62 3943 145 3979 verme
155 3937 181 3979 et
195 3945 240 3979 auo
256 3931 326 3980 modo
341 3929 448 3996 explicat
458 3931 566 3978 lectant-
616 3932 729 3982 inaudite
740 3940 765 3981 et
774 3932 848 3988 mirae,
857 3929 892 3979 ita
901 3930 972 3980 etiam
981 3929 1035 3979 lere
1048 3931 1114 3980 terri·

63 4003 126 4052 laet.
136 4002 199 4054 Div.
216 4005 251 4054 ΙΙ.
268 4004 301 4054 ix.
317 4008 352 4056 15·
361 4021 416 4092 eqo
450 4005 513 4055 Cum
531 4001 568 4052 his
615 4007 684 4056 biles.
712 4006 806 4054 Lucret.
825 4004 850 4052 d.
870 4003 887 4052 l.
919 4003 1040 4066 Multaque
1065 4013 1114 4052 um

64 4076 159 4134 hobus
176 4079 343 4146 Egyptiorunr
362 4079 487 4145 prineipde
501 4093 568 4137 eom·
619 4078 695 4134 Tellus
716 4081 784 4128 etiem
803 4087 909 4140 mento
929 4093 1007 4127 creare
1025 4078 1114 4138 &note

65 4164 149 4215 parare
162 4152 265 4203 venen.
280 4153 385 4203 maerin
400 4152 426 4202 in
444 4151 526 4216 nurip.
540 4168 567 4216 p·
617 4164 659 4204 eet.
693 4152 772 4221 litiani
786 4151 850 4218 apud
865 4150 1075 4200 nomenonii.
1088 4151 1113 4200 6.
