2812 5010
277 316 749 410 METAMORPHOSEON
773 317 863 384 LIB.
888 319 917 384 Ι.
1077 320 1122 386 85

73 487 216 563 Celsior
233 491 315 588 ipse
333 489 430 579 loco,
450 503 675 591 sceptroque
693 493 842 568 innixus
860 495 1015 580 eburno,

71 603 284 680 Terriiicam
302 607 437 706 capitis
456 607 646 682 concussit
662 618 796 707 terque
815 620 1025 708 quaterque

15 733 16 737 ’
71 719 287 810 Caesariem,
306 747 393 797 cum
411 748 488 820 qua
504 734 654 812 terram,
674 750 789 812 mare,
809 727 944 815 sidera,
963 727 1090 801 movit.

70 837 224 913 Talibus
243 841 330 916 inde
349 841 470 915 modis
485 866 550 916 ora
567 841 801 939 indignantia
818 843 948 919 solvit:
1047 848 1112 916 181

70 964 90 992 “
105 954 143 1026 N
146 981 196 1028 on
213 982 283 1053 ego
301 982 369 1056 pro
382 957 511 1031 mundi
529 982 645 1055 regno
663 959 782 1054 magis
802 958 936 1032 anxius
953 960 1018 1032 illa

68 1070 311 1170 Tempestate
327 1073 393 1161 fui,
413 1099 490 1173 qua
506 1086 658 1151 centum
677 1075 839 1173 quisque
857 1078 1042 1174 parabant

69 1186 229 1285 lnjicere
248 1189 503 1288 anguipedum
522 1191 670 1290 captivo
683 1191 838 1265 brachia
854 1193 962 1265 coelo.

69 1303 179 1393 Nam,
201 1331 419 1404 quanquam
437 1306 538 1380 ierus
561 1307 681 1380 hostis
700 1316 792 1395 erat,
812 1318 940 1381 tamen
957 1307 1049 1381 illud
1067 1307 1114 1382 ab

216 1448 291 1496 uno
1045 1427 1115 1497 185

67 1653 92 1701 lis
100 1663 193 1712 ornata,
201 1671 214 1702 e
222 1653 286 1718 ligno
296 1663 338 1703 aut
345 1656 427 1715 ebore3
438 1672 567 1721 σκηπτρον
617 1657 723 1720 sequitur
733 1659 816 1715 oratio,
827 1667 852 1707 et
861 1658 919 1706 iram
931 1658 1012 1722 spirat,
1023 1666 1047 1706 et
1061 1672 1113 1720 gra·

70 1732 205 1789 ασκῆπτω.
226 1730 329 1786 innitor,
342 1729 461 1778 incumbo.
487 1731 568 1796 Reges
616 1729 684 1779 vitati
692 1731 760 1780 Jovis
770 1731 887 1780 convenit.
920 1730 1116 1796 MajestatiJovis

68 1800 122 1849 olim
143 1801 182 1850 vel
204 1802 289 1851 dextra
315 1805 428 1852 tenebant
454 1810 567 1866 sceptrum
617 1805 760 1853 conveniunt
771 1805 822 1861 illa,
836 1822 889 1870 quae
901 1806 930 1854 de
941 1820 1012 1869 regno
1022 1803 1114 1861 mundi,

66 1883 178 1933 erectum,
189 1877 229 1924 vel
240 1875 262 1925 ei
271 1880 439 1926 innitebantur.
617 1879 647 1927 de
663 1879 790 1944 puniendis
805 1882 940 1938 sceleribus,
951 1880 981 1929 de
996 1880 1062 1929 novis
1078 1879 1115 1928 in·

99 1953 156 2000 179.
176 1951 442 2016 Ternficom—movtt]
466 1953 567 2019 Expres·
618 1952 676 2001 colis
692 1962 758 2002 terrae
776 1953 869 2010 dandis,
880 1954 910 2002 de
922 1953 1020 2019 imperio
1032 1970 1074 2002 suo
1090 1953 1115 2002 iu

68 2042 116 2074 sum
133 2034 172 2074 est
189 2043 220 2075 ex
237 2025 381 2074 nobilissimo
397 2026 450 2076 loco
469 2029 568 2077 Homer.
618 2028 690 2086 Deos,
721 2028 835 2092 loquitur.
878 2029 1050 2092 Indignilatem
1082 2026 1116 2077 rei

67 2099 95 2147 Il.
113 2120 140 2149 a.
162 2102 210 2149 529
229 2117 282 2165 sqq.
315 2099 464 2166 Ἀμβρόσιαι
479 2100 501 2150 δ’
517 2103 567 2168 ἄρα
617 2103 739 2152 commode
766 2119 807 2168 per
833 2102 1033 2166 comparationem
1061 2119 1116 2153 cum

68 2177 153 2239 χαῖται
168 2173 342 2241 ἐπεῤῥώσαντο
357 2176 468 2234 ἄνακτος
478 2178 568 2241 κρατὸς
616 2175 746 2240 Gigantum
757 2184 843 2224 conatu
856 2179 941 2240 (quem
957 2176 1030 2224 lector
1044 2176 1114 2224 modo

67 2248 110 2298 ἀπ’
137 2247 281 2299 ἀθανάτοιο·
309 2247 389 2316 μέγαν
417 2249 437 2299 δ’
462 2251 567 2308 ἐλέλιξεν
616 2249 866 2314 cognovit)ostendit;
883 2257 934 2297 erat
950 2249 1047 2298 enimet
1060 2250 1113 2305 hoc,

64 2321 207 2390 Ὄλυμπον.
250 2322 289 2372 Ibi
316 2324 447 2389 Olympum
473 2333 566 2374 tantum
616 2325 704 2373 crimen
721 2324 784 2373 lresae
803 2323 934 2389 majestatis
952 2323 1046 2372 divina.
1080 2325 1114 2372 Ut

68 2406 153 2455 movet,
176 2397 233 2462 quia
253 2397 287 2446 nil
307 2397 353 2446 nisi
370 2399 454 2447 annuit
472 2399 564 2464 capitae
616 2408 695 2447 autem
712 2399 752 2447 ille
760 2398 956 2462 conatusjustam
971 2398 1114 2446 ministraret

68 2471 106 2520 sed
123 2471 164 2521 hic
181 2471 283 2536 graviter
298 2474 425 2537 indignans
441 2473 476 2521 ita
494 2481 566 2539 caput
616 2489 758 2529 mensuram,
771 2472 914 2537 gravissimis
923 2487 978 2520 eum
985 2471 1062 2520 verbis
1073 2473 1115 2520 de·

68 2544 181 2602 concutit,
200 2554 227 2594 ut
248 2549 501 2603 memorandam
520 2556 584 2596 tre·
616 2548 706 2597 scribit.
740 2549 840 2596 Annium
850 2546 918 2595 illum
934 2546 1038 2594 animum
1049 2563 1113 2595 com-

66 2629 141 2669 mant:
172 2635 311 2685 quanquam
331 2620 394 2686 apud
412 2621 501 2671 Catull.
523 2623 565 2670 63.
616 2629 729 2670 memorat
738 2622 809 2671 etiam
821 2622 880 2670 Hor.
891 2620 941 2669 ΙΙΙ.
953 2621 1003 2669 Od.
1017 2620 1049 2669 iv.
1064 2621 1112 2669 49:

67 2697 121 2744 203.
140 2704 214 2744 nutus
229 2695 330 2745 eandem
347 2697 395 2743 vim
408 2695 494 2745 babet:
514 2697 565 2745 Tel·
615 2703 692 2745 turma
714 2696 844 2761 Gigantum
871 2713 979 2761 magnum
1004 2705 1113 2744 terrorem

67 2772 566 2834 lasatqaehorridocontremaeruntfflquo-
615 2773 735 2828 intulerat,
748 2772 826 2835 fidene
847 2772 951 2818 brachiis.
983 2770 1070 2834 Itaque
1091 2777 1116 2818 et

66 2847 269 2907 ementitumque
281 2846 392 2892 micantia
408 2847 483 2893 sidera
499 2863 566 2894 man·
615 2843 654 2892 hie
668 2844 768 2894 tonnula
785 2846 877 2894 baebio
890 2845 984 2906 injicere
999 2860 1055 2893 curn
1070 2844 1113 2892 de·

66 2921 113 2968 dnn
147 2920 209 2967 Haec
229 2920 283 2967 locu
303 2919 455 2968 sublimitatis
472 2920 566 2968 laudem
615 2917 804 2967 lectuadhibita.

66 3001 193 3048 merentur,
217 2991 350 3057 luduntque
377 2992 489 3051 animum,
510 2993 567 3043 licet
650 2994 704 3041 183.
730 2992 781 3046 Qun
807 2993 1030 3048 centana—bractia,
1052 2991 1112 3056 ete]

66 3066 152 3115 Noster
163 3066 212 3115 rim
226 3065 302 3122 illam,
314 3067 407 3133 adjecto
422 3077 500 3130 terque
510 3087 565 3131 qna-
616 3067 719 3116 Centum
744 3082 837 3115 manus.
871 3066 942 3115 Unde
962 3074 987 3115 et
1007 3065 1116 3129 gigantes

65 3149 149 3203 terque,
166 3139 271 3205 fregerit.
305 3141 459 3206 Magnificam
486 3151 565 3192 autern
615 3145 868 3190 centimoniacentum
877 3140 1115 3189 manibusvocantur.

65 3214 129 3264 illam
140 3217 286 3264 sententiam
295 3216 416 3264 transtulit
423 3225 447 3265 et
457 3217 488 3266 ad
498 3217 565 3274 alios,
616 3215 731 3264 Alludere
741 3224 820 3263 autem
830 3221 902 3279 poeta
910 3214 1003 3262 videtur
1020 3214 1051 3262 ad
1062 3214 1116 3262 Bri-

66 3290 112 3339 viii.
124 3292 182 3339 780.
194 3290 225 3339 ad
235 3289 362 3351 Cererem
379 3290 405 3338 II
419 3307 449 3340 ex
461 3292 565 3342 Pontii.
616 3305 696 3338 areum
712 3289 832 3354 gigantem
848 3295 872 3337 et
883 3289 979 3338 Cottum
993 3295 1017 3336 et
1028 3288 1114 3353 Gygen

67 3365 105 3413 bb.
116 3364 149 3413 ad
161 3364 298 3428 Augustum
314 3365 381 3422 adeo,
398 3365 472 3430 quum
488 3370 567 3417 antron
615 3363 680 3412 illius
689 3363 781 3419 frenes,
792 3379 851 3427 qnos
865 3362 963 3410 Hesiod.
973 3361 998 3410 in
1008 3362 1116 3427 Theogo-

65 3443 177 3488 remiserit
193 3439 310 3496 dicatiori
325 3457 399 3488 secam
413 3443 565 3504 tmaaimpe-
616 3437 656 3486 aia
672 3437 778 3502 singulos
795 3445 889 3485 centum
906 3452 990 3485 manus
1004 3435 1116 3484 habuisse

65 3517 171 3579 rinmqne
182 3523 278 3562 mouent.
310 3513 358 3562 Hic
374 3525 461 3563 movent
472 3525 516 3572 est,
527 3532 565 3565 re·
616 3512 658 3561 ait.
674 3508 1114 3578 Angaipcder,bparonrbrrodrg.Trist

65 3596 141 3652 gunt3
158 3587 354 3637 sednostroloco
368 3591 565 3646 monituremete-
615 3586 974 3647 IV.vii·17·urpentipedt³·
1010 3583 1113 3644 Capliw»

66 3661 107 3720 cit,
124 3669 153 3712 nt
169 3662 257 3711 Horat.
275 3663 324 3711 III.
340 3663 388 3712 od.
405 3664 421 3712 i.
434 3666 459 3712 8.
472 3665 567 3730 Jupiter
616 3661 678 3724 quod
708 3675 792 3726 capere
823 3659 977 3706 conabantur.
1027 3655 1115 3722 Incipit

66 3746 152 3785 cancta
174 3738 296 3799 supercilio
317 3754 412 3786 mouens.
448 3738 567 3788 Concessio
616 3736 687 3798 magis
710 3739 801 3790 nntius,
823 3732 890 3796 sequi
916 3732 1028 3788 debebat,
1047 3749 1114 3794 qnam

64 3810 160 3875 signnm
176 3808 355 3874 indignationis,
369 3818 397 3860 ut
413 3811 439 3859 ii.
449 3813 506 3860 849.
516 3830 567 3860 cam
616 3825 694 3866 ηααο,ι
711 3808 753 3856 sed
762 3807 806 3856 boc
817 3806 891 3854 iratus
899 3803 985 3854 omisit.

63 3898 311 3949 qumquaconcussa.
344 3886 409 3935 Note
423 3895 574 3951 autemgra->
653 3884 707 3932 185.
736 3883 810 3930 Ferus
834 3879 921 3942 boetia]
947 3878 1042 3946 Ἀγρωι
1066 3880 1116 3930 θεαὶ

65 3973 118 4007 rem
129 3974 223 4014 tonum,
232 3973 280 4024 que
290 3960 354 4008 omni
362 3960 385 4008 h.
395 3962 413 4009 l.
421 3961 493 4009 verba
503 3961 567 4010 ince-
618 3965 731 4006 vocantur
741 3958 861 4022 gigantes:
871 3956 925 4020 seri
932 3959 1047 4021 gigantes,
1058 3956 1115 4005 Son.

65 4031 196 4096 dantque
210 4033 282 4081 etiarn
299 4035 428 4098 asyndeton
439 4033 464 4082 in
475 4045 568 4091 terram,
618 4033 747 4099 OEdip.90.
775 4033 974 4093 Abanoeorpora.
1000 4032 1058 4078 Erat
1067 4045 1116 4078 una

65 4114 112 4155 etc.
125 4105 229 4154 multum
240 4107 340 4157 confert.
618 4109 709 4164 cohors,
716 4123 769 4172 quae
781 4106 913 4171 conjunctis
923 4105 1011 4154 viribus
1021 4106 1117 4170 Superis

99 4182 155 4228 182.
172 4181 486 4248 Nonegopromundi,etc.]
506 4184 567 4240 Quae
619 4181 841 4232 belluminierebat.

98 4254 177 4302 VOL.
194 4254 245 4303 111.
716 4257 736 4302 F.
