2812 5010
277 318 747 387 METAMORPHOSEON
771 318 861 385 LIB.
886 318 915 385 1.
1075 322 1118 386 71

75 490 214 566 Deerat
232 493 369 580 adhuc,
386 503 425 570 et
442 494 545 597 quod
568 493 751 568 dominari
769 494 807 567 in
825 504 952 571 cetera
969 507 1113 593 posset.

74 609 195 683 Natus
213 611 326 684 horno
344 621 423 701 est3
453 611 531 689 sivo
549 610 649 687 hunc
666 610 791 684 divino
807 611 949 686 semine
966 611 1057 686 fecit

72 724 139 799 Illo
157 724 286 823 opifex
304 750 440 815 rerum,
460 726 591 805 muudi
609 725 773 801 melioris
788 726 912 824 origo:

71 841 157 915 Sive
176 866 307 916 recens
326 843 450 929 telluS,
471 843 705 943 seductaque
722 868 842 942 nuper
860 844 908 918 ab
926 844 1002 918 alto
1067 850 1115 918 80

69 957 237 1047 AEthere,
256 959 409 1056 cognati
426 959 612 1037 retinebat
628 959 773 1039 semina
790 959 887 1034 coeli.

70 1072 195 1157 Quam
210 1084 315 1149 satus
333 1075 478 1173 Iapeto,
498 1077 657 1155 mixtam
674 1074 887 1151 fluvialibus
905 1077 1029 1162 undiS,

70 1189 199 1264 Finxit
215 1192 255 1264 in
272 1192 434 1289 effigiem
451 1194 713 1273 moderantum
731 1203 869 1267 cuncta
887 1193 1076 1280 Deorum;

69 1305 273 1407 Pronaque
293 1332 410 1405 quum
429 1318 603 1409 spectent
620 1310 797 1391 animalia
814 1318 940 1385 cetera
963 1320 1113 1397 terram,

99 1634 140 1686 78.
152 1637 363 1704 iterumne]
375 1639 454 1690 Valde
464 1641 565 1691 fluctua-
616 1649 690 1692 verat.
723 1640 773 1689 Alii
789 1638 858 1688 aliter
875 1653 945 1704 super
963 1653 991 1686 eo
1014 1636 1114 1702 philoso-

68 1721 122 1761 runt
136 1711 272 1779 philosophi
288 1722 378 1765 veteres
391 1716 416 1764 in
432 1715 567 1765 definienda
616 1714 727 1780 phantur‚
745 1713 776 1763 de
796 1713 882 1778 quibus
900 1710 1032 1777 exponendi
1052 1726 1115 1758 nunc

67 1793 91 1835 et
101 1785 193 1850 origine
203 1795 229 1836 et
241 1797 327 1838 natura
340 1789 440 1839 anime:
458 1788 566 1840 videet·
616 1804 664 1838 non
689 1795 726 1838 est
751 1789 825 1837 locus.
859 1788 996 1852 Importune
1023 1793 1114 1840 autern,

68 1876 147 1910 ceron.
155 1861 229 1911 Tusc.
239 1861 256 1911 i.
265 1864 290 1920 9,
303 1866 340 1913 10.
363 1866 451 1913 Noster
460 1863 567 1929 sequitur
616 1878 669 1911 meo
685 1861 782 1926 quidem
801 1877 880 1918 sensu,
890 1862 966 1924 opifici
984 1877 1061 1908 rerum
1078 1875 1116 1907 re-

65 1951 113 1993 eos,
124 1934 166 2000 qui
177 1935 276 1984 coeleste
285 1936 416 2002 quidquam
425 1944 450 1986 et
460 1936 567 1987 divinum
616 1945 688 2002 pente
714 1935 872 1984 Prometheus
904 1934 982 1983 socius
1015 1932 1118 1981 additur.

67 2008 186 2059 inanimis
195 2009 272 2060 inesse
279 2012 407 2077 putabant:
419 2010 535 2061 cieris.
542 2011 567 2059 ii.
618 2011 716 2060 Mirtum
736 2014 813 2068 undis,
831 2026 886 2075 ergo
906 2024 936 2058 ex
957 2007 1008 2057 luto
1028 2005 1118 2056 creavit

66 2086 106 2134 ³4.
140 2085 213 2134 Unde
223 2101 279 2134 vero
291 2085 399 2134 divinum
415 2085 476 2135 illud
488 2094 566 2136 traxe·
616 2083 752 2146 hominem3
768 2086 826 2134 Hor.
834 2083 852 2132 i.
862 2082 966 2134 Od.xvi.
979 2084 1025 2142 133
1041 2082 1116 2130 Juve-

66 2158 358 2225 rint,dubiumrelinquit.
380 2161 467 2209 Divino
477 2165 567 2219 semine,
616 2162 666 2210 nal.
684 2159 733 2208 xiv.
756 2161 796 2210 35.
838 2158 903 2208 Hinc
929 2156 999 2206 homo
1020 2163 1118 2205 vocetur

66 2233 134 2283 deest
144 2250 180 2282 er.
617 2235 700 2296 πηλὸς
710 2233 723 2282 ὁ
734 2234 883 2300 Προμηθῆος
898 2248 913 2281 a
924 2231 1020 2281 Gallim.
1030 2231 1116 2293 fragm.

99 2310 140 2358 79.
158 2308 254 2374 Origo]
272 2309 352 2358 Palst.
366 2316 392 2358 et
407 2309 459 2365 elii,
469 2311 568 2358 mlieris
616 2309 698 2357 Bentl.
708 2309 751 2356 87.
784 2307 859 2373 Apud
875 2303 1061 2370 Hesiod'llpy.
1074 2305 1116 2352 60.

67 2385 150 2448 irrogo,
161 2397 210 2447 quo
224 2381 289 2430 Dan.
300 2381 383 2431 Heius.
393 2382 479 2448 respici
496 2391 568 2448 putat
617 2382 658 2430 ubi
668 2381 729 2430 mira
738 2380 840 2430 hominis
850 2379 989 2445 compositio
1000 2384 1117 2435 narratur,

68 2455 99 2504 ad
116 2455 206 2512 ideam,
223 2471 278 2521 quar
293 2455 320 2504 in
336 2455 390 2504 Deo
407 2456 484 2514 luerit,
495 2465 520 2505 et
535 2457 567 2506 ad
616 2456 741 2505 Vulcanus
755 2455 852 2520 jubetur
869 2455 948 2520 γαῖαν
961 2451 1011 2502 tun
1025 2450 1116 2517 φέρειν.

67 2544 140 2594 quam
156 2528 261 2579 mundus
276 2527 319 2578 ille
335 2529 418 2578 melior
438 2529 568 2596 dispositus
616 2530 694 2580 Aliter
710 2547 790 2580 rursus
803 2529 842 2578 hic
855 2529 951 2594 mythos
962 2529 992 2576 ab
1003 2527 1090 2576 Horat.
1099 2525 1117 2574 i.

66 2605 105 2654 sit.
130 2603 179 2653 Sed
190 2604 254 2654 unde
264 2604 320 2654 talis
329 2603 478 2670 philosophia
487 2604 513 2653 in
522 2605 566 2655 hoc
616 2604 664 2653 Od.
675 2603 723 2653 xvi.
734 2606 773 2652 13.
779 2611 903 2663 narratur;
921 2600 989 2651 aliter
999 2600 1072 2650 etiam
1083 2601 1113 2649 ab

65 2679 187 2728 cermiuet
203 2679 272 2744 Saepe
283 2682 346 2746 on'go
356 2687 381 2728 et
389 2682 463 2744 imago
473 2696 567 2746 permu-
616 2679 706 2744 Hygin.
714 2679 773 2728 Fab.
786 2680 841 2727 142.

66 2762 117 2803 tata
127 2761 193 2812 sunt,
202 2762 230 2803 ut
240 2753 257 2803 i.
267 2755 333 2802 Fast.
344 2755 386 2804 65.
421 2754 500 2820 Origo,
509 2769 567 2804 auc·
648 2755 690 2803 83.
709 2751 869 2818 Ineffigiem]
890 2748 1117 2809 Phocylid.v.101,

66 2837 110 2885 tor,
118 2837 227 2888 creatum
239 2827 290 2877 rid.
300 2827 343 2877 lib.
354 2846 379 2878 v.
391 2844 441 2878 ver.
453 2829 510 2878 ¹262.
519 2829 566 2879 Te·
616 2829 696 2877 anima
710 2835 809 2876 vocatur
824 2827 880 2876 Θεοῦ
897 2824 977 2875 εἰκών.
1011 2823 1117 2886 Eurysus

65 2901 108 2951 cit.
116 2903 183 2951 Mor.
192 2901 263 2952 G.ii:
276 2902 398 2953 Celebrant
406 2903 537 2953 Tuisconem
545 2914 567 2953 et
617 2903 720 2968 Pythag.
733 2901 760 2950 in
777 2902 837 2950 libro
854 2901 884 2950 de
903 2901 1016 2955 Fortuna,
1035 2905 1117 2946 censet

36 2975 41 2985 '
66 2977 568 3044 Mannumoriginemgentircorrditoresqae.
615 2978 696 3027 Deum
720 2991 812 3026 creasse
836 2974 955 3024 hominem
980 2971 1117 3038 ἀρχετύπῳ

66 3051 450 3119 Heliadudispositietexornati.
483 3052 568 3102 Reser-
614 3053 744 3118 χρώμενον
752 3050 842 3115 ἑαυτῷ.
867 3049 937 3098 Plato
948 3049 1011 3114 Rep.
1019 3046 1051 3096 vi.
1061 3062 1118 3112 pag.

64 3134 103 3177 tur
113 3126 417 3192 edmdsmindigmamque
427 3128 513 3175 molem.
616 3127 672 3175 4³1.
683 3126 709 3174 in
718 3125 813 3173 homine
827 3123 862 3173 sit
877 3139 928 3172 esse
939 3121 1032 3187 aliquid
1042 3121 1115 3170 Θεοει-

99 3202 141 3250 111.
148 3200 269 3266 cognu]
279 3200 418 3256 Nonterrre,
425 3199 467 3247 sed
474 3198 568 3248 animm
616 3200 655 3261 tte
670 3203 711 3251 rai
724 3199 868 3251 Oeoelurllov.
902 3197 983 3248 Fluxit
993 3205 1018 3246 et
1029 3196 1076 3245 hoc
1087 3197 1118 3246 ab

67 3275 135 3327 unte
150 3274 225 3339 igitur
236 3271 335 3322 Lenzius
352 3271 433 3321 srlrlit:
450 3280 567 3337 quatenus
617 3271 1066 3341 AEgypuis31uctant.1nst.vii.iv.
1084 3272 1115 3319 3:

65 3351 156 3399 oculum
165 3355 192 3397 et
198 3344 321 3395 tenaolim
329 3345 566 3412 conjunctafuerunt·
617 3351 649 3398 At
664 3349 759 3397 Hermes
774 3365 820 3396 nou
833 3348 958 3412 ignoravit,
969 3347 1080 3394 hominem
1096 3353 1118 3391 et

65 3420 240 3486 Cognationsm
247 3427 273 3468 st
282 3418 428 3469 domicilium
441 3418 568 3485 pristinum
616 3442 630 3471 a
642 3423 699 3479 Deo,
712 3425 776 3472 etad
788 3422 833 3470 Dei
843 3423 1017 3471 similitudinem
1019 3419 1116 3482 fictum.

63 3495 245 3545 anmaenosua
255 3493 502 3543 coelumvocatetiam
513 3494 566 3544 Cic.
616 3497 703 3545 Noster
717 3495 814 3562 effigiem
831 3496 932 3544 Deorum
947 3492 1013 3560 ponit
1023 3491 1049 3541 in
1066 3506 1117 3538 cor-

64 3570 141 3635 legg.
150 3569 170 3618 i.
181 3569 207 3617 9.
239 3566 400 3617 Sedomnium
409 3569 498 3634 optime
506 3569 567 3636 Hip·
617 3569 795 3636 porehumano.

64 3643 169 3712 parchus
189 3644 368 3709 approbaverat,
388 3642 491 3692 animam
511 3659 565 3692 nos·
650 3646 689 3694 ot.
700 3644 799 3708 Prone]
809 3642 849 3692 Ad
859 3650 944 3692 terrem
951 3640 1072 3705 depressa,
1081 3639 1118 3688 in-

63 3728 190 3769 usmesse
204 3724 296 3782 partem
305 3716 371 3766 coeli.
380 3716 443 3765 Plin.
454 3717 487 3765 H.
498 3716 530 3765 N.
539 3715 566 3765 ii.
617 3726 723 3767 curvata.
757 3718 796 3767 De
821 3717 896 3765 sonna
916 3713 1018 3762 hominis
1038 3720 1118 3762 erecta

62 3794 113 3853 265
142 3788 280 3841 Lucretii.
296 3792 359 3840 990:
384 3791 474 3841 Goelerti
491 3807 567 3841 summ
616 3791 686 3842 multi
695 3792 819 3841 Veterum.
830 3790 869 3839 Cf.
880 3787 976 3839 crau.
988 3787 1021 3836 D.
1032 3785 1058 3837 ii.
1069 3787 1114 3846 563

62 3881 139 3914 omnes
148 3867 343 3915 eminentiorum.
423 3927 425 3931 Ι
616 3868 692 3932 Legg.
708 3866 724 3914 ἰ.
738 3867 771 3926 9;
788 3865 898 3914 Lactant.
914 3864 973 3912 Inst.
986 3862 1045 3911 Div.
1059 3859 1087 3911 ii.
1100 3879 1118 3910 1.

96 3941 139 3989 02.
157 3941 234 3994 Quum
257 3950 319 3988 estus
343 3939 442 4004 lupera]
469 3939 565 3988 Prome·
616 3941 646 3989 Iu
655 3957 684 3990 ea
692 3956 743 3989 esse
751 3936 1055 4004 dignitatisetpraestautiae
1064 3952 1118 3985 nos·

61 4015 144 4072 theos,
156 4015 233 4080 Iapeti
248 4014 318 4071 filius,
330 4013 461 4063 habebatur
473 4012 565 4078 generis
616 4023 658 4062 trae
675 4029 779 4070 cansam,
795 4015 855 4062 bene
873 4011 954 4061 docuit
971 4010 1072 4060 Herder.
1092 4008 1117 4057 in

63 4091 165 4140 humani
176 4099 260 4140 auctor
269 4089 334 4139 haud
348 4089 419 4138 dubie
433 4097 564 4155 propterea,
616 4087 677 4136 libro
696 4087 765 4135 ldeen
781 4105 823 4138 rur
840 4087 980 4141 Gerchr'rlrte,
992 4093 1040 4133 etc.
1053 4084 1081 4131 P.
1095 4083 1117 4133 1.

62 4165 129 4229 quod
138 4181 217 4214 mores
225 4163 346 4212 hominum
355 4164 481 4228 agrestium
491 4162 566 4210 molli·
617 4180 642 4226 p.
655 4163 700 4210 172
712 4178 764 4226 sqq.
