2812 5010
253 335 722 402 METAMORPHOSEON
738 336 829 403 LIB.
852 337 916 404 VI.
1037 341 1103 409 379

59 494 271 586 Deseruere
288 535 376 585 suas
395 509 584 609 Nymphae
603 510 819 586 Pactolides
838 512 980 588 undas:

59 626 143 715 Nec
160 626 280 702 factas
298 628 419 701 solum
435 638 560 702 vestes
578 638 751 727 spectare
764 630 941 725 juvabat;
997 630 1103 720 [artil

58 741 157 816 Tum
184 733 349 841 quoque,
372 766 488 840 quum
515 744 671 819 fierent:
701 754 828 819 tantus
855 746 968 819 decor
986 746 1106 849 adfuit

59 857 148 932 Sive
159 860 296 934 rudem
314 858 455 958 primos
472 860 597 933 lanam
615 861 846 958 glomerabat
863 861 902 934 in
919 862 1051 952 orbes;

60 962 138 1048 Seu
156 974 283 1072 digitis
297 975 500 1072 subigebat
517 1001 624 1075 opuS,
645 976 882 1075 repetitaque
900 979 1013 1075 longo
1056 985 1106 1054 20

57 1090 210 1165 Vellera
227 1091 399 1165 mollibat
416 1093 574 1167 nebulas
592 1094 781 1191 aequantia
797 1104 942 1185 tractu3

59 1206 149 1280 sive
166 1207 238 1281 levi
255 1217 414 1282 teretem
430 1210 605 1283 versabat
622 1210 759 1308 pollice
776 1210 921 1298 fusum;

59 1321 139 1396 Seu
153 1322 334 1420 pingebat
352 1347 443 1398 acu:
473 1324 588 1398 scires
608 1348 631 1398 a
648 1314 804 1400 Pallade
823 1326 988 1400 doctam.

56 1434 172 1522 Quod
185 1448 311 1523 tamen
323 1439 407 1537 ipsa
418 1450 547 1536 negat3
566 1452 746 1539 tantaque
757 1442 1102 1539 offensamagistra,

59 1560 84 1622 ‘.‘
104 1552 274 1643 Certet,’'
293 1554 356 1644 ait,
378 1565 402 1594 “
418 1581 567 1631 mecum
578 1586 587 1646 ;
609 1559 701 1632 nihil
720 1569 792 1646 est,
811 1558 914 1654 quod
930 1559 1029 1633 victa
1046 1584 1103 1633 re-

206 1672 376 1746 cusem.'’

1055 1681 1106 1750 25

56 1785 185 1861 Pallas
204 1811 317 1861 anum
334 1788 497 1876 simulat,
517 1788 707 1888 falsosque
723 1791 762 1864 in
776 1802 1078 1890 temporaranos

56 2026 132 2078 etiarn
144 2027 235 2079 Tmolus
245 2030 364 2082 scribitur.
383 2032 446 2082 Vide
455 2034 557 2099 Stepha-

55 2118 116 2151 num
134 2102 165 2152 de
182 2104 296 2154 Urbibus.
319 2105 484 2162 ⁴Hincetiam
503 2108 527 2155 11.
538 2109 557 2157 1.

55 2177 166 2225 nonnulli
181 2193 236 2226 cum
250 2178 322 2235 Aldo,
336 2179 378 2228 sed
389 2188 463 2229 metro
475 2181 558 2230 adver-

55 2259 133 2308 sante,
147 2251 227 2301 Tmoli.
253 2253 313 2318 Ejus
322 2257 400 2302 uincta
410 2263 465 2303 sunt
476 2254 557 2314 etiam,

55 2327 226 2377 assertura.
258 2327 295 2375 Ex
306 2343 334 2377 eo
344 2328 463 2379 oriebatur
476 2331 558 2380 Pacto-

57 2401 102 2456 lus,
121 2401 207 2450 fluvius
226 2403 310 2468 Lydiae
331 2405 424 2454 aurifer.
456 2405 557 2470 Repeti-

55 2473 147 2524 tionem
169 2484 251 2524 autem
277 2477 405 2527 eorundem
425 2480 557 2536 verborum,

56 2549 136 2614 qualis
149 2548 174 2598 in
187 2551 233 2599 hoc
247 2559 272 2601 et
285 2551 394 2617 sequenti
406 2568 481 2610 versu,
494 2561 557 2603 amat

55 2623 160 2671 Noster:
184 2623 201 2674 i.
218 2626 267 2674 325
285 2641 353 2691 sqq.;
377 2644 401 2676 v.
420 2628 468 2676 579
483 2643 556 2693 sqq.;

57 2695 108 2745 viii.
119 2698 167 2746 628
180 2714 234 2763 sqq.

92 2773 131 2822 13.
152 2772 209 2820 Tum
227 2790 319 2836 quoque,
338 2773 398 2836 cta]
423 2774 470 2824 Hic
489 2775 555 2823 locus

57 2844 155 2894 laudern
174 2855 277 2896 meretur
295 2849 325 2896 ab
345 2857 404 2904 arte,
422 2865 470 2913 qua
488 2849 555 2913 inge·

56 2919 123 2969 nium
137 2928 214 2985 poeta
228 2936 277 2970 rem
293 2922 454 2971 tenuissimam
468 2932 492 2971 et
502 2923 555 2972 vul·

56 3010 137 3059 garem
154 2996 285 3044 exornavit.
320 2997 394 3044 Decor
404 2997 483 3062 adfuit
499 3001 554 3055 arti,

56 3068 142 3118 decore
159 3070 279 3118 tractabat
297 3070 391 3134 singula
411 3071 467 3119 artis
485 3088 552 3121 suae:

55 3141 112 3190 vide
128 3141 160 3190 ad
170 3142 202 3192 iv.
212 3144 269 3191 230.
303 3144 412 3208 Exempli
428 3143 480 3194 loco
494 3162 554 3210 prae·

56 3215 202 3283 parationem
214 3217 275 3264 lanae
286 3216 316 3265 ad
327 3225 419 3265 textum
430 3227 552 3276 memorat,

55 3290 87 3339 de
107 3305 155 3354 qua
171 3291 252 3339 conset
268 3290 435 3348 Claudianum,
448 3310 488 3342 xr.
499 3296 556 3343 383.

55 3363 178 3428 subigebat
209 3364 301 3422 melius,
328 3381 399 3429 quam
427 3369 554 3418 tractabat.

56 3436 172 3499 Repetite,
184 3439 241 3503 quia
257 3438 364 3501 pluribus
380 3443 490 3490 tractibus
500 3444 555 3490 moi-

56 3513 134 3561 liebct.
160 3513 224 3562 Vide
243 3513 274 3562 ad
291 3514 323 3563 iv.
343 3515 399 3565 733.
441 3517 555 3565 Velleram

55 3584 188 3635 teneritudo
204 3587 325 3651 eleganter
339 3597 488 3654 comparatur
499 3607 554 3639 cum

54 3661 152 3716 richelis,
168 3660 368 3724 quemadmodum
385 3670 467 3711 contra
482 3663 552 3728 Virg.

55 3732 146 3797 Georg.
163 3733 180 3782 i.
198 3735 255 3782 397.
272 3736 401 3785 nubeculas
417 3753 472 3785 curn
491 3737 552 3786 lanae

52 3806 181 3856 velleribus
192 3807 293 3856 confert.
328 3809 428 3866 Mollire,
446 3810 549 3868 trahere,

53 3892 81 3928 ut
98 3881 180 3929 tenuia
196 3881 265 3930 liant.
298 3882 441 3932 Claudiam:
463 3884 553 3933 Vellera

52 3971 95 4018 per
113 3964 192 4003 taines
199 3957 267 4021 ferri
282 3960 408 4019 prodiicere
422 3960 501 4014 rimas,
512 3957 553 4008 ubi

53 4028 110 4078 vide
128 4029 229 4080 Gesner.
261 4031 340 4080 Etiam
358 4042 454 4081 tenuare
472 4041 496 4080 et
511 4034 552 4081 eli-

52 4104 215 4167 querelarum
225 4105 250 4153 in
260 4115 323 4155 usu.
347 4107 394 4156 Illa
405 4109 490 4157 vellera
501 4109 552 4158 No·

52 4177 108 4228 stris
116 4177 327 4244 dicunturflocoas.
463 4173 465 4180 '

641 2035 681 2082 22.
697 2034 749 2083 Sive
764 2036 807 2083 leui
825 2034 936 2097 teretem]
956 2036 1107 2100 Burmannus

607 2122 636 2156 ex
653 2123 700 2156 uno
716 2106 804 2156 Codice
823 2108 888 2172 legit,
908 2109 976 2155 levem
994 2111 1068 2164 tereti,
1078 2117 1107 2156 ut

607 2181 677 2230 simul
686 2181 798 2230 Arachne
813 2198 826 2231 a
840 2183 913 2231 lorma
928 2181 1054 2239 laudetur;
1072 2191 1105 2230 te-

607 2259 666 2303 retia
681 2256 744 2304 enim
760 2258 874 2312 membra,
889 2256 913 2304 in
929 2255 1011 2321 primis
1026 2266 1106 2306 teretes

606 2329 684 2394 digiti,
695 2329 720 2378 in
734 2338 800 2395 parte
814 2329 998 2394 pulchritudinis
1012 2345 1104 2396 ponun-

607 2410 653 2453 tur.
664 2404 697 2453 A.
709 2404 743 2452 A.
754 2403 773 2452 i.
784 2405 840 2452 622.
873 2404 905 2451 Et
915 2404 1036 2469 Hypaepas
1051 2404 1105 2468 pul-

607 2477 736 2526 cherrimas
760 2476 870 2526 habuisse
895 2474 1006 2525 mulieres
1033 2477 1106 2525 tradit

607 2551 750 2616 Stephanus.
777 2551 864 2615 Neque
875 2549 975 2598 dubium
985 2558 1036 2612 est,
1047 2551 1106 2615 quin

606 2627 694 2674 Noster
719 2623 859 2690 expresserit
886 2624 978 2673 Catull.
998 2623 1106 2690 Epithal.

606 2699 682 2755 Pelei,
703 2699 752 2755 ubi,
775 2698 895 2746 Lihrotum
917 2700 983 2745 tereti
1001 2700 1105 2746 oeembnt

604 2775 686 2835 pollice
689 2773 783 2838 jusum.
800 2771 898 2828 Contra,
908 2770 1007 2819 Heroid.
1016 2771 1049 2821 ix.
1056 2772 1101 2820 77:

605 2847 720 2896 Hercules
736 2847 931 2895 crossc-robasto
948 2847 1040 2894 deducit
1054 2847 1105 2906 poi-

605 2925 648 2971 1111
662 2922 718 2984 filo.
762 2921 795 2968 Et
808 2920 882 2985 fusus
901 2928 965 2967 recte
985 2918 1104 2968 diceretur

607 2999 660 3044 lenis
667 3014 676 3054 ;
694 2995 766 3044 fiebat
776 2995 839 3044 enim
850 3011 879 3043 err
888 2995 969 3060 junco.
1002 2993 1104 3051 Plinius,

605 3070 691 3119 xtaa.

637 3146 679 3193 23.
695 3144 779 3202 Scires,
798 3151 845 3192 etc.
858 3151 885 3192 ut
901 3143 920 3192 i.
933 3144 989 3192 162.
1008 3147 1077 3191 scires
1092 3160 1105 3192 e

605 3222 717 3284 reviguisse
738 3228 812 3267 iratos.
853 3218 898 3266 His
919 3217 996 3266 verbis
1024 3224 1104 3265 autem

604 3310 652 3342 non
672 3293 785 3342 laudatur
804 3291 875 3340 modo
894 3293 924 3340 ab
942 3299 1001 3347 arte,
1016 3291 1059 3340 sed
1081 3302 1106 3340 et

604 3365 754 3431 impudentia
764 3367 815 3431 ejus
826 3365 897 3414 simul
908 3373 1003 3413 notatur
1013 3364 1039 3411 in
1052 3380 1103 3412 ma-

604 3438 713 3503 gistram.
747 3439 874 3501 Tantaque,
893 3445 939 3486 etc.
964 3437 1104 3502 ignominio-

604 3529 655 3561 sam
665 3512 710 3560 sibi
727 3529 777 3560 esse
789 3522 876 3578 putans
886 3511 1033 3575 magistram,
1045 3509 1104 3559 licet

605 3594 672 3636 tanta
682 3594 753 3634 esset.

637 3663 677 3709 26.
689 3662 769 3708 Palios
787 3677 858 3707 caum
871 3660 973 3717 simulet,
984 3658 1043 3720 eta]
1062 3658 1103 3707 De

603 3736 646 3792 tali
657 3737 802 3784 simulatione
808 3733 863 3781 vide
874 3734 906 3782 ad
917 3732 951 3781 111.
962 3733 1018 3781 275.
1037 3733 1104 3781 Antis

603 3811 701 3858 sormam
717 3810 765 3858 fere
776 3809 901 3856 sumebant
911 3809 982 3862 Dera,
993 3806 1035 3855 ubi
1046 3822 1103 3855 con·

603 3885 682 3934 silium
704 3885 761 3933 dare
780 3884 898 3932 volebant.
932 3882 1011 3937 Falsa,
1023 3882 1103 3946 seilo-

604 3962 648 4016 ciu,
668 3962 772 4015 mentitu,
787 3959 912 4013 mendacio,
923 3955 1048 4019 ¹eleganter
1066 3953 1103 4003 di·
1138 4013 1139 4016 Ἴ

603 4041 697 4090 cuntur,
714 4048 767 4097 qua
783 4031 836 4095 quis
850 4029 961 4096 temporie
976 4045 1049 4078 eausa
1066 4045 1104 4078 as·

602 4106 683 4163 sumit,
710 4115 738 4155 ut
764 4105 887 4159 simulata.
900 4105 976 4154 forma
1002 4103 1104 4154 alterum

605 4179 682 4232 lallat.
1099 4197 1102 4202 ·
