2812 5010
157 340 231 406 2:30.
456 340 495 404 Ρ.
519 341 680 406 OVIDII
704 338 915 406 NASONIS

160 513 200 585 Si
215 513 353 611 poteris
371 538 533 601 narrare,
552 515 678 588 licet.’'
724 514 805 588 Nec
823 515 931 612 plura
947 513 1100 598 minata,

161 628 238 702 Dat
255 653 384 727 sparso
403 629 516 727 capiti
532 631 671 703 vivacis
689 654 828 703 cornua
844 627 964 717 cervi3
1133 630 1202 699 194

161 744 237 817 Dat
255 745 418 842 spatium
437 747 555 835 collo;
579 771 821 844 summasque
839 744 1050 820 cacuminat
1069 767 1201 828 aures;

162 861 260 932 Cum
274 863 511 959 pedibusque
525 887 670 950 manus,
683 888 769 935 cum
782 861 905 956 longis
919 859 1072 934 brachia
1082 868 1205 930 mutat

159 976 363 1064 Cruribus3
392 987 431 1050 et
448 978 547 1051 velat
563 980 753 1051 maculoso
771 979 909 1052 vellere
927 996 1075 1072 corpus,

157 1090 320 1165 Additus
338 1103 378 1183 et
395 1117 508 1190 pavor
526 1105 604 1168 est:
632 1093 729 1190 fugit
746 1093 979 1167 Autonoeius
996 1092 1128 1178 heros3

159 1207 208 1280 Et
226 1231 266 1280 se
284 1218 362 1280 tam
380 1208 541 1282 celerem
558 1233 670 1282 cursu
687 1208 840 1281 miratur
858 1209 897 1281 in
914 1207 1010 1305 ipsu.

160 1323 215 1396 Ut
231 1347 318 1396 vero
337 1323 456 1396 solitis
476 1348 544 1397 sua
561 1348 699 1398 cornua
716 1324 808 1398 vidit
825 1323 863 1396 in
881 1323 1003 1408 undio,
1129 1325 1209 1392 200·

159 1437 226 1512 Me
240 1439 436 1511 miserum!
457 1439 625 1512 dicturus
641 1451 736 1514 erat:
756 1464 829 1512 vox
843 1439 945 1513 nulla
958 1446 1121 1534 sequuta
1131 1445 1203 1509 est.

159 1554 370 1650 Ingemuit3
399 1579 471 1627 vox
489 1553 553 1627 illa
568 1554 658 1642 fuit;
687 1555 927 1651 lacrimaeque
946 1578 1012 1651 per
1029 1574 1095 1625 ora

161 1670 248 1743 Non
264 1693 333 1742 sua
350 1670 560 1744 fluxerunt:
589 1694 696 1743 mens
713 1681 860 1744 tantum
878 1669 1037 1766 pristina
1051 1665 1203 1740 mansit.

160 1785 261 1870 Quid
278 1785 415 1858 faciat?
442 1797 636 1884 repetatne
654 1787 820 1873 domum,
840 1798 879 1861 et
896 1783 1036 1882 regalia
1052 1780 1182 1856 tecta?

160 1901 220 1974 An
237 1902 353 1995 lateat
371 1901 499 1976 silvis?
526 1903 636 1977 timor
651 1905 736 1992 hoc,
753 1904 874 2001 pudor
890 1900 1049 2000 impedit
1065 1898 1172 1971 illud.

161 2017 263 2091 Dum
281 2018 440 2105 dubitat,
454 2019 577 2092 videre
589 2044 722 2108 canes3
742 2019 962 2120 primusque
974 2015 1204 2112 Melampus,

103 2307 105 2311 ,
160 2267 243 2316 taeone,
258 2260 357 2309 veritam
378 2277 408 2309 ne
426 2262 562 2312 adolescens
583 2262 657 2328 ipsius
697 2256 744 2328 {Cb
761 2261 856 2318 similia,
873 2262 890 2309 i.
907 2261 955 2308 640
972 2274 1024 2322 sqq.
1039 2258 1095 2306 647.
1111 2257 1169 2305 657.
1183 2266 1208 2305 et

159 2334 338 2400 turpitudinem,
349 2336 445 2400 αἶσχος,
466 2338 595 2400 evulgaret,
612 2338 657 2386 im·
706 2351 760 2385 cum
771 2351 823 2399 sqq.
833 2348 953 2398 compara,
965 2331 990 2380 ii.
1001 2333 1049 2379 485
1058 2346 1111 2395 sqq.
1139 2331 1207 2377 Bene

160 2407 250 2458 misisse
270 2409 306 2457 illi
326 2425 405 2459 canes.
438 2411 535 2475 Dialog.
556 2410 658 2461 Junonis
684 2427 752 2471 „noa
765 2426 815 2465 sua,
826 2424 871 2456 non
883 2407 905 2454 ei
915 2406 1102 2454 dataanatura.
1132 2402 1216 2466 Trist.

160 2491 186 2530 et
196 2483 304 2532 Latonre.
668 2526 674 2537 .
706 2481 1208 2541 88488ΒωάαΙοοῑΙεατοφεηηαεαωὸο

195 2558 248 2606 194.
262 2558 346 2615 Vivam·
357 2558 467 2624 frequens
478 2575 598 2608 cervomm
608 2561 658 2624 epi·
708 2575 753 2605 aron
762 2559 858 2605 habuere
866 2573 926 2605 suas.
953 2554 1020 2617 Virg.
1029 2553 1117 2617 Georg.
1125 2552 1152 2600 ii.
1160 2555 1208 2601 82:

160 2631 250 2688 theton,
267 2632 323 2696 quia
339 2633 395 2682 olim
413 2635 569 2682 credebantur
587 2649 658 2697 quarn
710 2631 856 2693 Miratur-que
871 2647 940 2678 novas
947 2629 1054 2691 fromtes,
1064 2638 1087 2675 et
1104 2644 1151 2675 aon
1166 2644 1208 2675 sue

162 2704 296 2768 longissime
307 2705 392 2754 vivere.
426 2706 528 2755 Ausona
542 2707 590 2754 Hos
601 2707 657 2771 (ho·
708 2723 781 2767 poma.

162 2778 249 2840 mines)
260 2783 334 2828 novies
348 2790 439 2842 superat
453 2783 547 2829 vivendo
558 2784 658 2846 garrula
740 2781 797 2828 205.
811 2779 910 2825 Pudoris
920 2793 991 2825 causa
1002 2775 1068 2824 nulla
1078 2783 1130 2824 erat
1136 2793 1144 2835 ;
1154 2775 1209 2840 quis

161 2857 249 2908 cornis,
270 2853 302 2900 Et
321 2863 402 2915 quater
422 2857 541 2918 egreditur
562 2858 659 2903 manicis
708 2853 771 2902 enim
788 2852 851 2900 domi
867 2850 999 2914 agnovisset
1017 2849 1208 2898 transformatum

161 2927 243 2972 meato
257 2943 343 2982 amorre,
355 2943 408 2990 quae
420 2943 474 2975 voro
489 2928 658 2977 recentioribus
708 2927 843 2975 dominum?

161 2998 305 3062 temporibus
326 3009 417 3063 reperta
437 3009 492 3048 sunt
514 3001 657 3058 salsissima3
740 3003 797 3050 206.
816 3001 896 3048 Videre
915 2998 1003 3060 eones]
1026 2997 1209 3062 Quinquaginta

160 3088 244 3120 cervus
259 3073 322 3120 enim
334 3073 372 3121 vir
384 3074 590 3138 quadragesimum
600 3083 657 3124 reta·
708 3075 793 3123 aluisse
804 3090 876 3122 canes
884 3073 983 3121 Actaeon
991 3071 1099 3128 traditur,
1106 3088 1208 3135 quarum

161 3147 192 3194 tis
211 3162 298 3195 annum
317 3148 421 3212 attingit.
455 3148 568 3210 Spatium,
584 3151 658 3214 longi·
708 3148 803 3197 nomina
820 3148 879 3195 adeo
900 3156 975 3212 poetae
997 3145 1067 3210 prisci
1085 3147 1206 3194 memorie

161 3219 275 3269 tudinem.
315 3221 473 3279 cacuminum,
498 3231 580 3271 acutas
607 3223 659 3271 red·
707 3223 842 3270 mandanda
850 3231 999 3278 censuerunt.
1031 3219 1209 3281 Comprehensa

161 3293 225 3349 dere,
236 3295 333 3344 verbnm
344 3294 431 3343 Ouidio
441 3295 568 3360 proprium.
708 3296 780 3344 etiarn
805 3305 871 3343 erant
894 3293 965 3358 prisci
986 3291 1109 3357 cujusdam
1129 3302 1209 3356 poetae

105 3386 108 3393 ¹
197 3368 250 3416 198.
269 3367 364 3417 Pavoris
381 3370 514 3433 symbolum
532 3370 595 3434 apud
611 3372 660 3420 Ve-
709 3370 787 3419 Graeci
799 3369 910 3424 versibus,
922 3384 982 3431 quos
995 3365 1145 3414 bibliothecae
1158 3383 1208 3415 sure

162 3451 224 3489 teres
233 3450 284 3490 erat
294 3458 384 3490 cervus.
418 3444 514 3493 Homer.
524 3446 554 3492 Il.
562 3451 593 3494 Α.
604 3447 660 3495 825.
709 3443 807 3492 inseruit
822 3442 942 3508 Apollod„
953 3441 993 3490 ubi
1005 3450 1084 3488 tamen
1099 3456 1147 3488 non
1164 3440 1209 3489 nisi

163 3515 244 3572 Herus,
256 3515 313 3580 qnia
328 3525 402 3565 mater
417 3517 468 3582 ejus
487 3533 516 3566 ex
531 3519 661 3566 Harmonia
710 3519 814 3583 reliquie
833 3518 953 3581 quiedam,
969 3516 1107 3579 eademque
1123 3515 1210 3564 misere

162 3589 248 3638 Martis
264 3600 288 3639 et
299 3590 399 3639 Veneris
414 3592 499 3656 neptis,
510 3599 576 3656 pater
586 3592 660 3656 Apol·
710 3601 825 3658 corruptae
836 3600 934 3640 servate
949 3599 1012 3639 sunt.
1045 3589 1136 3652 Hygin.
1149 3588 1210 3639 duos

161 3662 216 3711 linis
227 3664 297 3712 lilius.
329 3665 362 3721 ls,
373 3664 414 3729 qui
425 3664 495 3713 modo
506 3666 660 3722 herosfuerat,
710 3666 829 3730 catalogos
840 3665 920 3720 habet,
932 3679 1031 3728 quornm
1044 3661 1108 3726 prior
1123 3663 1155 3710 39
1167 3678 1210 3710 no·

164 3753 227 3785 nuno
242 3739 328 3803 fugin
346 3740 409 3802 quod
426 3740 557 3804 indignum.
591 3741 623 3787 Et
639 3757 661 3788 se
710 3741 775 3789 mina
792 3739 904 3795 continet,
920 3753 1019 3803 quorum
1036 3737 1150 3801 pleraque
1168 3753 1210 3785 ea·

163 3819 209 3857 tam
219 3813 320 3868 celerem,
329 3821 377 3859 etc.
412 3813 562 3862 Luxuriantis
572 3811 661 3878 ingenii
711 3814 766 3862 dem
777 3823 839 3870 sunt,
847 3829 900 3877 quae
908 3810 1035 3866 Ouidiana,
1043 3809 1115 3857 etiam
1124 3810 1210 3858 eodem

163 3893 209 3933 est.
710 3904 782 3953 prope
799 3887 879 3935 ordine
897 3892 1057 3934 recensentur.
1090 3878 1211 3931 Posterior

196 3959 253 4006 200.
271 3959 367 4022 Satiris]
393 3961 493 4009 Veteres
511 3961 575 4010 enim
593 3963 661 4025 aquis
712 3963 743 4010 46
760 3961 856 4009 nomina
871 3965 992 4008 enumerat
1007 3959 1038 4005 ab
1055 3956 1092 4004 his
1106 3957 1211 4005 diversa.

164 4047 206 4096 pro
217 4031 313 4096 speculo
328 4033 462 4081 utebantur.
494 4034 532 4084 Cl.
545 4051 593 4084 ver.
604 4037 661 4084 498.
712 4034 840 4099 AEscbylus
848 4050 895 4082 non
906 4032 950 4080 nisi
962 4040 1063 4096 quatuor
1073 4030 1211 4084 nominave-

87 4133 88 4137 =
112 4094 277 4153 ωΗιῑίιιείιιε
287 4105 351 4153 hunc
361 4122 462 4164 versum,
473 4117 500 4157 ut
509 4108 624 4157 insulsum
637 4117 662 4157 et
711 4114 763 4154 rat:
786 4107 911 4163 Pollux,v.
921 4108 962 4155 47.
994 4108 1081 4155 Noster
1091 4105 1124 4152 36
1134 4104 1211 4153 norni-

161 4177 274 4242 frigidum
294 4179 349 4243 ejici
369 4175 471 4230 volebat.
504 4183 560 4231 Sine
581 4198 660 4230 causa.
712 4196 742 4229 na
752 4181 877 4246 excerpsit.
900 4177 1212 4245 Beneautemfecit,quod,
