2812 5010
369 327 839 396 METAMORPHOSEON
864 327 954 393 LIB.
979 327 1028 392 ΙΙ.
1159 332 1223 396 187

177 506 382 602 Detegeret
399 505 548 602 culpam
565 529 638 576 non
658 502 859 577 exorabilis
877 502 1006 586 index,
1050 532 1053 537 ·
1090 506 1092 511 ’

176 623 234 696 Ad
253 621 447 695 dominum
465 621 647 695 tendebat
664 620 756 708 iter3
788 645 903 716 quem
921 619 1069 715 garrula
1087 622 1198 694 motis

177 739 433 837 Consequitur
450 739 597 837 pennis
609 725 770 812 ¹scitetur
787 748 828 811 ut
845 737 970 810 omnia
987 737 1132 810 cornix.

174 856 392 953 Auditaque
406 857 474 928 viae
492 880 618 942 causa,
640 864 664 894 “
683 854 718 927 N
721 880 769 927 on
783 855 873 927 utile
888 851 1047 950 carpiS,”
1150 858 1223 927 549

177 972 319 1068 lnquit,
341 980 366 1010 “
381 971 481 1046 lter:
511 998 558 1047 nc
576 998 712 1071 sperne
730 997 824 1044 meae
843 969 1028 1068 praesagia
1045 970 1196 1067 linguae.

177 1088 277 1172 Quid
311 1087 457 1175 fuerim,
495 1089 587 1185 quid
623 1090 783 1185 simque,
819 1087 925 1175 vide;
971 1087 1224 1184 meritumque

326 1205 495 1302 require:

177 1319 350 1393 Invenies
369 1321 543 1396 nocuisse
561 1320 699 1394 fidem:
729 1345 815 1392 nam
832 1320 1002 1417 tempore
1020 1319 1185 1416 quodam

177 1436 303 1511 Pallas
323 1436 621 1526 Erichthonium,
638 1439 781 1537 prolem
799 1438 879 1510 sine
897 1448 1016 1510 matre
1034 1447 1210 1520 creatam,
1297 1426 1300 1431 ’

180 1552 379 1627 Clauserat
395 1553 527 1627 Actaeo
545 1564 652 1627 texta
669 1555 716 1627 de
734 1554 872 1627 vimine
890 1555 1006 1642 cista3
1151 1552 1223 1625 554

178 1668 471 1767 virginibusque
489 1669 622 1754 tribus,
642 1671 790 1766 gemino
809 1671 858 1742 de
878 1670 1049 1767 Cecrope
1068 1668 1177 1752 datie,

178 1783 286 1858 Hanc
305 1787 429 1881 legem
447 1785 615 1873 dederat,
637 1809 770 1859 suane
790 1796 937 1859 secreta
954 1786 1136 1859 viderent.

178 1899 320 1975 Abdita
336 1902 468 1975 fronde
485 1903 558 1976 levi
577 1903 695 1978 densa
714 1904 936 2001 speculabar
954 1904 1002 1976 ab
1022 1903 1135 1988 ulmo,

178 2180 236 2230 siod.
253 2180 328 2247 Ἐργ.
339 2197 388 2230 rer.
399 2183 460 2243 7473
472 2182 592 2248 Aristoph.
603 2183 676 2232 Avib.
726 2183 839 2249 Cecropis
855 2183 950 2232 filiabus
955 2201 962 2243 3
983 2199 1036 2248 quaa
1053 2199 1127 2248 quum
1141 2183 1224 2233 cistam

176 2271 223 2304 ver.
234 2257 292 2304 610.
325 2256 389 2304 Hinc
402 2257 552 2323 proverbium
562 2257 622 2306 illud
631 2260 676 2307 λα·
725 2257 882 2322 aperuissent,
895 2258 975 2304 cornix
986 2273 1036 2305 rem
1046 2256 1170 2313 indicavit,
1182 2253 1224 2306 sed

177 2330 286 2397 λίπερος
312 2331 432 2397 κορώνης.
464 2334 555 2381 Anacr.
582 2332 614 2380 ix.
635 2334 676 2381 36.
726 2335 756 2381 ob
766 2332 885 2396 ingratum
899 2331 1008 2379 nuntium
1023 2331 1225 2381 tutelaMinervna

180 2404 218 2454 cf.
229 2407 293 2454 Plin.
305 2406 368 2457 Hist.
379 2408 437 2455 Nat.
449 2424 472 2454 x.
486 2410 523 2456 12.
535 2407 587 2454 init.
725 2407 795 2473 pulsa
802 2415 846 2454 est.
873 2406 982 2471 Ineptam
991 2405 1052 2453 hanc
1060 2405 1225 2470 fabulamety'·

208 2482 348 2530 oto-595.
366 2481 420 2529 Non
436 2484 494 2530 utile
512 2484 595 2544 carpis,
612 2483 673 2545 etc]
725 2482 843 2545 mologica
866 2480 968 2529 nominis
984 2481 1132 2529 Erichthonii
1151 2481 1222 2530 inter·

177 2553 289 2603 Jucunda
298 2563 334 2603 est
343 2554 395 2602 herc
401 2555 480 2603 avium
489 2570 538 2603 una
544 2555 675 2604 volantium
724 2557 825 2621 pretatio
834 2556 934 2622 peperit.
968 2554 1122 2620 Antiquiores
1133 2564 1224 2606 tanturn

177 2628 346 2686 confabulatio,
361 2629 459 2694 ejusque
476 2645 522 2694 ope
539 2628 599 2678 dues
616 2629 675 2678 elias
725 2631 829 2681 Vulcani
839 2629 1029 2679 etTerraelllium
1040 2645 1094 2677 eum
1105 2630 1223 2679 dixerant.

177 2701 269 2752 fabulas
293 2703 464 2768 cognoscimus.
505 2702 592 2752 Prioris
610 2704 675 2768 origo
726 2709 800 2755 Actaeo
820 2713 914 2753 ornatus
936 2719 1009 2752 causa
1030 2703 1147 2761 additum,
1167 2707 1224 2771 quia

176 2790 205 2825 sir
221 2776 316 2826 nomine
333 2777 384 2842 ipso
398 2777 528 2842 repetenda
545 2787 589 2834 est,
601 2792 674 2843 quum
724 2795 761 2828 res
772 2787 840 2844 gesta
850 2779 875 2828 in
885 2779 978 2836 Attica,
990 2795 1043 2844 quae
1055 2778 1112 2828 olim
1124 2782 1189 2830 Acte.
1217 2784 1220 2789 '

176 2850 594 2918 comixGrrecissopdquiceretur.
622 2853 675 2902 Non
725 2884 728 2888 -
757 2853 1101 2916 eosdemnumeros]
1121 2854 1224 2923 Cecrops

176 2926 242 2981 utile,
250 2924 355 2982 noxium,
364 2927 440 2990 figure
449 2926 537 2983 litotes,
546 2943 594 2990 qua
605 2928 675 2976 amici
724 2943 739 2976 a
747 2926 838 2976 Graecis
849 2927 926 2977 dictus
934 2937 971 2977 est
980 2927 1067 2993 διφύης
1076 2928 1141 2978 baud
1152 2929 1225 2980 dubie

176 2997 340 3048 dissuadentes
360 3002 395 3049 uti
415 3001 499 3049 solent.
543 3002 606 3058 Vide,
628 3018 674 3051 vox
724 3010 855 3068 propterea,
872 3002 935 3069 quod
951 3004 1057 3068 AEgypto
1072 3003 1186 3054 oriundus
1200 3006 1226 3055 in

176 3087 265 3130 eorum,
276 3073 319 3137 qui
334 3074 450 3140 exemplis
462 3083 566 3124 monent.
600 3076 674 3125 Meri·
726 3077 844 3125 Graeciarn
864 3085 1012 3143 pervenerat,
1031 3085 1056 3125 et
1073 3076 1107 3126 sic
1128 3077 1223 3144 utrique

177 3154 234 3201 tram,
251 3148 331 3211 culpa,
348 3156 487 3212 peccatum:
505 3149 554 3197 vid.
570 3150 601 3198 ad
619 3153 675 3200 279.
725 3151 790 3214 genti
815 3149 965 3199 annumerari
986 3158 1086 3216 poterat.
1119 3152 1225 3218 Hesych'.

177 3219 265 3276 Iidem,
293 3236 341 3284 qua
368 3221 450 3270 dedita
471 3231 521 3271 erat
549 3223 674 3274 Minervae.
726 3222 823 3288 διφύεις·
844 3223 926 3273 utto
938 3224 1020 3290 φύσεις
1030 3225 1138 3289 ἔχοντες.
1171 3228 1224 3276 Hoc

177 3294 308 3343 Commode
325 3295 423 3361 aspersit
437 3297 509 3345 eham
523 3298 629 3346 fabulam
644 3298 675 3347 si·
725 3300 809 3347 vocab.
829 3299 908 3348 Graec.
934 3300 1021 3348 Noster
1051 3300 1224 3365 interpretatur,

176 3368 240 3417 milis
258 3371 398 3433 argumenti.
425 3373 511 3420 Cernis
523 3375 675 3435 pulsatorem
723 3376 843 3436 geminus.‘
866 3372 946 3420 Etiam
961 3373 1085 3429 Centauri,
1097 3389 1157 3437 quos
1173 3376 1224 3424 Iso-

177 3443 297 3492 Mr‘nercae.
725 3455 783 3496 crat.
795 3447 885 3512 διφὺεις
896 3455 972 3504 vocat,
984 3455 1009 3496 et
1023 3451 1110 3512 gemini
1119 3457 1186 3506 sunt,
1198 3458 1225 3497 ut
1309 3474 1312 3480 ·

208 3519 271 3566 55³,
299 3517 380 3566 Pullus
406 3519 588 3576 Erichthonium,
612 3520 673 3583 eto]
725 3522 969 3582 ver.6so;vi.126.
996 3521 1109 3585 Apollod.
1119 3523 1167 3571 III.
1176 3523 1225 3571 xiv.

175 3591 300 3641 Vulcanus
316 3609 372 3640 cum
390 3594 502 3642 Minerva
518 3595 675 3644 concumbere
728 3598 754 3642 l:
774 3596 876 3660 Cecrops
892 3596 999 3660 συμφυὲς
1013 3595 1080 3659 ἔχων
1095 3600 1164 3661 σῶμα
1180 3595 1225 3645 ᾰνὲ

174 3665 257 3714 voluit.
290 3666 337 3714 Sed
358 3683 432 3732 quum
450 3668 504 3715 Dea
525 3675 675 3732 repugnaret,
726 3668 781 3734 δρὸς
796 3671 837 3718 ml
858 3667 1000 3735 δράκοντος.
1032 3668 1135 3733 Cecrops
1153 3669 1226 3734 igitur

174 3740 363 3807 pudicitiamque
374 3742 521 3800 defenderet,
528 3758 608 3792 semen
614 3743 675 3792 Vul·
726 3742 770 3791 luit
787 3743 865 3792 dictus
878 3746 983 3808 geminos
997 3758 1025 3790 ac
1041 3742 1149 3807 biformis,
1160 3745 1225 3808 quod

174 3815 230 3864 caui
243 3815 269 3863 in
285 3823 369 3864 terrem
386 3815 484 3874 decidit,
499 3816 563 3866 unde
577 3832 676 3882 puerum
725 3834 754 3867 ex
765 3827 832 3882 parte
841 3819 919 3875 homo,
928 3834 957 3866 ex
969 3824 1036 3882 parte
1047 3832 1143 3881 serpens
1153 3817 1225 3868 luisse

174 3899 258 3938 netum
275 3889 327 3938 dard
341 3895 389 3951 τῆς
402 3890 479 3957 ἔριδος
491 3894 532 3940 καὶ
545 3893 637 3957 χθονὸς
648 3892 676 3959 (a
725 3883 869 3958 perhibetur.
902 3892 1077 3941 Demosthenes
1100 3893 1154 3942 ideo
1179 3894 1225 3944 hoc

174 3960 304 4012 certamine
315 3971 339 4011 et
351 3965 426 4027 terra)
435 3967 580 4014 Erichthonii
590 3981 676 4014 nomen
726 3968 807 4016 fictum
817 3967 876 4015 dicit
886 3966 951 4031 quod
962 3974 986 4014 et
996 3965 1123 4031 prudentia
1133 3967 1159 4016 in
1168 3984 1224 4017 con-

174 4037 274 4086 traxisse
298 4037 390 4087 dicunt.
424 4040 495 4088 Hunc
517 4041 628 4089 Minerva
651 4040 676 4088 in
696 4044 699 4049 “
726 4040 786 4089 siliis
796 4056 888 4090 summa
896 4049 968 4095 esset,
978 4048 1002 4088 et
1012 4040 1037 4088 in
1048 4042 1118 4090 rebus
1127 4042 1226 4106 agendis

174 4112 242 4169 cista,
264 4113 367 4162 dracone
395 4115 510 4180 apposito,
535 4116 676 4165 servandum
727 4114 816 4164 viribus
827 4123 899 4180 atque
911 4114 1012 4164 audacia
1023 4117 1177 4180 precelleret.

175 4183 241 4233 dedit
262 4186 376 4252 Aglauro,
395 4189 478 4237 Herse
501 4199 525 4238 et
546 4189 676 4264 Pandroso,
760 4191 815 4239 557.
833 4190 1005 4252 Levi—alme]
1020 4191 1226 4240 Levitantumor-
