2812 5010
292 335 358 398 456

584 331 622 401 Ρ..
647 331 808 396 OVIDII
829 330 1045 396 NASONIS

296 506 384 579 Non
402 516 579 602 exempta
595 503 691 601 foret
708 528 849 602 poenae:
877 502 974 599 fugit
990 505 1077 589 alta,
1096 528 1287 602 superque

296 621 429 694 Pelion
448 621 678 704 umbrosum,
698 618 968 716 Philyreiaque
984 628 1096 704 tecta,
1115 644 1305 717 superque

297 736 459 833 Othryn,
479 746 519 809 et
534 745 670 808 eventu
688 734 823 807 veteris
843 735 927 807 loca
944 745 1035 808 nota
1050 733 1242 809 Cerambi.

296 850 370 923 Hic
385 875 456 948 ope
476 849 739 947 Nympharum
757 851 929 922 sublatus
948 850 987 923 in
1006 874 1093 923 aera
1110 851 1259 949 pennis,

296 965 423 1050 Quum
441 964 562 1061 gravis
581 963 704 1037 infuso
722 966 835 1039 tellus
852 965 949 1039 foret
966 967 1102 1039 obruta
1119 977 1249 1064 ponto,
1271 971 1341 1040 355

297 1080 571 1154 Deucalioneas
590 1078 722 1175 effugit
739 1081 934 1155 inobrutus
953 1082 1086 1154 undas

295 1196 455 1269 AEoliam
473 1195 636 1267 Pitanen
654 1219 676 1267 a
693 1195 787 1269 laeva
804 1206 911 1293 parte
929 1195 1120 1293 relinquit,

297 1311 490 1407 Factaque
507 1310 555 1382 de
573 1334 666 1383 saxo
684 1311 784 1407 longi
803 1311 1005 1385 simulacra
1021 1311 1216 1398 draconis3

295 1426 518 1521 Idaeumque
537 1449 692 1514 nemus;
723 1450 811 1522 quo,
832 1426 910 1498 nati
925 1425 1035 1512 furta,
1049 1427 1258 1522 juvencum

299 1541 477 1613 Occuluit
494 1539 606 1612 Liber
623 1538 707 1611 salsi
725 1541 796 1612 sub
815 1540 979 1636 imagine
997 1541 1117 1628 cervi3

1273 1545 1344 1613 360

297 1655 459 1753 Quaque
477 1669 584 1753 pater
599 1655 758 1754 Corythi
777 1680 891 1755 parva
909 1657 1115 1730 tumulatus
1134 1679 1269 1743 arena;

297 1886 380 1933 nosque
397 1868 505 1919 tribuisse
522 1869 566 1918 alis
584 1871 697 1935 majorum
713 1873 793 1920 avium

296 1951 322 1993 et
340 1943 457 2008 piscibus:
476 1942 557 2007 itaque
572 1960 598 1992 se
616 1960 662 1992 nnn
679 1944 793 2010 simplici·

296 2025 333 2064 ter
354 2017 398 2065 hoc
415 2017 474 2073 loco,
492 2016 604 2066 damnare
620 2029 729 2080 pennatos
744 2035 792 2067 ser·

298 2098 389 2155 pentes.

330 2165 387 2213 351.
398 2166 468 2222 Atra,
486 2165 511 2212 in
522 2181 584 2221 aere,
602 2172 630 2213 ut
648 2164 707 2214 alias
725 2167 795 2214 subli-

296 2241 346 2287 mit.
381 2239 680 2302 reim-Putaram«,
702 2255 796 2304 expres·

297 2313 328 2360 sit
346 2312 517 2368 Callimachus,
540 2314 632 2376 Hymn.
653 2313 711 2360 Del.
732 2315 796 2362 lta:

297 2384 435 2444 Πήλιονῶ
463 2384 574 2450 Φιλύρης
596 2385 727 2449 νυμφὴῐον.
767 2387 797 2434 In

298 2458 364 2507 Pelio
378 2468 458 2508 monte
467 2460 561 2524 Jupiter
571 2461 732 2508 concubuerat
742 2475 800 2508 cum

299 2533 407 2595 Philyra,
422 2532 486 2581 unde
505 2541 576 2581 natus
593 2533 692 2582 Chiron.
726 2532 797 2597 Regii

297 2604 370 2654 nostri
380 2605 469 2653 habent
482 2606 653 2668 Philyreiaque,
665 2622 719 2670 quae
727 2606 797 2654 lectio

297 2678 444 2743 prestantior
452 2679 506 2743 jure
517 2680 568 2728 visa
584 2688 621 2727 est
636 2680 735 2728 Robert.
745 2681 797 2728 Ste-

297 2753 369 2818 phan.
390 2768 471 2816 quam,
493 2753 557 2816 quod
580 2754 662 2818 Gr'erig
689 2754 795 2811 dederat,

299 2827 457 2888 Phil-aretque.
484 2824 580 2874 Erravit
591 2835 655 2875 certe
666 2827 730 2875 idem
741 2828 797 2876 Gie-

298 2902 344 2964 rr'g,
356 2915 429 2964 quum
445 2900 489 2948 boc
503 2899 556 2948 loco
570 2899 656 2949 dixerit
670 2916 698 2950 ex
710 2916 797 2950 concu-

297 2974 350 3021 bitu
361 2975 424 3021 Jovis
440 2989 495 3021 cum
513 2973 612 3038 Philyra
626 2986 709 3022 natum
725 2975 797 3024 fuisse

299 3045 419 3104 Chirona;
435 3046 490 3094 vide
510 3063 563 3110 quae
581 3047 680 3095 certiora
697 3048 722 3095 in
738 3048 798 3096 libro

298 3118 324 3166 ii.
335 3121 400 3167 676:
420 3128 444 3167 et
461 3119 500 3166 bic
520 3118 644 3176 addemus,
662 3122 798 3178 Saturnum,

299 3207 373 3254 quum
383 3191 454 3240 Rhea
469 3193 554 3257 conjux
572 3209 626 3241 eum
638 3194 740 3256 Philyrae
756 3194 799 3242 ad·

244 3304 245 3309 ,
297 3265 460 3314 blandientem
470 3265 577 3321 vidisset,
589 3267 633 3313 sub
650 3267 725 3314 forma
743 3267 799 3331 equi

299 3338 435 3402 aufugissa;
460 3347 484 3388 et
505 3339 625 3403 Philyram
647 3356 689 3404 per
707 3350 798 3390 montes

297 3413 451 3476 Pelasgorum
463 3412 587 3469 erravisse,
600 3412 723 3478 inquibus
737 3414 794 3462 Chi-

297 3502 354 3535 rona
370 3495 440 3550 partu
458 3485 550 3546 edidit;
566 3503 613 3550 quo
629 3495 731 3535 monstro
745 3489 796 3536 viso

298 3560 433 3619 abhorrens,
444 3559 528 3625 petivit
542 3576 557 3608 a
567 3559 621 3610 Diis
632 3569 658 3609 ut
669 3576 712 3609 sua
722 3561 797 3610 forma

296 3642 435 3690 mutaretur,
455 3643 479 3682 et
500 3634 597 3698 quidem
617 3635 642 3683 in
661 3635 737 3683 tiliam
758 3651 795 3682 ar·

297 3708 378 3756 horem
389 3708 435 3755 tuit
444 3715 545 3757 mutata.
567 3709 677 3765 Euentus,
686 3708 795 3769 fortuna;

298 3779 343 3828 hoc
354 3781 407 3828 loco
418 3781 518 3829 mutatio
528 3798 535 3839 ς
553 3798 577 3829 x.
589 3783 645 3830 600.
661 3792 743 3830 enarra
749 3786 795 3843 ju-

297 3870 380 3901 venum
396 3856 528 3910 delenitur,
545 3853 658 3914 interitu,
675 3855 724 3903 xiii.
739 3856 795 3904 506.

300 3928 433 3989 Eventuque
459 3930 527 3991 gravi
544 3930 619 3990 finita
647 3939 679 3977 est
703 3931 795 3990 publicu

297 4001 378 4055 clades,
389 4000 489 4049 excidio.
510 4001 598 4050 Veteris
608 4003 710 4050 Cerambi
715 4021 725 4061 ,·
737 4003 795 4066 quia

299 4071 452 4120 Deucalionis
461 4082 566 4138 tempore
578 4074 670 4124 vixerit.
689 4076 794 4124 Auctore

296 4141 417 4211 Nicandro
432 4146 495 4209 apud
507 4147 654 4195 Antoninum
665 4148 742 4197 Liber.
753 4151 793 4197 22.

845 1873 976 1929 Terambus,
987 1871 1018 1920 ad
1035 1870 1121 1936 pedem
1135 1871 1234 1933 Othryos
1249 1871 1342 1926 montis,

844 1962 859 1994 a
870 1946 982 2009 Nymphis
992 1945 1058 1994 iratis
1073 1944 1098 1993 in
1108 1945 1258 1992 scarabaeum
1269 1943 1343 1991 corni·

844 2035 935 2084 gerum,
951 2018 993 2083 qui
1013 2017 1105 2068 Graecis
1123 2018 1237 2065 cerumbic
1252 2015 1347 2087 dieitur,

845 2100 950 2140 mutatus
967 2098 1011 2140 est.
1044 2090 1092 2147 Ibi,
1110 2089 1162 2138 sine
1180 2089 1263 2145 dubio,
1278 2097 1305 2137 ut
1320 2089 1344 2136 in

845 2165 890 2213 hoc
918 2166 978 2221 loco,
1000 2165 1121 2212 cerambus
1147 2163 1277 2228 legendum
1303 2172 1344 2219 est,

847 2239 910 2303 quod
922 2238 992 2287 docet
1001 2254 1047 2287 vox
1059 2241 1179 2286 carambis.

879 2313 938 2367 354.
952 2312 1061 2359 Subhrtur
1071 2316 1096 2359 iu
1106 2328 1161 2359 aera
1173 2312 1256 2372 pennis
1268 2317 1345 2374 potest

847 2386 1025 2434 circumlocutio
1052 2385 1117 2434 illius
1145 2383 1260 2434 scarabei
1287 2399 1345 2432 esse.

848 2460 949 2522 (r'raoir,¹
967 2459 1086 2523 Equidem
1101 2458 1242 2523 interpretor
1258 2457 1344 2524 ponde·

847 2549 940 2592 rosam,
958 2533 1083 2598 opponitur
1094 2533 1157 2581 euim
1167 2531 1200 2588 ei,
1212 2531 1254 2594 qui
1262 2533 1345 2596 pennis

847 2607 936 2655 tollitur
949 2606 974 2654 iu
989 2621 1054 2662 aera,
1064 2607 1123 2656 levis
1140 2604 1231 2671 pendet
1242 2604 1268 2654 in
1283 2621 1344 2663 aere,

846 2680 943 2729 levitate
959 2694 1003 2728 sua
1021 2679 1104 2743 effugit
1122 2675 1265 2743 periculum.
1302 2679 1344 2726 Oh·

846 2755 1061 2809 iatur-inobrutus,
1077 2761 1104 2800 ut
1116 2751 1165 2800 viii.
1175 2751 1235 2799 844.
1247 2754 1344 2800 Attenu-

847 2829 1088 2875 drot-inattenuata.

880 2902 936 2950 858.
949 2900 1023 2964 Longi
1034 2901 1156 2947 simulacra
1168 2901 1276 2948 draconis
1282 2917 1291 2956 ,·
1308 2898 1348 2955 in·,

848 2973 936 3037 telligit
956 2972 1072 3037 Micyllus
1088 2972 1202 3021 Lesbium
1218 2976 1344 3029 draconem,

848 3046 917 3110 cujus
928 3045 1000 3094 etiam
1011 3046 1045 3093 xi.
1057 3048 1097 3094 58.
1108 3045 1198 3094 mentio
1207 3047 1243 3095 fit.
1271 3047 1345 3093 Liberi

847 3131 938 3176 natum,
956 3121 1104 3184 Thyoneurn,
1119 3120 1232 3185 Phrygiis
1250 3121 1345 3184 pastori·

846 3193 891 3241 bns
906 3193 1038 3258 juvencum
1056 3191 1164 3256 abegisse
1182 3193 1257 3242 tradit
1272 3194 1346 3258 glossa

847 3267 943 3315 Codicis
953 3267 1073 3316 Manardi.

880 3341 936 3387 361.
947 3340 1018 3388 Pater
1029 3341 1125 3403 Corythi
1136 3339 1182 3389 ruit
1192 3339 1263 3388 Paris
1275 3359 1280 3387 :
1298 3340 1344 3389 vid.

850 3413 988 3461 Parrhasius
1006 3413 1038 3461 ad
1053 3413 1225 3470 Claudianum,
1243 3415 1318 3480 Rapt.
1331 3415 1346 3462 i.

849 3488 902 3534 199.
938 3487 1086 3544 Tumulutas,
1102 3487 1221 3552 sepultus,
1239 3489 1346 3537 conditus

845 3569 891 3608 est.
933 3561 1015 3621 Mera.
1037 3560 1131 3624 Regius
1148 3560 1266 3626 intelligit
1287 3563 1344 3610 Ma·

845 3649 904 3690 ram,
924 3634 986 3682 lcari
1010 3650 1104 3691 canem,
1125 3651 1180 3698 quae
1202 3635 1310 3693 Icarum,
1331 3653 1345 3685 a

845 3707 938 3755 rusticis
964 3707 1053 3756 Atticis
1075 3708 1237 3766 interfectum,
1260 3710 1344 3759 latratu

845 3797 887 3829 suo
903 3781 1025 3838 iudicavit,
1036 3790 1060 3830 et
1070 3782 1169 3846 posthac
1181 3798 1238 3831 eum
1252 3783 1345 3831 domino

846 3869 888 3902 suo
900 3853 961 3902 inter
972 3853 1050 3903 sidera
1063 3855 1138 3903 relata
1154 3862 1208 3903 esti
1227 3856 1344 3920 Hyginus,

845 3925 927 3975 fabula
937 3928 982 3975 150
992 3944 999 3986 ;
1016 3927 1096 3976 Schol.
1107 3927 1247 3976 Germanici
1259 3928 1290 3976 ad
1299 3929 1344 3978 Ca·

845 4016 907 4055 nem,
918 4018 944 4065 p.
959 4003 1024 4049 lau..
1043 4001 1091 4049 Sed
1101 4000 1196 4050 videtur
1208 4002 1260 4050 brec
1271 4005 1345 4051 Mera

844 4074 921 4137 potius
942 4075 1023 4139 puella
1041 4073 1113 4122 fuisse
1131 4074 1155 4122 in
1174 4090 1262 4123 canem
1272 4091 1344 4124 versa.

844 4147 882 4195 Sic
899 4147 1136 4207 etiamLactautius,
1148 4148 1175 4198 in
1187 4148 1343 4213 Argumento.
