2812 5010
277 319 748 389 METAMORPHOSEON
771 324 862 418 ΠΒ.
877 325 920 391 V.
1056 324 1121 391 367

75 491 201 576 Quam
218 505 421 594 postquam
438 505 518 571 toto
535 495 673 572 frustra
690 498 879 596 quaesistis
895 499 934 572 in
951 497 1053 584 orbe,

74 607 253 686 Protinus
272 623 314 686 ut
329 625 491 689 vestram
509 613 691 689 sentirent
709 638 861 711 aequora
878 638 1017 701 curam,

74 722 197 800 Posse
214 751 327 827 super
344 729 481 802 fluctus
500 729 642 802 alarum
659 730 833 803 insistere
851 730 963 804 remis

78 840 271 940 Optastis3
300 844 506 941 facilesque
525 845 627 919 Deos
646 847 842 934 habuistis,
862 858 900 922 et
918 857 1019 921 artus

73 958 231 1033 Vidistis
248 972 392 1036 vestros
412 959 548 1034 subitis
565 962 766 1037 flavescere
784 963 932 1062 pennis.
1046 968 1120 1038 560

73 1073 137 1149 Ne
153 1086 281 1150 tamen
298 1076 361 1150 ille
379 1100 504 1162 canor,
523 1077 745 1150 mulcendas
763 1089 873 1151 natus
892 1078 940 1152 ad
958 1103 1079 1165 aures,

72 1189 272 1289 Tantaque
290 1191 358 1264 dos
376 1191 450 1264 oris
468 1190 606 1287 linguae
624 1191 847 1289 deperderet
864 1218 986 1281 usum,

71 1306 241 1403 Virginei
258 1307 395 1393 vultuS,
415 1316 455 1380 et
471 1330 544 1379 vox
562 1307 726 1381 humana
744 1308 934 1382 remansit.

123 1421 177 1494 At
192 1421 339 1495 medius
357 1421 556 1518 fratrisque
571 1421 628 1494 sui
646 1431 866 1520 moestaeque
885 1423 1033 1510 sororis,

71 1535 223 1635 Jupiter
240 1561 288 1609 ex
306 1561 414 1634 aequo
431 1536 641 1609 volventem
659 1536 792 1611 dividit
809 1563 960 1612 annum.
1040 1544 1113 1613 565

74 1652 188 1727 Nunc
207 1653 303 1740 Dea,
321 1676 520 1749 regnorum
538 1678 677 1727 numen
694 1677 893 1728 commune
910 1635 1081 1741 duorum,
1102 1698 1104 1703 -

74 1766 175 1843 Cum
186 1780 305 1843 matre
318 1779 377 1845 est
389 1769 560 1856 totidem,
573 1769 730 1844 totidem
743 1795 829 1844 cum
842 1771 1003 1868 conjuge
1014 1770 1119 1845 menss

71 1885 241 1960 Vertitur
259 1887 448 1984 externplo
465 1885 593 1973 facies
611 1897 650 1960 et
666 1887 817 1974 mentiS,
838 1898 876 1961 et
893 1888 988 1975 oris3
1024 1890 1116 1984 [ses

71 2002 187 2092 Nam,
198 2004 310 2078 modo
324 2027 409 2101 quae
425 2012 571 2102 poterat
583 2002 663 2076 Diti
678 2028 830 2102 quoque
843 2014 977 2078 moesta
986 1984 1119 2079 videri,¹

72 2117 178 2194 Laeta
196 2119 288 2215 Deae
306 2119 407 2192 frons
422 2127 501 2206 est;
530 2127 572 2191 ut
591 2118 668 2206 Sol,
690 2120 755 2216 qui
772 2129 896 2193 tectus
915 2120 1066 2218 aquosis

72 2233 250 2308 Nubibus
265 2246 352 2308 ante
369 2233 450 2320 fuit,
468 2233 577 2307 victis
595 2233 660 2307 ubi
678 2235 841 2309 nubibus
861 2235 953 2311 exit.
1044 2240 1113 2309 571

124 2350 256 2448 Exigit
273 2352 372 2425 alma
390 2349 519 2438 Ceres
539 2361 626 2425 nata
643 2375 775 2426 secura
790 2358 953 2450 recepta,

69 2553 178 2604 querere
188 2538 296 2604 possetis.
317 2540 366 2588 Alc
376 2539 510 2603 frequenter
516 2554 570 2589 curn
620 2539 778 2597 Australibus,
794 2540 857 2607 apud
874 2539 983 2590 maritum
1000 2539 1039 2597 sit,
1055 2539 1117 2589 infra

70 2612 169 2662 navium
176 2616 243 2662 remis
250 2622 424 2678 comparantur.
441 2614 571 2679 Remigium
620 2623 722 2676 terram3
738 2631 778 2664 sex
796 2615 863 2672 alios,
875 2615 960 2680 quibus
974 2614 1030 2662 visit
1044 2614 1117 2661 Bore-

31 2750 34 2754 ¹
69 2688 164 2737 alarum
178 2694 215 2736 est
231 2687 294 2752 apud
305 2687 450 2744 Lucretium,
462 2687 494 2736 vi.
506 2690 570 2748 7433
621 2688 669 2737 alia
679 2705 759 2752 regna,
770 2699 901 2754 emergant,
913 2695 1080 2744 maturescant,
1092 2686 1117 2736 iu

70 2769 97 2808 et
124 2759 189 2826 apud
209 2759 295 2824 Virgil.
323 2761 458 2825 aliquoties.
486 2761 569 2827 Eurip.
619 2762 702 2812 borres
712 2763 862 2828 deportentur
872 2763 959 2828 fruges.
989 2761 1034 2810 Vel
1045 2759 1117 2808 etiam

69 2833 152 2899 Iphig.
177 2835 250 2886 Taur.
268 2837 325 2884 289.
346 2838 446 2901 πτεροῖς
470 2833 569 2900 ἐρέσσει.
620 2837 683 2900 quod
698 2835 1042 2900 Lunaquaeaademestquae
1059 2835 1117 2882 Pro·

69 2907 205 2974 Reciproca
220 2916 264 2966 est,
280 2909 418 2958 observante
435 2908 524 2965 Servio,
539 2908 570 2957 ad
620 2910 713 2975 serpina
723 2920 747 2959 et
760 2912 851 2967 Diana,
863 2926 892 2960 ex
908 2926 977 2974 aequo
990 2917 1117 2973 utrumque

71 2985 131 3032 AEn.
148 2983 165 3032 i.
180 2984 237 3032 224.
254 2983 350 3032 navium
362 2992 387 3032 et
403 2982 482 3031 avium
495 2992 570 3032 meta·
620 2982 1119 3050 hemisphaeriumsuperinsalqueiulerius

70 3056 153 3122 phora.
186 3058 272 3122 Itaque
293 3057 350 3105 remi
372 3056 475 3105 vicissim
495 3057 568 3105 Hom.
619 3056 731 3107 illustret.

70 3130 120 3180 Od.
134 3137 162 3181 Λ.
175 3133 230 3181 124.
240 3139 354 3180 vocantur
365 3130 452 3196 πτερά.
485 3131 571 3180 Facilis
652 3132 709 3182 568.
726 3133 805 3182 Fac-ies
822 3137 910 3190 mentis,
922 3132 1017 3182 affectio
1035 3130 1116 3180 animi.

71 3206 149 3263 D'eus,
167 3206 209 3270 qui
229 3206 340 3255 facilest
359 3205 461 3270 benigne
479 3207 569 3254 obtem·
620 3206 674 3256 Diti
684 3222 775 3270 quoqne.
807 3207 866 3273 Ejus
876 3206 939 3255 enim
949 3216 1017 3269 capnt
1026 3208 1117 3254 mestis·

70 3286 141 3344 porat
149 3279 268 3346 precibus.
484 3326 486 3331 .
618 3284 674 3330 sima
685 3283 753 3331 narbas
763 3283 860 3344 Asperat
871 3292 891 3330 et
903 3284 958 3330 dirae
972 3284 1032 3344 riget
1045 3282 1117 3327 incle-

104 3353 161 3402 561.
178 3353 256 3405 Notas
271 3353 321 3416 od]
346 3340 568 3404 vicenoniae.
617 3357 703 3403 mentio
715 3355 807 3420 firma,
824 3354 950 3403 Claudian.
961 3353 1028 3401 tul.
1045 3353 1083 3402 ln.
1091 3352 1116 3400 b.

70 3435 141 3475 nutas
150 3428 181 3476 ad
191 3443 256 3476 sucro
268 3426 399 3485 citharam
409 3434 434 3475 et
442 3425 503 3474 infra
509 3427 567 3476 591.
618 3428 714 3479 Homer.
726 3429 783 3477 445.
799 3428 894 3492 Jupiter
908 3442 950 3492 per
964 3426 1058 3473 Rheam
1070 3425 1117 3472 Ce-

103 3501 161 3549 564.
178 3499 270 3549 Medius
272 3501 363 3565 fratris
373 3509 394 3547 et
404 3502 501 3558 sororis;
518 3515 568 3548 me·
617 3502 663 3552 reri
680 3502 748 3551 offert
764 3501 923 3550 conditionem
939 3500 1009 3556 hanc,
1026 3508 1052 3547 ut
1069 3498 1117 3546 filia

69 3572 125 3624 dius
139 3574 201 3624 inter
211 3574 306 3623 fratrem
316 3583 340 3622 et
349 3590 458 3631 sororem,
469 3573 513 3623 hoc
525 3583 568 3630 est,
618 3576 712 3625 tertiam
731 3576 845 3641 cujusque
867 3573 922 3623 anni
948 3581 1038 3638 partem
1061 3587 1116 3619 curn

69 3648 166 3713 utrique
183 3663 252 3714 seque
269 3647 358 3696 favens.
377 3649 461 3696 Horat.
477 3648 503 3697 ii.
521 3647 569 3697 Od.
620 3649 722 3698 Plutone
739 3649 780 3705 sit,
801 3648 861 3696 duas
882 3647 985 3711 reliquas
1006 3661 1060 3693 cum
1079 3645 1115 3708 ip-

70 3721 121 3771 xix.
129 3723 174 3777 28.
185 3721 253 3771 Pacis
269 3724 355 3770 medas
369 3731 391 3770 et
408 3723 469 3778 belli,
483 3722 509 3771 id
525 3731 569 3779 est,
616 3725 683 3772 sain
700 3723 770 3772 coelo.
803 3720 944 3771 Conditione
961 3735 991 3770 ea
1007 3729 1115 3783 accepta,

69 3794 165 3859 utrique
187 3810 256 3860 aeque
276 3795 384 3844 idoneus.
430 3795 567 3853 Volcentem,
618 3797 680 3862 agris
690 3797 822 3845 ubertatem
831 3793 920 3842 reddit.
953 3792 1114 3856 SicetApol-

69 3867 171 3927 scilicet,
183 3885 217 3928 se,
228 3870 325 3919 verbum
336 3878 416 3935 aptum
425 3869 455 3918 de
467 3868 568 3919 decursu
617 3868 667 3918 lod.
688 3869 749 3918 Fab.
768 3866 825 3916 inde
844 3873 920 3915 ortam
945 3872 1012 3930 putat
1032 3865 1113 3915 Schol.

70 3943 137 4001 anui,
157 3944 199 4008 qui
224 3959 318 4009 semper
341 3943 366 3992 in
391 3945 472 3992 orbern
498 3942 568 3991 redit.
617 3939 935 4004 Hesiod.adTh.9l‹l.quia
943 3939 1036 4003 frugum
1044 3941 1114 3988 semi-

68 4018 169 4076 Homer.
178 4017 232 4076 ἔτος
242 4017 433 4082 περιπλόμινον.
455 4017 490 4064 En·
500 4034 569 4079 aquo,
619 4033 650 4066 na
657 4015 748 4080 aliquot
753 4030 845 4063 menses
852 4015 896 4062 snb
903 4022 966 4062 terra
972 4012 1070 4070 lateant,
1077 4028 1116 4062 re-

70 4091 97 4140 iu
107 4107 189 4156 aequas
198 4099 286 4156 partes.
317 4091 374 4141 Cam
385 4101 458 4141 matre
465 4109 474 4149 ,·
492 4098 519 4139 ut
528 4107 570 4156 per
620 4090 1117 4155 liquumternpnssupraterramseruantur·

70 4180 112 4215 sex
131 4181 233 4223 menses,
247 4165 334 4230 quibus
350 4167 389 4214 Sol
406 4166 431 4214 in
449 4166 522 4230 signis
536 4175 570 4214 est
652 4164 789 4220 sla-641.
807 4163 915 4227 Alpheus,
929 4163 987 4212 dum
1002 4163 1116 4213 Arethusa
