2812 5010
288 337 354 409 874
494 400 496 406 ,
584 333 809 405 POVIDII
825 333 1044 403 NASONIS

290 511 433 586 Vectus
450 509 556 583 erat
542 532 716 610 juvenis
705 566 716 598 ,
748 507 948 607 Scythicas
966 508 1171 602 advertitur
1180 533 1294 614 moras:

289 626 377 702 Rex
394 626 446 699 ibi
465 624 617 724 Lyncus
635 635 732 700 erat:
753 625 853 723 regis
872 626 974 702 subit
990 627 1054 701 ille
1068 638 1239 725 penates.
1252 600 1338 718 550

290 741 378 827 Qua
391 741 529 830 veniat,
548 762 777 838 causamque
793 741 875 828 viae,
895 765 1109 840 nomenque
1126 754 1329 840 rogatus,

291 859 343 934 Et
382 858 564 958 patriam3
608 856 782 932 “Patria
819 869 878 932 est
913 859 1022 933 clarae
1057 860 1186 949 mihi,”
1223 861 1337 950 dixit,

440 985 465 1015 “
483 975 665 1064 Athenae3

288 1093 541 1192 Triptolemus
559 1115 715 1181 nomen;
745 1093 830 1166 veni
847 1117 918 1167 nec
935 1118 1064 1192 puppe
1082 1117 1149 1192 per
1166 1096 1302 1183 undas,

288 1209 371 1284 Nec
389 1210 486 1309 pede
504 1233 571 1307 per
588 1219 727 1282 terras:
755 1208 878 1308 patuit
894 1209 986 1283 mihi
1004 1210 1153 1308 pervius
1172 1212 1304 1284 aether.

289 1327 401 1418 Dona
414 1327 491 1400 fero
507 1324 655 1425 Cereris
664 1352 673 1413 ;
693 1325 789 1398 latos
805 1348 889 1421 quae
906 1349 1038 1424 sparsa
1051 1349 1118 1424 per
1133 1349 1242 1422 agros
1261 1331 1340 1402 655

287 1441 498 1539 Frugiferas
516 1464 672 1528 messes
692 1440 946 1537 alimentaque
963 1441 1069 1515 mitia
1087 1442 1286 1516 reddant.''

289 1558 479 1632 Barbarus
497 1556 650 1646 invidit3
681 1557 851 1653 tantique
868 1567 911 1630 ut
929 1557 1094 1632 muneris
1113 1569 1244 1632 auctor

286 1672 378 1772 Ipse
396 1673 457 1762 sit,
476 1672 641 1770 hospitio
658 1671 805 1769 recipit,
825 1696 1033 1771 somnoque
1048 1685 1244 1772 gravatum

285 1788 515 1886 Aggreditur
532 1788 649 1862 ferro:
674 1799 873 1863 conantem
891 1790 1007 1886 figere
1024 1801 1159 1888 pectus
1304 1782 1306 1789 ’

287 1907 419 2006 Lynca
438 1906 554 1980 Ceres
572 1906 682 1995 fecit3
711 1929 917 2003 rursusque
934 1931 1002 2005 per
1020 1930 1106 2010 aera
1123 1906 1227 1981 misit
1261 1911 1342 1982 660

288 2022 535 2122 Mopsopium
549 2024 727 2121 juvenem
746 2046 872 2095 sacros
891 2023 1032 2119 agitare
1045 2024 1208 2120 jugales.

298 2215 303 2221 ,
337 2139 503 2212 Finierat
519 2139 639 2214 dictos
658 2164 679 2214 e
697 2139 805 2213 nobis
825 2139 991 2213 maxima
1008 2150 1155 2214 cantus.

285 2254 339 2330 At
356 2253 546 2352 Nymphae
563 2254 698 2328 vicisse
717 2254 832 2344 Deas,
846 2253 1037 2330 Helicona
1053 2257 1234 2343 colentes,
1262 2259 1340 2329 663

287 2370 476 2446 Concordi
489 2370 619 2445 dixere
637 2395 750 2445 sono:
779 2369 948 2444 convicia
965 2373 1073 2445 victae
1212 2371 1339 2466 [vobis

285 2486 412 2572 Quum
435 2488 626 2585 jacerent:
657 2496 682 2525 “
699 2486 924 2575 Quoniam,''
950 2487 1059 2576 dixit,
1089 2487 1337 2568 “certamine

266 2602 524 2703 ·Supplicium
558 2603 740 2679 meruisse
778 2626 911 2701 parum
947 2614 1017 2692 est,
1053 2604 1337 2702 maledictaque

436 2722 558 2822 culpae

286 2851 367 2900 firmat
387 2851 489 2902 Robert.
510 2852 654 2918 Stephanus,
672 2854 698 2902 in
721 2853 784 2903 The·
834 2854 921 2904 Noster
931 2854 993 2904 hanc
1004 2853 1159 2903 mutationem
1170 2867 1333 2918 nonperpar-

286 2941 356 2975 sauro
365 2927 595 2991 Ling.Lat.adroc.
606 2928 720 2986 Asia,ubi
730 2944 785 2978 eum
835 2935 871 2976 tes
887 2927 1007 2985 describit,
1018 2927 1075 2993 quia
1090 2929 1116 2975 in
1132 2928 1212 2975 Musae
1230 2924 1334 2974 carmine

286 2999 379 3050 videas.
746 3026 748 3029 ·
834 3002 909 3051 obiter
918 3010 1012 3051 tantum
1023 3009 1228 3050 commemoratur.
1261 2999 1337 3047 Misit.

317 3075 376 3123 650.
404 3075 455 3123 Rea
471 3079 503 3124 ibi
520 3077 615 3140 Lyaeus
630 3088 695 3126 erat.-
723 3077 783 3140 eto]
835 3075 906 3140 Regii
927 3075 999 3124 nostri
1020 3074 1110 3122 habent
1123 3075 1214 3136 jussit}
1242 3073 1335 3122 Latine

283 3146 404 3213 Hyginus,
414 3148 462 3197 fab.
478 3152 535 3199 259.
552 3159 577 3199 et
593 3151 738 3207 Lactantius,
752 3150 784 3199 ad
834 3149 923 3214 linguar
948 3147 1125 3199 convenientius
1146 3147 1245 3211 quidem
1262 3151 1334 3208 jussit

282 3220 361 3271 Theb.
380 3222 418 3284 iv;
436 3224 493 3273 656.
511 3224 617 3288 Lyncum
638 3225 729 3275 iaciunt
747 3224 784 3273 Si·
833 3227 924 3290 agitare
930 3243 939 3283 ;
961 3233 986 3273 at
1003 3227 1065 3272 misit
1083 3228 1174 3288 agitare
1194 3230 1232 3271 est
1251 3221 1335 3271 Graeca

284 3295 347 3344 cilia
368 3295 464 3362 regem}
488 3298 606 3363 Micyllus
626 3307 651 3347 et
671 3299 784 3350 Munher.
834 3299 947 3363 syntaxis,
975 3297 1085 3364 ἔπεμψεν
1113 3295 1238 3351 ἐλαύνειν,
1262 3310 1335 3360 quam

284 3385 341 3418 uero
362 3368 396 3420 ibi
418 3388 513 3436 quoque
535 3371 662 3436 legendum
688 3382 784 3423 censent
822 3372 913 3439 ‚multis
940 3370 1055 3437 exemplis
1081 3370 1195 3419 Heinsius
1222 3369 1331 3417 illustrat.

267 3445 389 3509 'Scythica
421 3447 500 3495 Etiam
519 3445 653 3504 Camabou,
670 3447 785 3497 Getarum
836 3448 972 3510 Mopsopios,
997 3444 1149 3494 Atheniensis
1175 3459 1190 3492 a
1217 3445 1333 3509 Mopsopo

283 3519 684 3587 rex,similesTriptolemoinsidias
692 3522 785 3572 struxit.
834 3537 899 3586 rege.
926 3521 994 3585 Virg.
1005 3520 1054 3570 Cir.
1068 3521 1123 3567 128.
1134 3518 1250 3580 Mopsopio
1260 3519 1334 3566 dente.

283 3595 374 3660 Hygia.
383 3598 413 3645 P.
422 3595 455 3645 A.
465 3595 491 3645 ii.
503 3597 542 3646 14.
833 3587 938 3660 iugata.
971 3594 1092 3644 Schirach.
1100 3592 1179 3641 intell.
1191 3609 1265 3656 equos.
1285 3593 1333 3639 Im·

294 3669 374 3718 ffl-
402 3670 463 3726 Qua,
486 3669 618 3734 quomodo;
645 3686 733 3736 puppe,
753 3687 784 3720 an
834 3687 874 3719 mo
884 3671 998 3720 dracones
1008 3667 1173 3732 intellige‚qui
1180 3667 1260 3733 juncti
1268 3672 1335 3716 erant

283 3743 394 3807 pedihus.
833 3745 921 3796 currui.

293 3817 372 3866 650.
390 3818 473 3880 Lyaeo
489 3818 555 3869 Ceres
562 3817 645 3882 fecit]
663 3817 782 3883 Hyginus,
843 3821 924 3869 662.
942 3819 1047 3868 Finierat
1056 3821 1127 3867 dirtos
1137 3816 1242 3880 cantus]
1261 3812 1332 3866 Codi-

283 3887 366 3939 lebula
384 3893 446 3940 259:
463 3891 536 3940 Ceres
554 3907 606 3939 cum
626 3894 737 3941 convertit
758 3894 783 3941 iu
831 3908 872 3943 ces
882 3893 965 3950 nostn
974 3895 1065 3951 (ἱσστσας
1082 3891 1107 3940 id
1117 3890 1263 3940 vocabulum
1272 3890 1333 3937 bene

285 3963 373 4027 lyncem
382 3967 540 4022 ναητσσὶστια
550 3969 632 4028 utapro
642 3983 710 4015 varic
720 3984 782 4015 men-
832 3966 863 4016 de
884 3970 989 4017 cantibus
1013 3969 1155 4026 Musarum,
1170 3965 1245 4051 immo
1264 3966 1335 4012 dictos

283 4040 314 4086 tir
334 4042 449 4088 extiterat.
493 4039 606 4090 Similiter
626 4041 763 4091 Lactth
757 4057 782 4090 rn
831 4042 937 4107 languet.
1331 4054 1334 4059 '

284 4110 364 4176 Arg.
355 4131 381 4162 m
392 4113 473 4178 ferum
490 4119 527 4163 sui
545 4118 641 4164 nominis
655 4133 782 4172 conomius,
865 4119 922 4168 664.
952 4119 1065 4166 concordi
1088 4133 1149 4173 sono,
1170 4111 1333 4166 consentiente

284 4201 370 4237 morum
391 4203 483 4249 monim
502 4190 575 4238 σαὶσνσ
594 4192 716 4240 distinctus
739 4201 781 4239 ert.
832 4207 901 4241 voce.
