2812 5010
260 107 728 183 uErAuoRPrrosuoN
752 109 843 177 ΗΒ.
866 111 921 178 11.·
1047 116 1114 184 169

68 282 238 382 Expulit,
257 295 297 359 et
313 285 421 359 saevis
440 283 675 384 compescuit
691 284 841 382 ignibus
859 287 979 384 ignes.

66 399 367 476 Consternantur
382 401 494 499 equi;
522 413 564 477 et
582 404 682 477 saltu
699 404 738 478 in
755 406 943 481 contraria
959 406 1060 484 fecto

64 515 177 591 Colla
187 518 282 616 jugo
300 518 476 618 eripiunt,
495 519 731 620 abruptaque
748 523 828 597 lora
845 525 1075 624 relinquunt.

64 632 147 708 lllic
161 633 268 710 frena
281 638 423 734 jacent,
443 636 520 709 illie
538 648 688 713 temone
706 641 875 714 revulsus
1035 649 1111 719 316

63 750 181 841 Axis3
210 751 251 826 in
267 753 338 828 hac
353 752 448 827 radii
465 752 668 829 fractarum
684 767 793 854 parte
811 764 998 835 rotarum:
1105 776 1107 781 ·

64 867 284 967 Sparsaque
303 881 391 944 sunt
407 871 483 946 late
500 873 613 946 laceri
630 873 791 971 vestigia
807 898 951 950 currus.

62 983 114 1057 At
133 985 347 1071 Phaethon,
364 985 497 1061 rutilos
514 988 666 1062 flamma
682 990 888 1088 populante
906 991 1076 1089 capillos,

62 1099 237 1175 Volvitur
254 1102 292 1176 in
310 1127 493 1202 praeceps,
511 1103 701 1200 longoque
718 1129 787 1204 per
803 1129 890 1180 aera
906 1116 1032 1183 bactu

63 1215 219 1308 Fertur3
248 1229 291 1293 ut
307 1219 497 1294 interdum
515 1220 563 1293 de
581 1221 676 1294 coelo
695 1223 805 1296 stella
821 1245 967 1311 sereno,
1036 1230 1107 1300 321

64 1332 148 1408 Etsi
166 1360 242 1409 non
260 1336 411 1424 cecidit,
430 1337 551 1436 potuit
568 1336 752 1412 cecidisse
768 1338 898 1413 videri.
921 1414 925 1422 ,

64 1450 189 1536 Quem
205 1455 338 1552 procul
356 1478 378 1556 a
394 1454 518 1552 patria
535 1455 682 1530 diverso
700 1456 886 1531 maximus
904 1456 997 1533 orbe

64 1662 198 1712 nominibus
215 1678 290 1712 unum
303 1665 401 1714 verbum
418 1664 452 1713 sic
470 1681 562 1714 accom-
645 1667 702 1714 322.
721 1667 801 1714 Potuit
815 1669 919 1717 cecidisse
934 1666 1029 1731 uideri]
1064 1667 1114 1717 Re·

64 1735 180 1787 modatur.
205 1736 320 1787 Similiter
336 1748 416 1787 autem
433 1740 481 1788 lere
496 1741 562 1790 locu·
612 1740 689 1805 spexit
699 1740 796 1790 fortasse
806 1739 940 1791 Aristotelis
950 1742 1052 1790 Meteor.
1060 1740 1076 1791 i.
1085 1744 1114 1803 l;

63 1818 100 1860 tus
116 1821 154 1861 est
169 1811 234 1862 Plin.
244 1812 295 1862 viii.
304 1815 350 1879 Ep.
360 1814 400 1863 iv:
421 1815 516 1863 Pulsum
526 1833 562 1864 re·
612 1816 654 1864 ubi
664 1815 798 1881 hujusmodi
812 1815 879 1879 ignes
889 1824 1005 1865 vocantur
1014 1814 1114 1866 δοκοῦν-

63 1889 108 1950 gia,
125 1890 221 1950 pulsum
241 1891 296 1938 ra'tm
332 1890 390 1938 Sani
407 1893 478 1955 ignes,
496 1891 563 1940 Jovi·
613 1882 653 1948 rec
662 1888 762 1955 ἀστέρες
772 1888 884 1940 immin.
917 1892 979 1941 Cum
991 1889 1034 1939 tali
1044 1892 1114 1940 stella

64 1961 171 2019 fulmina,
186 1971 214 2012 ut
230 1963 276 2012 IV.
289 1962 360 2012 Trist.
374 1963 409 2012 iii.
421 1965 462 2013 69.
494 1965 562 2015 Male
612 1963 685 2012 etiam
701 1964 765 2028 apud
781 1965 919 2022 Homerum,
931 1965 961 2013 ΙΙ.
973 1973 1002 2014 Δ.
1012 1967 1052 2014 75.
1063 1965 1115 2013 Mi·

64 2034 133 2100 igitur
143 2037 170 2085 b.
182 2036 201 2086 l.
214 2035 320 2102 quidam,
331 2054 405 2087 senor.
613 2055 691 2088 nerva
709 2038 820 2101 delapsus
835 2049 992 2104 comparatur.
1008 2039 1114 2089 Phaetb.

93 2112 152 2161 ³15.
168 2112 365 2178 Jugaeripiant]
382 2115 563 2173 Burmmonet,
613 2129 694 2162 cesum
712 2113 737 2161 in
752 2112 931 2162 Wiulrelmanni
947 2114 1058 2162 Monum.
1076 2115 1112 2163 in·

65 2195 125 2236 recte
135 2187 235 2253 quidem
247 2188 296 2238 dici
306 2191 370 2238 colla
374 2193 439 2254 juga
449 2201 562 2249 creatae,
613 2187 691 2245 editis,
703 2205 727 2237 n.
738 2189 780 2236 43.
792 2203 928 2253 expressum
939 2188 1015 2238 vides.

65 2275 109 2310 nou
127 2272 208 2312 nutem
228 2265 287 2312 calla
298 2267 378 2329 juga,·
402 2272 474 2328 atque
491 2265 563 2314 etiam
645 2263 704 2311 ³23.
723 2262 901 2325 Diversoorbe]
927 2263 1036 2310 Diversus
1046 2265 1114 2320 orbis,

66 2337 148 2386 Senec.
164 2336 241 2403 Hipp.
252 2339 324 2394 1084,
335 2339 377 2387 ubi
388 2339 502 2387 Nostrum
509 2338 563 2387 irni-
610 2354 667 2403 pars
684 2337 747 2387 orbis
765 2345 878 2386 terrarum
895 2337 1010 2403 opposita,
1027 2353 1113 2403 nempe

65 2418 134 2469 tatur,
145 2410 276 2478 scripsisse,
290 2429 355 2476 reque
372 2416 493 2462 luctantur
501 2417 564 2479 jugo
614 2411 812 2476 septentrionalis.
847 2411 977 2459 Eridanum
992 2410 1114 2476 excepisse

66 2486 167 2549 Eripere.
614 2486 773 2542 Phaethonta,
791 2485 891 2534 Veteres
911 2493 1046 2534 constanter
1066 2493 1114 2535 tra·

92 2563 153 2611 316.
171 2560 227 2611 Illic
237 2561 313 2626 frena
322 2562 427 2626 jaceat]
462 2563 563 2612 Lucisn.
614 2560 811 2626 dunt,nisiqu0d
822 2558 1114 2610 AristotelesdeMirabb.

64 2635 86 2685 d.
95 2636 133 2685 l.:
157 2634 271 2702 Karia-pe
289 2635 304 2685 b
321 2634 406 2702 ῥυμὸς,
422 2639 463 2686 καὶ
478 2638 565 2704 ἅτερος
614 2638 660 2685 82:
683 2637 762 2684 laeum
777 2635 846 2700 aquis
862 2634 958 2683 fervidis
974 2643 1114 2685 estuantem

64 2714 112 2760 rim
121 2713 222 2776 τροχῶν
233 2708 414 2775 συντέτριπται.
435 2711 516 2759 Rutili
525 2729 563 2760 ca·
611 2711 682 2777 juxte
699 2711 762 2759 hune
780 2709 877 2758 fluvium
896 2709 1010 2759 nominat.
1042 2711 1113 2760 Anti·

63 2786 120 2845 pilli,
132 2784 226 2848 quales,
236 2784 320 2835 Tacito
334 2794 439 2842 auctore,
450 2785 564 2835 Germani
614 2784 732 2851 quissimis
753 2784 845 2833 Grecis
871 2785 988 2832 Eridanus
1012 2793 1063 2834 eret
1088 2785 1113 2834 in

65 2855 133 2921 prisci
143 2856 273 2914 habebant,
283 2860 431 2923 ponebantur
438 2861 503 2925 apud
512 2862 563 2910 Vc·
613 2859 719 2924 margine
730 2861 831 2923 Europe
842 2857 992 2916 occidentali,
1000 2858 1025 2906 in
1034 2861 1115 2911 Ocea-

64 2939 122 2980 teres
138 2931 167 2980 in
182 2947 271 2997 magna
287 2940 355 2997 perte
372 2933 564 2999 pulchritudinis.
614 2951 671 2985 num
682 2934 888 3000 septentrionalem
899 2949 924 2983 se
935 2950 1073 2993 exonerans,
1082 2935 1113 2984 ad

65 3004 183 3055 Dicuntur
193 3005 266 3054 etiam
277 3007 348 3072 flavi,
361 3008 447 3057 Graece
459 3008 564 3068 ἡλιῶσιη
613 3009 773 3076 cujusostium
785 3009 900 3057 electrum
911 3009 1080 3075 reperiebatur,
1088 3017 1114 3058 et

64 3087 85 3128 et
93 3081 186 3146 χρυσαί
194 3080 276 3146 τρίχες
285 3099 291 3129 :
309 3081 363 3131 vide
374 3084 407 3132 H.
417 3083 564 3148 Stephanum
613 3100 687 3151 aquo
697 3100 744 3132 non
755 3084 837 3149 procul
847 3083 930 3132 insule
941 3085 1039 3132 aberant
1047 3093 1112 3133 stan-

65 3155 91 3203 sd
101 3155 262 3205 Anacreontis
272 3157 321 3206 0d.
332 3155 397 3208 xxix.
409 3160 432 3208 5.
458 3160 522 3208 Volci
532 3160 563 3209 de
613 3176 670 3208 num
681 3157 810 3206 mittentes.
830 3157 942 3205 Rhenum
953 3172 993 3205 eos
1003 3155 1114 3206 intellex-

64 3228 188 3279 decidente
203 3230 284 3289 etiam,
296 3232 327 3283 vi.
337 3235 385 3282 238
396 3251 402 3289 ;
420 3233 490 3298 Virg.
502 3237 561 3284 AEn.
613 3234 658 3283 isse
669 3233 768 3281 Vossius
782 3231 813 3279 ad
823 3230 911 3294 Virgil.
923 3231 1010 3295 Georg.
1022 3231 1040 3279 i.
1052 3233 1111 3282 482.

65 3301 77 3352 i.
91 3306 146 3353 115.
181 3302 212 3352 In
228 3321 333 3367 preceps,
349 3306 374 3355 in
391 3317 471 3372 eaput,
490 3325 564 3373 prono
615 3307 760 3373 argumentis
777 3322 824 3353 non
840 3305 1019 3353 contemnendis
1035 3304 1115 3355 docet.

64 3377 155 3443 capite;
181 3379 264 3434 Stella,
282 3387 329 3428 eto.
362 3381 449 3429 Confer
469 3381 565 3434 Callim.
614 3385 662 3433 Sed
683 3381 833 3445 Pherecydes
858 3379 946 3445 primus
975 3379 1067 3428 Padum
1088 3380 1114 3428 in

64 3450 176 3517 hymnum
195 3453 252 3501 Del.
263 3455 303 3503 38.
336 3455 479 3520 Hujusmodi
493 3457 562 3521 ignes
611 3456 744 3522 Italia,qui
760 3464 810 3503 tum
826 3453 917 3502 Grecis
931 3454 1113 3511 innotuerat,eo

65 3522 151 3576 inaere
165 3526 305 3583 emicantes,
317 3528 408 3577 Graecis
422 3528 563 3582 dicebantur
612 3533 706 3583 nomine
723 3546 739 3578 a
754 3527 882 3593 majoribus
897 3526 1046 3591 designatum
1060 3543 1113 3577 esse

66 3596 212 3659 διάποντες.
240 3602 326 3650 Senec.
346 3602 406 3651 Nat.
424 3605 517 3662 Queat.
534 3606 561 3655 ii.
612 3604 706 3673 putavit
721 3602 824 3668 (Hygia.
835 3601 962 3664 sab-164.)
973 3602 1041 3668 cujus
1057 3618 1114 3652 aue-

67 3674 107 3721 14:
125 3675 203 3723 Stellae
214 3678 389 3726 transnatantes.
613 3682 731 3731 toritatem
752 3675 839 3741 reliqui
858 3676 971 3742 deinceps
989 3679 1069 3727 Greci
1089 3687 1114 3728 et

93 3749 150 3797 sta.
168 3749 229 3797 Late
239 3749 331 3813 laceri]
358 3752 441 3799 Burm.
450 3769 519 3802 aures
529 3755 564 3804 in.
614 3754 717 3805 Romani
726 3751 820 3817 sequuti
831 3758 894 3800 sunt.
902 3751 960 3801 Vid.
969 3760 993 3802 et
1001 3755 1114 3804 Munlrer.

66 3831 128 3884 grato
145 3838 204 3872 sono
220 3825 267 3872 late
282 3827 352 3874 lacui
369 3825 564 3889 offendebautm3
614 3825 880 3894 edHygin.d'rctoloco.
897 3826 1112 3891 Usurp.h.l.mas·

69 3905 205 3962 qnspropter
215 3913 271 3946 cnm
280 3899 352 3948 MSS.
359 3901 480 3950 nonnullis
490 3905 565 3955 male·
614 3909 680 3961 imas,
691 3912 718 3954 ut
729 3919 744 3951 a
754 3900 823 3966 Virg.
836 3902 1015 3970 raefluviarupr.
1066 3932 1068 3937 ›

70 3967 105 4017 bat
115 3972 186 4031 beeri
197 3972 251 4020 late.
268 3973 315 4021 Sed
326 3972 377 4022 vid.
388 3968 420 4022 ad
432 3973 448 4022 i.
458 3977 515 4045 299.
