2812 5010
182 348 247 416 178
478 344 518 409 Ρ.
543 341 705 408 OVIDII
729 341 939 409 NASONIS
1023 336 1026 341 ’

184 521 303 596 Exuit
318 520 379 593 hic
398 518 554 592 humero
571 517 798 617 pharetram,
817 517 1016 613 lentosque
1035 498 1200 589 retendit

182 639 325 726 Arcus3
347 636 462 732 inque
476 633 568 721 solo,
582 634 851 731 quod-texerat
867 633 998 719 herba,
1006 632 1163 729 jacebat
1175 659 1183 720 ;

183 756 235 830 Et
247 756 387 853 pictam
402 751 526 850 posita
539 751 753 849 pharetram
766 751 912 824 cervice
926 750 1145 850 premebat.
1154 753 1227 822 421

181 871 332 968 Jupiter
348 879 391 942 ut
407 868 500 940 vidit
516 867 667 954 fessam,
687 876 727 940 et
745 867 902 940 custode
919 877 1128 952 vacantem,

182 998 207 1028 “
227 987 312 1061 Hoc
329 996 431 1060 certe
449 987 590 1082 conjux
607 984 748 1056 furtum
765 1007 851 1057 mea
868 982 1025 1068 nesciet,
1041 980 1187 1078 inquit;

183 1105 262 1179 Aut
279 1104 311 1178 si
329 1103 516 1191 rescierit3
547 1111 634 1175 sunt
650 1126 685 1188 0,
705 1112 794 1175 sunt
806 1100 933 1198 jurgia
949 1100 1044 1175 tanti
1055 1100 1093 1173 i”

183 1219 362 1295 Protinus
380 1217 547 1291 induitur
564 1216 699 1291 faeiem
717 1217 938 1314 cultumque
957 1217 1111 1290 Dianae:
1153 1220 1228 1288 425

94 1359 96 1362 ·
180 1336 311 1434 Atque
324 1335 389 1421 ait,
410 1342 434 1373 “
455 1335 488 1406 Ο
506 1335 697 1420 comitum,
716 1333 833 1431 virgo,
853 1356 939 1431 pars
956 1357 1031 1406 una
1044 1356 1226 1417 mearum,

183 1453 230 1528 ln
248 1454 388 1551 quibus
406 1477 447 1525 es
464 1460 600 1526 venata
613 1451 714 1548 jugis
725 1450 763 1523 i'’
792 1450 852 1523 De
870 1448 1016 1546 cespite
1031 1449 1135 1545 virgo

184 1571 235 1645 Se
252 1569 372 1657 levat3
403 1577 453 1654 et,
475 1577 497 1606 “
519 1567 631 1642 Salve
649 1592 800 1654 numen,
820 1591 881 1640 me
895 1567 1038 1663 judice,
1054 1565 1164 1651 dixit,

180 1685 323 1758 Audiat
340 1685 422 1782 ipse
439 1683 541 1771 licet,
560 1687 681 1781 majus
699 1682 721 1754 J
725 1683 831 1757 ove.'’
871 1681 1000 1769 Ridet,
1016 1690 1054 1754 et
1072 1680 1202 1768 audit.;

183 1799 236 1874 Et
252 1800 323 1874 sibi
341 1798 503 1898 praeferri
522 1824 562 1873 se
581 1801 732 1897 gaudet,
752 1810 791 1873 et
808 1800 938 1872 oscula
950 1797 1089 1895 jungit,
1150 1801 1225 1869 430

184 1915 267 1989 Nec
285 1916 476 1988 moderata
494 1915 597 2002 satis
612 1940 683 1989 nec
702 1915 755 1989 sic
775 1939 797 1988 a
812 1915 956 2012 virgine
974 1915 1110 1988 danda.

183 2031 269 2117 Qua
285 2041 421 2105 venata
437 2030 532 2104 foret
549 2031 640 2105 silva
650 2055 806 2104 ‘narrare
825 2041 1019 2128 parantem

184 2147 350 2245 impedit
367 2147 566 2244 amplexu;
596 2171 665 2222 nec
679 2172 721 2222 se
739 2147 820 2222 sine
838 2146 993 2220 crimine
1011 2142 1148 2244 prodit.

214 2407 273 2456 419.
286 2406 379 2469 Exuit]
396 2406 501 2455 Omate:
519 2405 633 2470 depositis
643 2422 680 2454 ar·
731 2405 851 2472 Apollinis
861 2408 959 2455 sormam
970 2403 1109 2469 sumpsisse:
1127 2402 1183 2452 vide
1193 2403 1227 2450 Α-

183 2479 314 2539 ωἰε,ὴιιιιιὶ
335 2479 431 2544 quievit.
468 2481 560 2536 Lentos,
580 2495 593 2528 e
614 2479 680 2544 ligno
730 2481 819 2546 pollod.
842 2482 904 2530 Cum
911 2482 999 2529 Nostro
1009 2477 1127 2527 consentit
1137 2485 1162 2527 et
1169 2477 1226 2526 Am-

182 2553 289 2603 flexibili.
319 2555 385 2608 Quod
399 2563 485 2603 texerut
499 2556 566 2604 herba
576 2553 679 2618 exquisi-
729 2555 783 2620 phis
794 2554 858 2619 apud
869 2553 961 2619 Hygiu.
971 2553 1000 2602 P.
1011 2553 1061 2613 A.;
1077 2551 1120 2601 sed
1133 2551 1175 2601 ille
1186 2567 1228 2599 suo

182 2627 230 2676 tius
248 2644 329 2692 quarn,
350 2627 469 2688 herboso3
487 2628 599 2677 admonet
616 2627 679 2675 enirn
729 2628 799 2677 modo
815 2635 971 2693 persequutus
984 2634 1036 2675 est:
1054 2626 1164 2673 induitur
1177 2626 1228 2673 cul·

182 2716 234 2757 nos,
250 2700 348 2750 herbam
366 2699 431 2749 vices
447 2701 546 2750 restium
564 2700 679 2765 stragula·
730 2712 779 2750 turn
798 2703 888 2760 Diona,
905 2700 1008 2765 cingitur
1024 2701 1071 2749 ritu
1089 2700 1186 2755 Dianae,
1205 2708 1229 2747 et

182 2791 234 2824 rurn
245 2774 390 2840 prestitisse.
417 2776 547 2834 Venentes,
560 2775 591 2825 ad
601 2775 679 2824 imita·
729 2775 801 2825 sumit
818 2791 899 2824 arcum
917 2791 972 2823 cum
987 2773 1108 2839 pharetra.
1122 2774 1175 2822 -De
1191 2772 1228 2820 his

183 2849 271 2897 tionem
281 2849 336 2896 vite
347 2848 464 2906 militaris,
476 2849 625 2915 quiescentes
639 2865 679 2901 cn·
730 2848 801 2898 ermis
810 2850 896 2905 cuitus,
908 2847 981 2897 etiam
993 2864 1017 2896 x.
1028 2849 1085 2896 517.
1106 2847 1175 2895 Arcu
1185 2861 1228 2894 au·

182 2921 227 2986 piti
245 2922 411 2987 supponebant
437 2938 511 2972 arma.
545 2923 623 2972 Cerda
649 2924 680 2973 ad
729 2921 961 2986 temaureoinsignis
969 2928 1020 2970 erat
1029 2920 1081 2976 illa,
1090 2918 1107 2968 i.
1117 2920 1166 2968 696
1174 2936 1228 2984 sqq.

184 2994 270 3059 Virgil.
281 2996 430 3046 AEneid.vii.
442 2998 498 3046 460.
525 2999 680 3055 Ρίοτωη,ἀὶε-
731 2999 791 3046 Pars
811 3015 860 3046 una
877 3013 919 3063 pro
936 3014 994 3053 uno,
1017 2993 1172 3059 simpliciter:
1193 2995 1229 3042 ΙΙ.

183 3068 293 3126 tinctam,
317 3069 362 3118 nisi
383 3086 440 3119 auro
462 3080 595 3136 argentove,
616 3080 679 3121 certe
730 3071 1137 3133 Fast.156.sucriparsunochori.

182 3143 254 3191 ebore
265 3152 397 3193 autcomu.
424 3145 510 3203 Posito,
520 3148 680 3196 recumbente.
763 3147 819 3195 429.
841 3146 934 3194 Numen
954 3148 1029 3207 rnojm
1053 3143 1131 3206 Ioun]
1155 3142 1228 3206 Inge-

184 3217 264 3265 Gustos
280 3225 358 3282 potest
372 3219 484 3267 arbitrum
501 3219 641 3285 significare,
654 3232 681 3269 ut
730 3219 803 3278 uiose,
821 3225 850 3268 ut
867 3219 965 3275 indicet,
985 3235 1015 3268 ex
1037 3218 1116 3267 aliena
1133 3233 1229 3283 quoque

182 3295 273 3342 motoria
288 3309 371 3342 uacans
392 3293 424 3342 sit
444 3293 508 3342 idem
526 3311 606 3359 quam,
624 3296 681 3344 544.
729 3293 804 3343 forma
812 3293 880 3343 Jovis
890 3293 1038 3358 majestatem
1048 3291 1159 3340 eluxisse.
1181 3293 1232 3340 Sibi

183 3370 332 3417 inobservata.
365 3367 413 3416 Sed
431 3369 503 3418 etiarn
521 3369 638 3433 virgiuum
657 3378 682 3419 et
727 3369 844 3433 preferri.
861 3367 937 3422 Talia,
946 3374 972 3415 ut
983 3365 1231 3430 arguta,amat0vid.

182 3449 310 3506 nuptarum
323 3442 433 3492 custodes
449 3451 532 3491 erant:
551 3445 588 3492 ΙΙ.
599 3444 681 3493 Amor.
732 3441 824 3499 Oscula,
838 3450 884 3491 etc.
902 3440 952 3489 xiv.
969 3441 1033 3489 δῦθι
1052 3441 1138 3496 oscula,
1150 3441 1231 3502 qualia

182 3515 270 3566 ineu.
296 3518 434 3567 Petulanter
448 3519 586 3583 loquentem
596 3520 682 3568 Jovem
731 3533 849 3580 nunquam
858 3513 1229 3573 Verndedissetonus5ix.538:

184 3589 284 3640 inducit.
629 3616 631 3621 v
730 3591 966 3639 osculunonsororiu.

215 3665 272 3714 424.
291 3665 360 3712 Tanti
375 3681 419 3714 esse
433 3665 554 3720 dicuntur,
567 3680 621 3728 quse
632 3674 682 3714 tam
762 3667 820 3713 433.
829 3664 927 3725 Impedit
932 3662 1057 3725 amplexu]
1066 3661 1164 3726 Propter
1172 3679 1230 3709 nur-

182 3738 265 3802 gravia
280 3746 345 3794 sunt,
362 3746 486 3788 uteorum
503 3732 576 3788 causa
591 3739 682 3803 aliquid
730 3755 783 3787 rure
800 3747 920 3801 parantem
936 3735 1011 3802 possis
1031 3737 1140 3797 impedire
1158 3751 1231 3785 sensu

182 3812 221 3860 vel
232 3812 357 3869 iaciamus,
369 3813 407 3861 vel
418 3814 564 3862 omittamus.
598 3815 681 3864 Suari·
730 3813 822 3878 vulgari
844 3828 944 3861 sumere.
979 3808 1126 3874 Exquisitius
1147 3817 1231 3858 temen

183 3894 219 3934 tas
230 3887 339 3950 quedam
356 3886 418 3936 inest
431 3888 455 3936 in
466 3888 647 3952 interrogatione
658 3898 683 3938 et
730 3886 820 3937 dictum
832 3895 876 3942 est,
888 3887 908 3934 si
917 3887 1026 3948 impedire
1037 3885 1141 3947 amplexu
1152 3883 1231 3949 expli-

183 3957 208 4005 in
219 3959 389 4023 repetitosunt.
407 3962 554 4011 Notaetiam
565 3963 682 4011 honrem.
731 3977 771 4010 cas
785 3978 828 4026 per
844 3960 964 4026 amplecti,
980 3967 1007 4007 ut
1020 3967 1102 4023 tropus
1116 3958 1240 4007 avitibus·

216 4033 272 4080 425.
290 4032 400 4082 Protinus
411 4037 527 4092 induitur,
539 4036 602 4098 ete]
620 4037 681 4085 Vul·
731 4037 819 4100 petitus
832 4036 870 4092 sit,
882 4051 935 4099 quse
947 4032 1078 4083 retinacula
1088 4035 1229 4094 inpediunt,

182 4104 246 4169 garis
266 4114 317 4155 erat
333 4106 436 4163 traditio,
454 4110 539 4158 Jovem
558 4108 680 4158 assimula-
730 4108 830 4173 cingunt
840 4129 846 4170 ;
858 4109 893 4157 iii.
904 4109 962 4157 664.
987 4108 1144 4169 Itaimpedire
1154 4106 1230 4156 etiem

183 4186 233 4226 tum
243 4196 295 4230 esse
304 4179 397 4228 Diauae.
418 4180 469 4229 Alii
480 4183 614 4240 narrabant,
625 4199 678 4231 eum
730 4199 778 4232 ver.
785 4186 844 4240 868,
860 4184 1014 4246 Compluribus
1019 4185 1112 4240 ambire,
1121 4182 1162 4232 xii.
1169 4184 1229 4232 328.

34 4558 234 4704 Λ
