<?xml version="1.0" encoding="UTF-8"?>
<!DOCTYPE html PUBLIC "-//W3C//DTD XHTML 1.0 Transitional//EN"
    "http://www.w3.org/TR/xhtml1/DTD/xhtml1-transitional.dtd">
<html xmlns="http://www.w3.org/1999/xhtml" xml:lang="en" lang="en">
 <head>
  <title>
</title>
<meta http-equiv="Content-Type" content="text/html;charset=utf-8" />
  <meta name='ocr-system' content='tesseract 3.04.00' />
  <meta name='ocr-capabilities' content='ocr_page ocr_carea ocr_par ocr_line ocrx_word'/>
</head>
<body>
  <div class='ocr_page' id='page_1' title='image "./povidiinasoniso04burmgoog_0124.png"; bbox 0 0 2812 5010; ppageno 0'>
   <div class='ocr_carea' id='block_1_1' title="bbox 380 327 1221 398">
    <p class='ocr_par' dir='ltr' id='par_1_1' title="bbox 380 327 1221 398">
     <span class='ocr_line' id='line_1_1' title="bbox 380 327 1221 398; baseline 0.006 -5"><span class='ocrx_word' id='word_1_1' title='bbox 380 327 849 395; x_wconf 85' lang='lat' dir='ltr'>METAMORPHOSEON</span> <span class='ocrx_word' id='word_1_2' title='bbox 874 328 966 394; x_wconf 85' lang='lat' dir='ltr'>LIB.</span> <span class='ocrx_word' id='word_1_3' title='bbox 987 329 1017 395; x_wconf 96' lang='lat' dir='ltr'>I.</span> <span class='ocrx_word' id='word_1_4' title='bbox 1154 333 1221 398; x_wconf 81' lang='lat'>11³</span> 
     </span>
    </p>
   </div>
   <div class='ocr_carea' id='block_1_2' title="bbox 173 504 1225 1878">
    <p class='ocr_par' dir='ltr' id='par_1_2' title="bbox 175 504 1218 834">
     <span class='ocr_line' id='line_1_2' title="bbox 175 504 1218 602; baseline 0.004 -25"><span class='ocrx_word' id='word_1_5' title='bbox 175 505 470 602; x_wconf 82' lang='lat' dir='ltr'>Quaequecupit,</span> <span class='ocrx_word' id='word_1_6' title='bbox 479 514 622 602; x_wconf 89' lang='lat' dir='ltr'>sperat:</span> <span class='ocrx_word' id='word_1_7' title='bbox 639 526 784 601; x_wconf 87' lang='lat' dir='ltr'>suaque</span> <span class='ocrx_word' id='word_1_8' title='bbox 795 504 900 577; x_wconf 89' lang='lat' dir='ltr'>illurn</span> <span class='ocrx_word' id='word_1_9' title='bbox 911 506 1063 579; x_wconf 89' lang='lat' dir='ltr'>oracula</span> <span class='ocrx_word' id='word_1_10' title='bbox 1071 504 1218 581; x_wconf 83' lang='lat' dir='ltr'>fallunt.</span> 
     </span>
     <span class='ocr_line' id='line_1_3' title="bbox 178 619 1156 719; baseline 0.003 -27"><span class='ocrx_word' id='word_1_11' title='bbox 178 619 308 718; x_wconf 89' lang='lat' dir='ltr'>thue</span> <span class='ocrx_word' id='word_1_12' title='bbox 327 621 428 695; x_wconf 89' lang='lat' dir='ltr'>leves</span> <span class='ocrx_word' id='word_1_13' title='bbox 447 619 595 719; x_wconf 86' lang='lat' dir='ltr'>stipulae</span> <span class='ocrx_word' id='word_1_14' title='bbox 613 619 777 718; x_wconf 86' lang='lat' dir='ltr'>demptis</span> <span class='ocrx_word' id='word_1_15' title='bbox 796 619 993 695; x_wconf 85' lang='lat' dir='ltr'>adolentur</span> <span class='ocrx_word' id='word_1_16' title='bbox 1011 620 1156 710; x_wconf 68' lang='lat' dir='ltr'>aristis,</span> 
     </span>
     <span class='ocr_line' id='line_1_4' title="bbox 175 734 1050 834; baseline 0.002 -27"><span class='ocrx_word' id='word_1_17' title='bbox 175 734 229 808; x_wconf 93' lang='lat' dir='ltr'>Ut</span> <span class='ocrx_word' id='word_1_18' title='bbox 245 735 393 810; x_wconf 82' lang='lat' dir='ltr'>facibus</span> <span class='ocrx_word' id='word_1_19' title='bbox 411 760 522 834; x_wconf 85' lang='lat' dir='ltr'>sepes</span> <span class='ocrx_word' id='word_1_20' title='bbox 540 735 685 821; x_wconf 83' lang='lat' dir='ltr'><strong>ardent,</strong></span> <span class='ocrx_word' id='word_1_21' title='bbox 705 759 801 833; x_wconf 90' lang='lat' dir='ltr'>quas</span> <span class='ocrx_word' id='word_1_22' title='bbox 820 734 1050 811; x_wconf 76' lang='lat' dir='ltr'>fortev1ator</span> 
     </span>
    </p>

    <p class='ocr_par' dir='ltr' id='par_1_3' title="bbox 173 851 1125 951">
     <span class='ocr_line' id='line_1_5' title="bbox 173 851 1125 951; baseline 0.006 -29"><span class='ocrx_word' id='word_1_23' title='bbox 173 851 244 925; x_wconf 92' lang='lat' dir='ltr'>Vel</span> <span class='ocrx_word' id='word_1_24' title='bbox 262 852 374 924; x_wconf 87' lang='lat' dir='ltr'>nimis</span> <span class='ocrx_word' id='word_1_25' title='bbox 388 851 570 937; x_wconf 87' lang='lat' dir='ltr'>admovit,</span> <span class='ocrx_word' id='word_1_26' title='bbox 588 852 648 924; x_wconf 93' lang='lat' dir='ltr'>vel</span> <span class='ocrx_word' id='word_1_27' title='bbox 660 852 741 947; x_wconf 91' lang='lat' dir='ltr'>jam</span> <span class='ocrx_word' id='word_1_28' title='bbox 760 852 831 924; x_wconf 90' lang='lat' dir='ltr'>suh</span> <span class='ocrx_word' id='word_1_29' title='bbox 848 851 935 926; x_wconf 91' lang='lat' dir='ltr'>luce</span> <span class='ocrx_word' id='word_1_30' title='bbox 952 852 1125 951; x_wconf 90' lang='lat' dir='ltr'>reliqu-it:</span> 
     </span>
    </p>

    <p class='ocr_par' dir='ltr' id='par_1_4' title="bbox 173 966 1221 1299">
     <span class='ocr_line' id='line_1_6' title="bbox 175 966 1221 1065; baseline 0.004 -25"><span class='ocrx_word' id='word_1_31' title='bbox 175 966 239 1041; x_wconf 90' lang='lat' dir='ltr'>Sic</span> <span class='ocrx_word' id='word_1_32' title='bbox 260 968 367 1043; x_wconf 90' lang='lat' dir='ltr'>Deus</span> <span class='ocrx_word' id='word_1_33' title='bbox 385 969 424 1040; x_wconf 95' lang='lat' dir='ltr'>in</span> <span class='ocrx_word' id='word_1_34' title='bbox 442 968 611 1041; x_wconf 88' lang='lat' dir='ltr'>flammas</span> <span class='ocrx_word' id='word_1_35' title='bbox 631 967 743 1055; x_wconf 84' lang='lat' dir='ltr'>abiit3</span> <span class='ocrx_word' id='word_1_36' title='bbox 774 967 828 1040; x_wconf 91' lang='lat' dir='ltr'>sic</span> <span class='ocrx_word' id='word_1_37' title='bbox 846 978 999 1065; x_wconf 85' lang='lat' dir='ltr'>pectore</span> <span class='ocrx_word' id='word_1_38' title='bbox 1015 977 1095 1042; x_wconf 84' lang='lat' dir='ltr'>toto</span> <span class='ocrx_word' id='word_1_39' title='bbox 1147 973 1221 1044; x_wconf 83' lang='lat'>495</span> 
     </span>
     <span class='ocr_line' id='line_1_7' title="bbox 173 1082 1094 1181; baseline 0.003 -26"><span class='ocrx_word' id='word_1_40' title='bbox 173 1082 316 1171; x_wconf 83' lang='lat' dir='ltr'>Uritur,</span> <span class='ocrx_word' id='word_1_41' title='bbox 336 1092 376 1158; x_wconf 89' lang='lat' dir='ltr'>et</span> <span class='ocrx_word' id='word_1_42' title='bbox 394 1083 560 1158; x_wconf 89' lang='lat' dir='ltr'>sterilem</span> <span class='ocrx_word' id='word_1_43' title='bbox 576 1082 763 1181; x_wconf 88' lang='lat' dir='ltr'>sperando</span> <span class='ocrx_word' id='word_1_44' title='bbox 782 1084 899 1157; x_wconf 91' lang='lat' dir='ltr'>nutrit</span> <span class='ocrx_word' id='word_1_45' title='bbox 917 1107 1094 1158; x_wconf 87' lang='lat' dir='ltr'>amorem.</span> 
     </span>
     <span class='ocr_line' id='line_1_8' title="bbox 175 1199 1033 1299; baseline 0.003 -27"><span class='ocrx_word' id='word_1_46' title='bbox 175 1199 334 1298; x_wconf 84' lang='lat' dir='ltr'>Spectat</span> <span class='ocrx_word' id='word_1_47' title='bbox 348 1200 540 1273; x_wconf 90' lang='lat' dir='ltr'>inornatos</span> <span class='ocrx_word' id='word_1_48' title='bbox 559 1200 656 1273; x_wconf 93' lang='lat' dir='ltr'>collo</span> <span class='ocrx_word' id='word_1_49' title='bbox 673 1200 837 1298; x_wconf 91' lang='lat' dir='ltr'>pendere</span> <span class='ocrx_word' id='word_1_50' title='bbox 857 1201 1033 1299; x_wconf 81' lang='lat' dir='ltr'>capillos:</span> 
     </span>
    </p>

    <p class='ocr_par' dir='ltr' id='par_1_5' title="bbox 176 1315 1225 1878">
     <span class='ocr_line' id='line_1_9' title="bbox 176 1315 1219 1414; baseline 0.003 -27"><span class='ocrx_word' id='word_1_51' title='bbox 176 1315 237 1400; x_wconf 91' lang='lat' dir='ltr'>Et,</span> <span class='ocrx_word' id='word_1_52' title='bbox 252 1325 277 1354; x_wconf 80' lang='lat'>‘⁶</span> <span class='ocrx_word' id='word_1_53' title='bbox 291 1315 404 1404; x_wconf 87' lang='lat' dir='ltr'><strong>Quid,</strong></span> <span class='ocrx_word' id='word_1_54' title='bbox 418 1317 449 1389; x_wconf 91' lang='lat' dir='ltr'>si</span> <span class='ocrx_word' id='word_1_55' title='bbox 460 1317 700 1390; x_wconf 83' lang='lat' dir='ltr'>comanturl&#39;&#39;</span> <span class='ocrx_word' id='word_1_56' title='bbox 716 1317 769 1391; x_wconf 89' lang='lat' dir='ltr'>ait</span> <span class='ocrx_word' id='word_1_57' title='bbox 784 1342 792 1391; x_wconf 93' lang='lat'>:</span> <span class='ocrx_word' id='word_1_58' title='bbox 809 1316 913 1392; x_wconf 92' lang='lat' dir='ltr'>videt</span> <span class='ocrx_word' id='word_1_59' title='bbox 923 1317 1010 1414; x_wconf 87' lang='lat' dir='ltr'>igne</span> <span class='ocrx_word' id='word_1_60' title='bbox 1023 1316 1219 1404; x_wconf 73' lang='lat' dir='ltr'>micantea,</span> 
     </span>
     <span class='ocr_line' id='line_1_10' title="bbox 177 1431 1225 1532; baseline 0.004 -30"><span class='ocrx_word' id='word_1_61' title='bbox 177 1431 372 1505; x_wconf 81' lang='lat' dir='ltr'>Sideribus</span> <span class='ocrx_word' id='word_1_62' title='bbox 392 1431 546 1520; x_wconf 78' lang='lat' dir='ltr'>simileS,</span> <span class='ocrx_word' id='word_1_63' title='bbox 561 1433 716 1506; x_wconf 88' lang='lat' dir='ltr'>oculos:</span> <span class='ocrx_word' id='word_1_64' title='bbox 738 1432 843 1507; x_wconf 91' lang='lat' dir='ltr'>videt</span> <span class='ocrx_word' id='word_1_65' title='bbox 861 1435 1010 1523; x_wconf 92' lang='lat' dir='ltr'>oscula;</span> <span class='ocrx_word' id='word_1_66' title='bbox 1034 1456 1119 1532; x_wconf 84' lang='lat' dir='ltr'>quae</span> <span class='ocrx_word' id='word_1_67' title='bbox 1133 1458 1225 1506; x_wconf 86' lang='lat' dir='ltr'>non</span> 
     </span>
     <span class='ocr_line' id='line_1_11' title="bbox 177 1545 1222 1648; baseline 0.004 -30"><span class='ocrx_word' id='word_1_68' title='bbox 177 1545 247 1620; x_wconf 86' lang='lat' dir='ltr'>Est</span> <span class='ocrx_word' id='word_1_69' title='bbox 256 1547 397 1622; x_wconf 86' lang='lat' dir='ltr'>vidisse</span> <span class='ocrx_word' id='word_1_70' title='bbox 408 1548 518 1622; x_wconf 85' lang='lat' dir='ltr'>satis:</span> <span class='ocrx_word' id='word_1_71' title='bbox 531 1547 663 1621; x_wconf 88' lang='lat' dir='ltr'>laudat</span> <span class='ocrx_word' id='word_1_72' title='bbox 673 1547 900 1647; x_wconf 85' lang='lat' dir='ltr'>digitosque,</span> <span class='ocrx_word' id='word_1_73' title='bbox 912 1573 1135 1648; x_wconf 91' lang='lat' dir='ltr'>manusque,</span> <span class='ocrx_word' id='word_1_74' title='bbox 1147 1553 1222 1623; x_wconf 85' lang='lat'>500</span> 
     </span>
     <span class='ocr_line' id='line_1_12' title="bbox 178 1663 1185 1764; baseline 0.002 -29"><span class='ocrx_word' id='word_1_75' title='bbox 178 1663 429 1760; x_wconf 75' lang='lat' dir='ltr'>Brachioque,</span> <span class='ocrx_word' id='word_1_76' title='bbox 445 1674 484 1738; x_wconf 96' lang='lat' dir='ltr'>et</span> <span class='ocrx_word' id='word_1_77' title='bbox 500 1664 623 1736; x_wconf 88' lang='lat' dir='ltr'>nudos</span> <span class='ocrx_word' id='word_1_78' title='bbox 639 1664 765 1737; x_wconf 88' lang='lat' dir='ltr'>media</span> <span class='ocrx_word' id='word_1_79' title='bbox 782 1665 869 1762; x_wconf 87' lang='lat' dir='ltr'>plus</span> <span class='ocrx_word' id='word_1_80' title='bbox 887 1677 993 1764; x_wconf 88' lang='lat' dir='ltr'>parte</span> <span class='ocrx_word' id='word_1_81' title='bbox 1012 1666 1185 1740; x_wconf 90' lang='lat' dir='ltr'>lacertos.</span> 
     </span>
     <span class='ocr_line' id='line_1_13' title="bbox 179 1775 1161 1878; baseline 0.003 -26"><span class='ocrx_word' id='word_1_82' title='bbox 179 1779 219 1852; x_wconf 86' lang='lat' dir='ltr'>Si</span> <span class='ocrx_word' id='word_1_83' title='bbox 236 1803 316 1877; x_wconf 90' lang='lat' dir='ltr'>qua</span> <span class='ocrx_word' id='word_1_84' title='bbox 332 1780 462 1868; x_wconf 86' lang='lat' dir='ltr'>latent,</span> <span class='ocrx_word' id='word_1_85' title='bbox 481 1779 637 1854; x_wconf 82' lang='lat' dir='ltr'>meliora</span> <span class='ocrx_word' id='word_1_86' title='bbox 655 1790 776 1878; x_wconf 90' lang='lat' dir='ltr'>putat.</span> <span class='ocrx_word' id='word_1_87' title='bbox 819 1775 933 1878; x_wconf 80' lang='lat' dir='ltr'>Fugit</span> <span class='ocrx_word' id='word_1_88' title='bbox 951 1781 1052 1856; x_wconf 90' lang='lat' dir='ltr'>ocior</span> <span class='ocrx_word' id='word_1_89' title='bbox 1070 1805 1161 1856; x_wconf 89' lang='lat' dir='ltr'>aura</span> 
     </span>
    </p>
   </div>
   <div class='ocr_carea' id='block_1_3' title="bbox 178 2067 1251 2164">
    <p class='ocr_par' dir='ltr' id='par_1_6' title="bbox 178 2067 1251 2164">
     <span class='ocr_line' id='line_1_14' title="bbox 178 2067 1251 2164; baseline 0.003 -21"><span class='ocrx_word' id='word_1_90' title='bbox 178 2095 357 2156; x_wconf 78' lang='lat' dir='ltr'>AEn.iii.475;</span> <span class='ocrx_word' id='word_1_91' title='bbox 373 2105 398 2145; x_wconf 89' lang='lat' dir='ltr'>et</span> <span class='ocrx_word' id='word_1_92' title='bbox 415 2094 504 2162; x_wconf 82' lang='grc' dir='ltr'><strong><em>γάμος.</em></strong></span> <span class='ocrx_word' id='word_1_93' title='bbox 528 2095 679 2147; x_wconf 73' lang='lat' dir='ltr'>videchra-</span> <span class='ocrx_word' id='word_1_94' title='bbox 729 2097 806 2163; x_wconf 88' lang='lat' dir='ltr'>(quod</span> <span class='ocrx_word' id='word_1_95' title='bbox 819 2099 910 2148; x_wconf 79' lang='lat' dir='ltr'>Indicat</span> <span class='ocrx_word' id='word_1_96' title='bbox 926 2098 952 2147; x_wconf 92' lang='lat' dir='ltr'>h.</span> <span class='ocrx_word' id='word_1_97' title='bbox 962 2099 979 2147; x_wconf 94' lang='grc'>1.</span> <span class='ocrx_word' id='word_1_98' title='bbox 993 2071 1021 2148; x_wconf 71' lang='lat' dir='ltr'>rh</span> <span class='ocrx_word' id='word_1_99' title='bbox 1028 2096 1117 2164; x_wconf 66' lang='lat' dir='ltr'>forta)</span> <span class='ocrx_word' id='word_1_100' title='bbox 1129 2096 1167 2147; x_wconf 91' lang='lat' dir='ltr'>vel</span> <span class='ocrx_word' id='word_1_101' title='bbox 1183 2067 1225 2163; x_wconf 81' lang='lat' dir='ltr'>pe·</span> <span class='ocrx_word' id='word_1_102' title='bbox 1249 2093 1251 2097; x_wconf 35' lang='lat'><strong>¹</strong></span> 
     </span>
    </p>
   </div>
   <div class='ocr_carea' id='block_1_4' title="bbox 177 2169 679 2235">
    <p class='ocr_par' dir='ltr' id='par_1_7' title="bbox 177 2169 679 2235">
     <span class='ocr_line' id='line_1_15' title="bbox 177 2169 679 2235; baseline 0.002 -18"><span class='ocrx_word' id='word_1_103' title='bbox 177 2169 226 2218; x_wconf 92' lang='lat' dir='ltr'>der.</span> <span class='ocrx_word' id='word_1_104' title='bbox 237 2169 269 2218; x_wconf 83' lang='lat' dir='ltr'>ad</span> <span class='ocrx_word' id='word_1_105' title='bbox 285 2171 415 2218; x_wconf 78' lang='lat' dir='ltr'>Musaeum.</span> <span class='ocrx_word' id='word_1_106' title='bbox 425 2186 450 2235; x_wconf 93' lang='lat' dir='ltr'>p.</span> <span class='ocrx_word' id='word_1_107' title='bbox 464 2171 511 2218; x_wconf 80' lang='lat'>123</span> <span class='ocrx_word' id='word_1_108' title='bbox 527 2186 580 2235; x_wconf 80' lang='lat' dir='ltr'>sqq.</span> <span class='ocrx_word' id='word_1_109' title='bbox 609 2171 679 2219; x_wconf 86' lang='lat' dir='ltr'>Simi-</span> 
     </span>
    </p>
   </div>
   <div class='ocr_carea' id='block_1_5' title="bbox 728 2172 1225 2239">
    <p class='ocr_par' dir='ltr' id='par_1_8' title="bbox 728 2172 1225 2239">
     <span class='ocr_line' id='line_1_16' title="bbox 728 2172 1225 2239; baseline -0.006 -16"><span class='ocrx_word' id='word_1_110' title='bbox 728 2175 832 2224; x_wconf 88' lang='lat' dir='ltr'>tulantes</span> <span class='ocrx_word' id='word_1_111' title='bbox 849 2173 968 2223; x_wconf 89' lang='lat' dir='ltr'>interdum</span> <span class='ocrx_word' id='word_1_112' title='bbox 989 2173 1147 2222; x_wconf 86' lang='lat' dir='ltr'>admovebant</span> <span class='ocrx_word' id='word_1_113' title='bbox 1163 2172 1225 2239; x_wconf 87' lang='lat' dir='ltr'>sepi-</span> 
     </span>
    </p>
   </div>
   <div class='ocr_carea' id='block_1_6' title="bbox 177 2242 1224 2308">
    <p class='ocr_par' dir='ltr' id='par_1_9' title="bbox 177 2242 1224 2308">
     <span class='ocr_line' id='line_1_17' title="bbox 177 2242 1224 2308; baseline 0.004 -18"><span class='ocrx_word' id='word_1_114' title='bbox 177 2242 229 2292; x_wconf 88' lang='lat' dir='ltr'>liter</span> <span class='ocrx_word' id='word_1_115' title='bbox 239 2259 290 2293; x_wconf 91' lang='lat' dir='ltr'>ver.</span> <span class='ocrx_word' id='word_1_116' title='bbox 299 2245 356 2294; x_wconf 87' lang='grc'><strong>557.</strong></span> <span class='ocrx_word' id='word_1_117' title='bbox 366 2249 449 2308; x_wconf 75' lang='lat' dir='ltr'>coujur-</span> <span class='ocrx_word' id='word_1_118' title='bbox 460 2244 490 2293; x_wconf 96' lang='lat' dir='ltr'>de</span> <span class='ocrx_word' id='word_1_119' title='bbox 502 2245 643 2301; x_wconf 84' lang='lat' dir='ltr'>concubina,</span> <span class='ocrx_word' id='word_1_120' title='bbox 655 2254 679 2294; x_wconf 90' lang='lat' dir='ltr'>et</span> <span class='ocrx_word' id='word_1_121' title='bbox 727 2252 782 2304; x_wconf 90' lang='lat' dir='ltr'>bus,</span> <span class='ocrx_word' id='word_1_122' title='bbox 795 2258 836 2298; x_wconf 90' lang='lat' dir='ltr'>ant</span> <span class='ocrx_word' id='word_1_123' title='bbox 851 2249 923 2297; x_wconf 84' lang='lat' dir='ltr'>etiam</span> <span class='ocrx_word' id='word_1_124' title='bbox 939 2248 1049 2297; x_wconf 82' lang='lat' dir='ltr'>ardentes</span> <span class='ocrx_word' id='word_1_125' title='bbox 1061 2248 1105 2295; x_wconf 90' lang='lat' dir='ltr'>sub</span> <span class='ocrx_word' id='word_1_126' title='bbox 1117 2247 1224 2296; x_wconf 78' lang='grc'><strong>155555-</strong></span> 
     </span>
    </p>
   </div>
   <div class='ocr_carea' id='block_1_7' title="bbox 177 2319 680 3721">
    <p class='ocr_par' dir='ltr' id='par_1_10' title="bbox 178 2319 583 2369">
     <span class='ocr_line' id='line_1_18' title="bbox 178 2319 583 2369; baseline 0.005 -3"><span class='ocrx_word' id='word_1_127' title='bbox 178 2336 233 2367; x_wconf 73' lang='lat' dir='ltr'>uror</span> <span class='ocrx_word' id='word_1_128' title='bbox 244 2320 328 2367; x_wconf 86' lang='lat' dir='ltr'>Horat.</span> <span class='ocrx_word' id='word_1_129' title='bbox 339 2319 389 2368; x_wconf 93' lang='lat' dir='ltr'>III.</span> <span class='ocrx_word' id='word_1_130' title='bbox 398 2319 446 2368; x_wconf 90' lang='lat' dir='ltr'>Od.</span> <span class='ocrx_word' id='word_1_131' title='bbox 456 2319 531 2368; x_wconf 81' lang='lat' dir='ltr'>xxvii.</span> <span class='ocrx_word' id='word_1_132' title='bbox 542 2320 583 2369; x_wconf 83' lang='grc'>73.</span> 
     </span>
    </p>

    <p class='ocr_par' dir='ltr' id='par_1_11' title="bbox 177 2392 678 2830">
     <span class='ocr_line' id='line_1_19' title="bbox 209 2392 678 2457; baseline 0 -17"><span class='ocrx_word' id='word_1_133' title='bbox 209 2394 268 2442; x_wconf 89' lang='grc'><strong>491.</strong></span> <span class='ocrx_word' id='word_1_134' title='bbox 287 2392 334 2440; x_wconf 71' lang='lat' dir='ltr'>Seia</span> <span class='ocrx_word' id='word_1_135' title='bbox 351 2394 524 2457; x_wconf 66' lang='lat' dir='ltr'>maculaque</span> <span class='ocrx_word' id='word_1_136' title='bbox 541 2393 678 2442; x_wconf 74' lang='grc'><strong>15155555-</strong></span> 
     </span>
     <span class='ocr_line' id='line_1_20' title="bbox 177 2466 677 2533; baseline 0 -18"><span class='ocrx_word' id='word_1_137' title='bbox 177 2468 295 2515; x_wconf 74' lang='grc'><strong>55555155</strong></span> <span class='ocrx_word' id='word_1_138' title='bbox 324 2467 462 2523; x_wconf 85' lang='lat' dir='ltr'>certissima,</span> <span class='ocrx_word' id='word_1_139' title='bbox 483 2466 566 2533; x_wconf 84' lang='lat' dir='ltr'>Eurip.</span> <span class='ocrx_word' id='word_1_140' title='bbox 587 2467 677 2515; x_wconf 86' lang='lat' dir='ltr'>Electr.</span> 
     </span>
     <span class='ocr_line' id='line_1_21' title="bbox 178 2539 678 2603; baseline -0.002 -11"><span class='ocrx_word' id='word_1_141' title='bbox 178 2558 225 2592; x_wconf 84' lang='lat' dir='ltr'>ver.</span> <span class='ocrx_word' id='word_1_142' title='bbox 246 2544 312 2603; x_wconf 79' lang='lat'>3993</span> <span class='ocrx_word' id='word_1_143' title='bbox 327 2543 423 2592; x_wconf 83' lang='lat' dir='ltr'>Terent.</span> <span class='ocrx_word' id='word_1_144' title='bbox 441 2542 518 2591; x_wconf 85' lang='lat' dir='ltr'>Andr.</span> <span class='ocrx_word' id='word_1_145' title='bbox 529 2539 602 2592; x_wconf 95' lang='lat' dir='ltr'>IV.</span> <span class='ocrx_word' id='word_1_146' title='bbox 596 2542 622 2591; x_wconf 88' lang='lat' dir='ltr'>ri.</span> <span class='ocrx_word' id='word_1_147' title='bbox 639 2544 678 2591; x_wconf 87' lang='grc'>15.</span> 
     </span>
     <span class='ocr_line' id='line_1_22' title="bbox 180 2616 677 2680; baseline -0.002 -14"><span class='ocrx_word' id='word_1_148' title='bbox 180 2617 250 2666; x_wconf 90' lang='lat' dir='ltr'>Unde</span> <span class='ocrx_word' id='word_1_149' title='bbox 261 2627 337 2665; x_wconf 78' lang='lat' dir='ltr'>certos</span> <span class='ocrx_word' id='word_1_150' title='bbox 347 2619 437 2680; x_wconf 74' lang='lat' dir='ltr'>Apollo,</span> <span class='ocrx_word' id='word_1_151' title='bbox 449 2617 533 2666; x_wconf 86' lang='lat' dir='ltr'>Horat.</span> <span class='ocrx_word' id='word_1_152' title='bbox 543 2616 565 2667; x_wconf 91' lang='grc' dir='ltr'>Ι.</span> <span class='ocrx_word' id='word_1_153' title='bbox 575 2617 624 2666; x_wconf 90' lang='lat' dir='ltr'>Od.</span> <span class='ocrx_word' id='word_1_154' title='bbox 634 2616 677 2666; x_wconf 84' lang='lat' dir='ltr'>vii.</span> 
     </span>
     <span class='ocr_line' id='line_1_23' title="bbox 177 2691 678 2749; baseline -0.006 -9"><span class='ocrx_word' id='word_1_155' title='bbox 177 2693 217 2741; x_wconf 81' lang='lat'>98.</span> <span class='ocrx_word' id='word_1_156' title='bbox 249 2691 373 2740; x_wconf 83' lang='lat' dir='ltr'>Sed-amor</span> <span class='ocrx_word' id='word_1_157' title='bbox 387 2697 501 2749; x_wconf 76' lang='lat' dir='ltr'>excecat,</span> <span class='ocrx_word' id='word_1_158' title='bbox 511 2698 538 2740; x_wconf 90' lang='lat' dir='ltr'>ut</span> <span class='ocrx_word' id='word_1_159' title='bbox 552 2691 678 2747; x_wconf 85' lang='lat' dir='ltr'>hominem,</span> 
     </span>
     <span class='ocr_line' id='line_1_24' title="bbox 178 2764 405 2830; baseline 0 -16"><span class='ocrx_word' id='word_1_160' title='bbox 178 2766 213 2814; x_wconf 82' lang='lat' dir='ltr'>itu</span> <span class='ocrx_word' id='word_1_161' title='bbox 223 2773 248 2814; x_wconf 91' lang='lat' dir='ltr'>et</span> <span class='ocrx_word' id='word_1_162' title='bbox 258 2764 405 2830; x_wconf 83' lang='lat' dir='ltr'>Apollinem.</span> 
     </span>
    </p>

    <p class='ocr_par' dir='ltr' id='par_1_12' title="bbox 177 2838 680 3721">
     <span class='ocr_line' id='line_1_25' title="bbox 205 2838 678 2902; baseline -0.002 -15"><span class='ocrx_word' id='word_1_163' title='bbox 205 2838 678 2902; x_wconf 54' lang='lat' dir='ltr'>teanenprts-atotaJ‘Eademsimi-</span> 
     </span>
     <span class='ocr_line' id='line_1_26' title="bbox 179 2912 678 2963; baseline 0 -2"><span class='ocrx_word' id='word_1_164' title='bbox 179 2913 281 2962; x_wconf 89' lang='lat' dir='ltr'>litudine</span> <span class='ocrx_word' id='word_1_165' title='bbox 301 2913 387 2962; x_wconf 84' lang='lat' dir='ltr'>amoris</span> <span class='ocrx_word' id='word_1_166' title='bbox 401 2912 552 2963; x_wconf 89' lang='lat' dir='ltr'>vehementia</span> <span class='ocrx_word' id='word_1_167' title='bbox 574 2913 678 2962; x_wconf 85' lang='lat' dir='ltr'>illustra-</span> 
     </span>
     <span class='ocr_line' id='line_1_27' title="bbox 179 2986 678 3050; baseline 0 -15"><span class='ocrx_word' id='word_1_168' title='bbox 179 2996 224 3044; x_wconf 90' lang='lat' dir='ltr'>tur,</span> <span class='ocrx_word' id='word_1_169' title='bbox 234 2987 268 3035; x_wconf 81' lang='lat' dir='ltr'>vi.</span> <span class='ocrx_word' id='word_1_170' title='bbox 280 2988 336 3036; x_wconf 87' lang='grc'><strong>456.</strong></span> <span class='ocrx_word' id='word_1_171' title='bbox 352 2989 436 3035; x_wconf 68' lang='lat' dir='ltr'>Ariete</span> <span class='ocrx_word' id='word_1_172' title='bbox 451 2988 508 3035; x_wconf 88' lang='lat' dir='ltr'>olim</span> <span class='ocrx_word' id='word_1_173' title='bbox 523 3003 577 3037; x_wconf 88' lang='lat' dir='ltr'>cum</span> <span class='ocrx_word' id='word_1_174' title='bbox 589 2986 678 3050; x_wconf 73' lang='lat' dir='ltr'>calgna</span> 
     </span>
     <span class='ocr_line' id='line_1_28' title="bbox 179 3060 675 3127; baseline 0 -17"><span class='ocrx_word' id='word_1_175' title='bbox 179 3071 271 3110; x_wconf 85' lang='lat' dir='ltr'>tanturn</span> <span class='ocrx_word' id='word_1_176' title='bbox 293 3062 380 3110; x_wconf 80' lang='lat' dir='ltr'>calami</span> <span class='ocrx_word' id='word_1_177' title='bbox 396 3069 464 3127; x_wconf 86' lang='lat' dir='ltr'>parte</span> <span class='ocrx_word' id='word_1_178' title='bbox 479 3065 546 3119; x_wconf 77' lang='lat' dir='ltr'>demi,</span> <span class='ocrx_word' id='word_1_179' title='bbox 565 3060 675 3118; x_wconf 84' lang='lat' dir='ltr'>resecari,</span> 
     </span>
     <span class='ocr_line' id='line_1_29' title="bbox 178 3134 678 3196; baseline -0.002 -12"><span class='ocrx_word' id='word_1_180' title='bbox 178 3134 303 3185; x_wconf 84' lang='lat' dir='ltr'>detonderi</span> <span class='ocrx_word' id='word_1_181' title='bbox 313 3135 422 3184; x_wconf 84' lang='lat' dir='ltr'>solebant</span> <span class='ocrx_word' id='word_1_182' title='bbox 437 3151 452 3184; x_wconf 85' lang='lat' dir='ltr'>a</span> <span class='ocrx_word' id='word_1_183' title='bbox 466 3136 623 3196; x_wconf 79' lang='lat' dir='ltr'>messoribus3</span> <span class='ocrx_word' id='word_1_184' title='bbox 638 3138 678 3183; x_wconf 81' lang='lat' dir='ltr'>rti-</span> 
     </span>
     <span class='ocr_line' id='line_1_30' title="bbox 178 3209 678 3274; baseline 0.004 -16"><span class='ocrx_word' id='word_1_185' title='bbox 178 3213 238 3272; x_wconf 77' lang='lat' dir='ltr'>pulc</span> <span class='ocrx_word' id='word_1_186' title='bbox 248 3219 330 3258; x_wconf 88' lang='lat' dir='ltr'>autem</span> <span class='ocrx_word' id='word_1_187' title='bbox 343 3209 432 3258; x_wconf 84' lang='lat' dir='ltr'>adoleri</span> <span class='ocrx_word' id='word_1_188' title='bbox 447 3210 554 3260; x_wconf 84' lang='lat' dir='ltr'>solebant</span> <span class='ocrx_word' id='word_1_189' title='bbox 571 3211 601 3260; x_wconf 85' lang='lat' dir='ltr'>ab</span> <span class='ocrx_word' id='word_1_190' title='bbox 616 3210 678 3274; x_wconf 84' lang='lat' dir='ltr'>agri-</span> 
     </span>
     <span class='ocr_line' id='line_1_31' title="bbox 179 3282 677 3349; baseline -0.002 -18"><span class='ocrx_word' id='word_1_191' title='bbox 179 3284 247 3341; x_wconf 87' lang='lat' dir='ltr'>colis,</span> <span class='ocrx_word' id='word_1_192' title='bbox 268 3292 296 3331; x_wconf 91' lang='lat' dir='ltr'>ut</span> <span class='ocrx_word' id='word_1_193' title='bbox 316 3282 376 3332; x_wconf 86' lang='lat' dir='ltr'>vitia</span> <span class='ocrx_word' id='word_1_194' title='bbox 391 3282 452 3347; x_wconf 55' lang='lat' dir='ltr'>¹agri</span> <span class='ocrx_word' id='word_1_195' title='bbox 474 3291 677 3349; x_wconf 82' lang='lat' dir='ltr'>excoquerentur:</span> 
     </span>
     <span class='ocr_line' id='line_1_32' title="bbox 179 3357 679 3424; baseline 0.002 -17"><span class='ocrx_word' id='word_1_196' title='bbox 179 3358 248 3422; x_wconf 75' lang='lat' dir='ltr'>Vng.</span> <span class='ocrx_word' id='word_1_197' title='bbox 270 3359 358 3421; x_wconf 87' lang='lat' dir='ltr'>Georg.</span> <span class='ocrx_word' id='word_1_198' title='bbox 380 3357 396 3405; x_wconf 93' lang='lat' dir='ltr'>i.</span> <span class='ocrx_word' id='word_1_199' title='bbox 418 3359 449 3407; x_wconf 89' lang='grc'>85</span> <span class='ocrx_word' id='word_1_200' title='bbox 471 3375 524 3424; x_wconf 88' lang='lat' dir='ltr'>sqq.</span> <span class='ocrx_word' id='word_1_201' title='bbox 542 3361 638 3408; x_wconf 90' lang='lat' dir='ltr'>Lucret.</span> <span class='ocrx_word' id='word_1_202' title='bbox 656 3376 679 3408; x_wconf 94' lang='lat' dir='ltr'>v.</span> 
     </span>
     <span class='ocr_line' id='line_1_33' title="bbox 180 3432 678 3500; baseline 0.004 -20"><span class='ocrx_word' id='word_1_203' title='bbox 180 3433 253 3488; x_wconf 80' lang='grc'><strong>1246,</strong></span> <span class='ocrx_word' id='word_1_204' title='bbox 274 3432 297 3480; x_wconf 87' lang='grc'>7.</span> <span class='ocrx_word' id='word_1_205' title='bbox 339 3432 407 3481; x_wconf 75' lang='lat' dir='ltr'>Levis</span> <span class='ocrx_word' id='word_1_206' title='bbox 432 3433 529 3482; x_wconf 88' lang='lat' dir='ltr'>solenne</span> <span class='ocrx_word' id='word_1_207' title='bbox 556 3432 678 3500; x_wconf 86' lang='lat' dir='ltr'>epitheton</span> 
     </span>
     <span class='ocr_line' id='line_1_34' title="bbox 179 3506 680 3572; baseline 0.004 -18"><span class='ocrx_word' id='word_1_208' title='bbox 179 3506 332 3572; x_wconf 84' lang='lat' dir='ltr'>stipularum.</span> <span class='ocrx_word' id='word_1_209' title='bbox 364 3507 461 3556; x_wconf 71' lang='lat' dir='ltr'>Adolere</span> <span class='ocrx_word' id='word_1_210' title='bbox 479 3523 527 3557; x_wconf 89' lang='lat' dir='ltr'>non</span> <span class='ocrx_word' id='word_1_211' title='bbox 544 3506 680 3556; x_wconf 86' lang='lat' dir='ltr'>tantum&#39;in</span> 
     </span>
     <span class='ocr_line' id='line_1_35' title="bbox 178 3579 679 3647; baseline 0.004 -19"><span class='ocrx_word' id='word_1_212' title='bbox 178 3579 252 3629; x_wconf 86' lang='lat' dir='ltr'>sacris</span> <span class='ocrx_word' id='word_1_213' title='bbox 269 3581 348 3628; x_wconf 89' lang='lat' dir='ltr'>locum</span> <span class='ocrx_word' id='word_1_214' title='bbox 363 3580 445 3639; x_wconf 87' lang='lat' dir='ltr'>habet,</span> <span class='ocrx_word' id='word_1_215' title='bbox 459 3590 486 3631; x_wconf 91' lang='lat' dir='ltr'>ut</span> <span class='ocrx_word' id='word_1_216' title='bbox 498 3581 583 3631; x_wconf 87' lang='lat' dir='ltr'>Heins.</span> <span class='ocrx_word' id='word_1_217' title='bbox 601 3590 679 3647; x_wconf 88' lang='lat' dir='ltr'>putat,</span> 
     </span>
     <span class='ocr_line' id='line_1_36' title="bbox 177 3652 680 3721; baseline 0.004 -19"><span class='ocrx_word' id='word_1_218' title='bbox 177 3652 222 3702; x_wconf 84' lang='lat' dir='ltr'>sed</span> <span class='ocrx_word' id='word_1_219' title='bbox 233 3653 363 3713; x_wconf 88' lang='lat' dir='ltr'>interdum,</span> <span class='ocrx_word' id='word_1_220' title='bbox 372 3668 509 3720; x_wconf 84' lang='lat' dir='ltr'>quanquam</span> <span class='ocrx_word' id='word_1_221' title='bbox 516 3655 587 3721; x_wconf 85' lang='lat' dir='ltr'>paulo</span> <span class='ocrx_word' id='word_1_222' title='bbox 597 3656 680 3713; x_wconf 75' lang='lat' dir='ltr'>ramus,</span> 
     </span>
    </p>
   </div>
   <div class='ocr_carea' id='block_1_8' title="bbox 725 2321 1225 2390">
    <p class='ocr_par' dir='ltr' id='par_1_13' title="bbox 725 2321 1225 2390">
     <span class='ocr_line' id='line_1_37' title="bbox 725 2321 1225 2390; baseline -0.004 -18"><span class='ocrx_word' id='word_1_223' title='bbox 725 2324 849 2390; x_wconf 87' lang='lat' dir='ltr'>jiciebant‚</span> <span class='ocrx_word' id='word_1_224' title='bbox 866 2322 930 2372; x_wconf 88' lang='lat' dir='ltr'>unde</span> <span class='ocrx_word' id='word_1_225' title='bbox 952 2339 1015 2388; x_wconf 84' lang='lat' dir='ltr'>saepe</span> <span class='ocrx_word' id='word_1_226' title='bbox 1032 2321 1151 2370; x_wconf 87' lang='lat' dir='ltr'>incendia.</span> <span class='ocrx_word' id='word_1_227' title='bbox 1186 2321 1225 2370; x_wconf 85' lang='lat' dir='ltr'>CI.</span> 
     </span>
    </p>
   </div>
   <div class='ocr_carea' id='block_1_9' title="bbox 728 2394 1228 3719">
    <p class='ocr_par' dir='ltr' id='par_1_14' title="bbox 728 2394 1225 2520">
     <span class='ocr_line' id='line_1_38' title="bbox 729 2394 1225 2458; baseline -0.006 -11"><span class='ocrx_word' id='word_1_228' title='bbox 729 2399 793 2447; x_wconf 81' lang='lat' dir='ltr'>Fast.</span> <span class='ocrx_word' id='word_1_229' title='bbox 813 2398 846 2447; x_wconf 92' lang='lat' dir='ltr'>iv.</span> <span class='ocrx_word' id='word_1_230' title='bbox 866 2399 926 2458; x_wconf 86' lang='lat'>167;</span> <span class='ocrx_word' id='word_1_231' title='bbox 949 2406 973 2445; x_wconf 94' lang='lat' dir='ltr'>et</span> <span class='ocrx_word' id='word_1_232' title='bbox 993 2397 1048 2446; x_wconf 88' lang='lat' dir='ltr'>vide</span> <span class='ocrx_word' id='word_1_233' title='bbox 1068 2396 1172 2445; x_wconf 82' lang='lat' dir='ltr'>Casanb.</span> <span class='ocrx_word' id='word_1_234' title='bbox 1193 2394 1225 2444; x_wconf 87' lang='lat' dir='ltr'>ad</span> 
     </span>
     <span class='ocr_line' id='line_1_39' title="bbox 728 2471 954 2520; baseline -0.004 0"><span class='ocrx_word' id='word_1_235' title='bbox 728 2473 826 2520; x_wconf 85' lang='lat' dir='ltr'>Sueton.</span> <span class='ocrx_word' id='word_1_236' title='bbox 837 2471 901 2520; x_wconf 77' lang='lat' dir='ltr'>Cres.</span> <span class='ocrx_word' id='word_1_237' title='bbox 913 2473 954 2520; x_wconf 87' lang='grc'>31.</span> 
     </span>
    </p>

    <p class='ocr_par' dir='ltr' id='par_1_15' title="bbox 728 2541 1227 2978">
     <span class='ocr_line' id='line_1_40' title="bbox 761 2541 1226 2606; baseline -0.006 -12"><span class='ocrx_word' id='word_1_238' title='bbox 761 2544 819 2595; x_wconf 77' lang='grc'><strong>496.</strong></span> <span class='ocrx_word' id='word_1_239' title='bbox 840 2541 1105 2606; x_wconf 62' lang='lat' dir='ltr'>sterilem-umorem]</span> <span class='ocrx_word' id='word_1_240' title='bbox 1135 2542 1226 2591; x_wconf 71' lang='lat' dir='ltr'>Statilio</span> 
     </span>
     <span class='ocr_line' id='line_1_41' title="bbox 728 2614 1226 2683; baseline -0.01 -14"><span class='ocrx_word' id='word_1_241' title='bbox 728 2637 791 2669; x_wconf 83' lang='lat' dir='ltr'>amor</span> <span class='ocrx_word' id='word_1_242' title='bbox 803 2621 931 2683; x_wconf 87' lang='lat' dir='ltr'>eleganter,</span> <span class='ocrx_word' id='word_1_243' title='bbox 946 2618 985 2667; x_wconf 90' lang='lat' dir='ltr'>cui</span> <span class='ocrx_word' id='word_1_244' title='bbox 1001 2634 1048 2667; x_wconf 93' lang='lat' dir='ltr'>non</span> <span class='ocrx_word' id='word_1_245' title='bbox 1062 2614 1226 2680; x_wconf 87' lang='lat' dir='ltr'>respondetur,</span> 
     </span>
     <span class='ocr_line' id='line_1_42' title="bbox 729 2689 1227 2760; baseline -0.01 -17"><span class='ocrx_word' id='word_1_246' title='bbox 729 2695 770 2760; x_wconf 89' lang='lat' dir='ltr'>qui</span> <span class='ocrx_word' id='word_1_247' title='bbox 784 2710 831 2743; x_wconf 92' lang='lat' dir='ltr'>non</span> <span class='ocrx_word' id='word_1_248' title='bbox 846 2691 922 2757; x_wconf 89' lang='lat' dir='ltr'>gignit</span> <span class='ocrx_word' id='word_1_249' title='bbox 935 2692 1019 2740; x_wconf 90' lang='lat' dir='ltr'>alium.</span> <span class='ocrx_word' id='word_1_250' title='bbox 1047 2689 1096 2749; x_wconf 91' lang='lat' dir='ltr'>Qui</span> <span class='ocrx_word' id='word_1_251' title='bbox 1107 2690 1133 2738; x_wconf 91' lang='lat' dir='ltr'>in</span> <span class='ocrx_word' id='word_1_252' title='bbox 1147 2704 1227 2742; x_wconf 87' lang='lat' dir='ltr'>amore</span> 
     </span>
     <span class='ocr_line' id='line_1_43' title="bbox 728 2761 1227 2829; baseline -0.012 -11"><span class='ocrx_word' id='word_1_253' title='bbox 728 2777 777 2818; x_wconf 88' lang='lat' dir='ltr'>tam</span> <span class='ocrx_word' id='word_1_254' title='bbox 793 2766 876 2816; x_wconf 78' lang='lat' dir='ltr'>infelix</span> <span class='ocrx_word' id='word_1_255' title='bbox 893 2774 937 2823; x_wconf 91' lang='lat' dir='ltr'>est,</span> <span class='ocrx_word' id='word_1_256' title='bbox 949 2765 1040 2815; x_wconf 79' lang='lat' dir='ltr'>Graecis</span> <span class='ocrx_word' id='word_1_257' title='bbox 1054 2761 1227 2829; x_wconf 75' lang='grc' dir='ltr'>ἀναφρόδιτος,</span> 
     </span>
     <span class='ocr_line' id='line_1_44' title="bbox 729 2837 1227 2904; baseline -0.006 -13"><span class='ocrx_word' id='word_1_258' title='bbox 729 2840 821 2891; x_wconf 83' lang='lat' dir='ltr'>Latinis</span> <span class='ocrx_word' id='word_1_259' title='bbox 836 2843 970 2889; x_wconf 76' lang='lat' dir='ltr'>invenustus</span> <span class='ocrx_word' id='word_1_260' title='bbox 987 2839 1094 2904; x_wconf 89' lang='lat' dir='ltr'>(Terent.</span> <span class='ocrx_word' id='word_1_261' title='bbox 1109 2837 1189 2886; x_wconf 88' lang='lat' dir='ltr'>Andr.</span> <span class='ocrx_word' id='word_1_262' title='bbox 1204 2837 1227 2888; x_wconf 88' lang='lat' dir='ltr'>I.</span> 
     </span>
     <span class='ocr_line' id='line_1_45' title="bbox 729 2914 921 2978; baseline -0.026 -11"><span class='ocrx_word' id='word_1_263' title='bbox 729 2935 753 2967; x_wconf 91' lang='lat' dir='ltr'>v.</span> <span class='ocrx_word' id='word_1_264' title='bbox 766 2914 817 2978; x_wconf 86' lang='lat'>10.)</span> <span class='ocrx_word' id='word_1_265' title='bbox 826 2914 921 2963; x_wconf 90' lang='lat' dir='ltr'>dicitur.</span> 
     </span>
    </p>

    <p class='ocr_par' dir='ltr' id='par_1_16' title="bbox 728 2983 1227 3486">
     <span class='ocr_line' id='line_1_46' title="bbox 762 2983 1223 3043; baseline -0.011 -6"><span class='ocrx_word' id='word_1_266' title='bbox 762 2991 820 3038; x_wconf 92' lang='grc'><strong>498.</strong></span> <span class='ocrx_word' id='word_1_267' title='bbox 834 2988 912 3042; x_wconf 81' lang='lat' dir='ltr'>Quid?</span> <span class='ocrx_word' id='word_1_268' title='bbox 929 2990 948 3036; x_wconf 83' lang='lat' dir='ltr'>si</span> <span class='ocrx_word' id='word_1_269' title='bbox 962 2997 1091 3043; x_wconf 79' lang='lat' dir='ltr'>corruatur,</span> <span class='ocrx_word' id='word_1_270' title='bbox 1106 2983 1223 3033; x_wconf 79' lang='lat' dir='ltr'>suaviter!</span> 
     </span>
     <span class='ocr_line' id='line_1_47' title="bbox 731 3061 1225 3129; baseline -0.014 -15"><span class='ocrx_word' id='word_1_271' title='bbox 731 3067 798 3116; x_wconf 82' lang='lat' dir='ltr'>Videt</span> <span class='ocrx_word' id='word_1_272' title='bbox 816 3066 869 3129; x_wconf 82' lang='lat' dir='ltr'>igne</span> <span class='ocrx_word' id='word_1_273' title='bbox 882 3066 1000 3112; x_wconf 77' lang='lat' dir='ltr'>micantes.</span> <span class='ocrx_word' id='word_1_274' title='bbox 1022 3061 1094 3110; x_wconf 89' lang='lat' dir='ltr'>Oculi</span> <span class='ocrx_word' id='word_1_275' title='bbox 1112 3063 1166 3125; x_wconf 83' lang='lat' dir='ltr'>igne</span> <span class='ocrx_word' id='word_1_276' title='bbox 1182 3062 1225 3107; x_wconf 85' lang='lat' dir='ltr'>mi-</span> 
     </span>
     <span class='ocr_line' id='line_1_48' title="bbox 729 3133 1226 3204; baseline -0.012 -15"><span class='ocrx_word' id='word_1_277' title='bbox 729 3150 805 3189; x_wconf 77' lang='lat' dir='ltr'>cantes</span> <span class='ocrx_word' id='word_1_278' title='bbox 822 3138 847 3186; x_wconf 93' lang='lat' dir='ltr'>in</span> <span class='ocrx_word' id='word_1_279' title='bbox 866 3137 987 3204; x_wconf 76' lang='lat' dir='ltr'>praecipua</span> <span class='ocrx_word' id='word_1_280' title='bbox 1004 3144 1072 3202; x_wconf 85' lang='lat' dir='ltr'>parte</span> <span class='ocrx_word' id='word_1_281' title='bbox 1093 3133 1226 3200; x_wconf 88' lang='lat' dir='ltr'>pulchritu-</span> 
     </span>
     <span class='ocr_line' id='line_1_49' title="bbox 728 3207 1226 3264; baseline -0.014 -1"><span class='ocrx_word' id='word_1_282' title='bbox 728 3214 798 3264; x_wconf 89' lang='lat' dir='ltr'>dinis.</span> <span class='ocrx_word' id='word_1_283' title='bbox 814 3212 904 3262; x_wconf 86' lang='lat' dir='ltr'>Anacr.</span> <span class='ocrx_word' id='word_1_284' title='bbox 914 3212 964 3261; x_wconf 92' lang='lat' dir='ltr'>Od.</span> <span class='ocrx_word' id='word_1_285' title='bbox 973 3209 1056 3260; x_wconf 79' lang='lat' dir='ltr'>xxviii.</span> <span class='ocrx_word' id='word_1_286' title='bbox 1067 3211 1106 3257; x_wconf 86' lang='lat'>18.</span> <span class='ocrx_word' id='word_1_287' title='bbox 1114 3208 1156 3257; x_wconf 89' lang='lat' dir='ltr'>nbi</span> <span class='ocrx_word' id='word_1_288' title='bbox 1163 3207 1226 3257; x_wconf 86' lang='lat' dir='ltr'>oculi</span> 
     </span>
     <span class='ocr_line' id='line_1_50' title="bbox 728 3281 1227 3351; baseline -0.014 -14"><span class='ocrx_word' id='word_1_289' title='bbox 728 3287 828 3349; x_wconf 81' lang='grc' dir='ltr'>ἀληθῶς</span> <span class='ocrx_word' id='word_1_290' title='bbox 844 3285 897 3336; x_wconf 81' lang='grc' dir='ltr'>ἀπὸ</span> <span class='ocrx_word' id='word_1_291' title='bbox 915 3285 1004 3351; x_wconf 74' lang='grc' dir='ltr'><strong>πυρός.</strong></span> <span class='ocrx_word' id='word_1_292' title='bbox 1037 3286 1069 3333; x_wconf 90' lang='lat' dir='ltr'>Et</span> <span class='ocrx_word' id='word_1_293' title='bbox 1085 3284 1145 3331; x_wconf 85' lang='lat' dir='ltr'>tales</span> <span class='ocrx_word' id='word_1_294' title='bbox 1163 3281 1227 3331; x_wconf 92' lang='lat' dir='ltr'>oculi</span> 
     </span>
     <span class='ocr_line' id='line_1_51' title="bbox 728 3356 1226 3426; baseline -0.014 -14"><span class='ocrx_word' id='word_1_295' title='bbox 728 3380 783 3413; x_wconf 88' lang='lat' dir='ltr'>curn</span> <span class='ocrx_word' id='word_1_296' title='bbox 800 3364 909 3410; x_wconf 65' lang='lat' dir='ltr'>adnitor</span> <span class='ocrx_word' id='word_1_297' title='bbox 925 3360 1057 3426; x_wconf 87' lang='lat' dir='ltr'>comparari</span> <span class='ocrx_word' id='word_1_298' title='bbox 1072 3358 1156 3415; x_wconf 81' lang='lat' dir='ltr'>solent,</span> <span class='ocrx_word' id='word_1_299' title='bbox 1168 3356 1226 3405; x_wconf 89' lang='lat' dir='ltr'>Am.</span> 
     </span>
     <span class='ocr_line' id='line_1_52' title="bbox 729 3436 859 3486; baseline -0.015 0"><span class='ocrx_word' id='word_1_300' title='bbox 729 3438 779 3486; x_wconf 88' lang='grc' dir='ltr'><strong>ΠΙ.</strong></span> <span class='ocrx_word' id='word_1_301' title='bbox 792 3436 825 3485; x_wconf 91' lang='grc'><strong>111.</strong></span> <span class='ocrx_word' id='word_1_302' title='bbox 836 3438 859 3484; x_wconf 90' lang='grc'>9.</span> 
     </span>
    </p>

    <p class='ocr_par' dir='ltr' id='par_1_17' title="bbox 730 3503 1228 3719">
     <span class='ocr_line' id='line_1_53' title="bbox 762 3503 1226 3569; baseline -0.015 -10"><span class='ocrx_word' id='word_1_303' title='bbox 762 3512 819 3560; x_wconf 87' lang='grc'><strong>501.</strong></span> <span class='ocrx_word' id='word_1_304' title='bbox 839 3510 871 3557; x_wconf 86' lang='lat' dir='ltr'>Et</span> <span class='ocrx_word' id='word_1_305' title='bbox 888 3510 959 3556; x_wconf 74' lang='lat' dir='ltr'>nudos</span> <span class='ocrx_word' id='word_1_306' title='bbox 978 3505 1092 3568; x_wconf 70' lang='lat' dir='ltr'>lacertos]</span> <span class='ocrx_word' id='word_1_307' title='bbox 1106 3503 1226 3569; x_wconf 75' lang='lat' dir='ltr'>Nympha</span> 
     </span>
     <span class='ocr_line' id='line_1_54' title="bbox 730 3576 1228 3634; baseline -0.014 0"><span class='ocrx_word' id='word_1_308' title='bbox 730 3586 835 3634; x_wconf 87' lang='lat' dir='ltr'>Dianam</span> <span class='ocrx_word' id='word_1_309' title='bbox 851 3581 990 3631; x_wconf 86' lang='lat' dir='ltr'>comitantes</span> <span class='ocrx_word' id='word_1_310' title='bbox 1000 3595 1085 3628; x_wconf 84' lang='lat' dir='ltr'>manus</span> <span class='ocrx_word' id='word_1_311' title='bbox 1096 3586 1120 3627; x_wconf 92' lang='lat' dir='ltr'>et</span> <span class='ocrx_word' id='word_1_312' title='bbox 1129 3576 1228 3627; x_wconf 78' lang='lat' dir='ltr'>brachia</span> 
     </span>
     <span class='ocr_line' id='line_1_55' title="bbox 730 3652 1227 3719; baseline -0.016 -11"><span class='ocrx_word' id='word_1_313' title='bbox 730 3660 760 3708; x_wconf 86' lang='lat' dir='ltr'>ad</span> <span class='ocrx_word' id='word_1_314' title='bbox 783 3658 892 3706; x_wconf 89' lang='lat' dir='ltr'>humeros</span> <span class='ocrx_word' id='word_1_315' title='bbox 910 3671 986 3719; x_wconf 90' lang='lat' dir='ltr'>nsque</span> <span class='ocrx_word' id='word_1_316' title='bbox 1003 3656 1066 3701; x_wconf 80' lang='lat' dir='ltr'>nudo</span> <span class='ocrx_word' id='word_1_317' title='bbox 1086 3652 1227 3700; x_wconf 84' lang='lat' dir='ltr'>habebant:</span> 
     </span>
    </p>
   </div>
   <div class='ocr_carea' id='block_1_10' title="bbox 179 3725 1227 3795">
    <p class='ocr_par' dir='ltr' id='par_1_18' title="bbox 179 3725 1227 3795">
     <span class='ocr_line' id='line_1_56' title="bbox 179 3725 1227 3795; baseline 0 -19"><span class='ocrx_word' id='word_1_318' title='bbox 179 3728 276 3777; x_wconf 88' lang='lat' dir='ltr'>omnino</span> <span class='ocrx_word' id='word_1_319' title='bbox 291 3737 328 3777; x_wconf 86' lang='lat' dir='ltr'>est</span> <span class='ocrx_word' id='word_1_320' title='bbox 346 3744 465 3778; x_wconf 84' lang='lat' dir='ltr'>cremare:</span> <span class='ocrx_word' id='word_1_321' title='bbox 483 3729 538 3778; x_wconf 91' lang='lat' dir='ltr'>vide</span> <span class='ocrx_word' id='word_1_322' title='bbox 551 3730 633 3795; x_wconf 85' lang='lat' dir='ltr'>Heyn.</span> <span class='ocrx_word' id='word_1_323' title='bbox 650 3731 681 3780; x_wconf 90' lang='lat' dir='ltr'>ad</span> <span class='ocrx_word' id='word_1_324' title='bbox 732 3729 1036 3794; x_wconf 73' lang='lat' dir='ltr'>Philostratlcomptldtl.</span> <span class='ocrx_word' id='word_1_325' title='bbox 1059 3729 1091 3776; x_wconf 91' lang='lat' dir='ltr'>Et</span> <span class='ocrx_word' id='word_1_326' title='bbox 1098 3727 1131 3776; x_wconf 91' lang='lat' dir='ltr'>sic</span> <span class='ocrx_word' id='word_1_327' title='bbox 1140 3725 1227 3776; x_wconf 74' lang='lat' dir='ltr'>Diana</span> 
     </span>
    </p>
   </div>
   <div class='ocr_carea' id='block_1_11' title="bbox 180 3801 416 3866">
    <p class='ocr_par' dir='ltr' id='par_1_19' title="bbox 180 3801 416 3866">
     <span class='ocr_line' id='line_1_57' title="bbox 180 3801 416 3866; baseline -0.008 -15"><span class='ocrx_word' id='word_1_328' title='bbox 180 3803 249 3866; x_wconf 81' lang='lat' dir='ltr'>virg.</span> <span class='ocrx_word' id='word_1_329' title='bbox 256 3803 316 3850; x_wconf 76' lang='lat' dir='ltr'>AEn.</span> <span class='ocrx_word' id='word_1_330' title='bbox 329 3801 346 3850; x_wconf 81' lang='lat' dir='ltr'>r.</span> <span class='ocrx_word' id='word_1_331' title='bbox 357 3803 416 3850; x_wconf 75' lang='lat' dir='ltr'>ror.</span> 
     </span>
    </p>
   </div>
   <div class='ocr_carea' id='block_1_12' title="bbox 212 3876 681 3943">
    <p class='ocr_par' dir='ltr' id='par_1_20' title="bbox 212 3876 681 3943">
     <span class='ocr_line' id='line_1_58' title="bbox 212 3876 681 3943; baseline 0.004 -19"><span class='ocrx_word' id='word_1_332' title='bbox 212 3878 272 3925; x_wconf 87' lang='grc'><strong>493.</strong></span> <span class='ocrx_word' id='word_1_333' title='bbox 289 3876 380 3941; x_wconf 71' lang='lat' dir='ltr'>Forte]</span> <span class='ocrx_word' id='word_1_334' title='bbox 399 3878 500 3927; x_wconf 90' lang='lat' dir='ltr'>Veteres</span> <span class='ocrx_word' id='word_1_335' title='bbox 515 3877 560 3926; x_wconf 88' lang='lat' dir='ltr'>iter</span> <span class='ocrx_word' id='word_1_336' title='bbox 574 3893 681 3943; x_wconf 76' lang='lat' dir='ltr'>sepenu-</span> 
     </span>
    </p>
   </div>
   <div class='ocr_carea' id='block_1_13' title="bbox 731 3800 1228 3942">
    <p class='ocr_par' dir='ltr' id='par_1_21' title="bbox 731 3800 1228 3942">
     <span class='ocr_line' id='line_1_59' title="bbox 731 3800 1228 3869; baseline -0.01 -13"><span class='ocrx_word' id='word_1_337' title='bbox 731 3808 803 3857; x_wconf 84' lang='lat' dir='ltr'>etIam</span> <span class='ocrx_word' id='word_1_338' title='bbox 813 3805 902 3868; x_wconf 78' lang='lat' dir='ltr'>effigIes</span> <span class='ocrx_word' id='word_1_339' title='bbox 913 3818 1024 3869; x_wconf 81' lang='lat' dir='ltr'>expressa</span> <span class='ocrx_word' id='word_1_340' title='bbox 1031 3800 1133 3850; x_wconf 88' lang='lat' dir='ltr'>cernitur</span> <span class='ocrx_word' id='word_1_341' title='bbox 1142 3801 1166 3849; x_wconf 91' lang='lat' dir='ltr'>in</span> <span class='ocrx_word' id='word_1_342' title='bbox 1177 3817 1228 3851; x_wconf 91' lang='lat' dir='ltr'>mo-</span> 
     </span>
     <span class='ocr_line' id='line_1_60' title="bbox 731 3875 1228 3942; baseline -0.01 -13"><span class='ocrx_word' id='word_1_343' title='bbox 731 3878 863 3929; x_wconf 91' lang='lat' dir='ltr'>numentis:</span> <span class='ocrx_word' id='word_1_344' title='bbox 877 3877 930 3926; x_wconf 89' lang='lat' dir='ltr'>vide</span> <span class='ocrx_word' id='word_1_345' title='bbox 938 3875 1019 3942; x_wconf 80' lang='lat' dir='ltr'>Sponii</span> <span class='ocrx_word' id='word_1_346' title='bbox 1026 3875 1164 3942; x_wconf 87' lang='lat' dir='ltr'>Miscell.p.</span> <span class='ocrx_word' id='word_1_347' title='bbox 1171 3877 1228 3925; x_wconf 78' lang='lat' dir='ltr'>ala.</span> 
     </span>
    </p>
   </div>
   <div class='ocr_carea' id='block_1_14' title="bbox 180 3951 1229 4016">
    <p class='ocr_par' dir='ltr' id='par_1_22' title="bbox 180 3951 1229 4016">
     <span class='ocr_line' id='line_1_61' title="bbox 180 3951 1229 4016; baseline 0.001 -17"><span class='ocrx_word' id='word_1_348' title='bbox 180 3966 245 3999; x_wconf 87' lang='lat' dir='ltr'>mero</span> <span class='ocrx_word' id='word_1_349' title='bbox 256 3951 480 4011; x_wconf 78' lang='lat' dir='ltr'>faciehantnoctu3</span> <span class='ocrx_word' id='word_1_350' title='bbox 495 3967 525 4000; x_wconf 91' lang='lat' dir='ltr'>ne</span> <span class='ocrx_word' id='word_1_351' title='bbox 535 3951 607 4016; x_wconf 86' lang='lat' dir='ltr'>igitur</span> <span class='ocrx_word' id='word_1_352' title='bbox 618 3967 632 3999; x_wconf 86' lang='lat' dir='ltr'>a</span> <span class='ocrx_word' id='word_1_353' title='bbox 642 3951 682 4000; x_wconf 81' lang='lat' dir='ltr'>via</span> <span class='ocrx_word' id='word_1_354' title='bbox 764 3957 820 4004; x_wconf 83' lang='lat'>502.</span> <span class='ocrx_word' id='word_1_355' title='bbox 838 3953 863 4000; x_wconf 85' lang='lat' dir='ltr'>Si</span> <span class='ocrx_word' id='word_1_356' title='bbox 877 3970 922 4016; x_wconf 78' lang='lat' dir='ltr'>qao</span> <span class='ocrx_word' id='word_1_357' title='bbox 940 3951 1034 4015; x_wconf 75' lang='lat' dir='ltr'>lateat]</span> <span class='ocrx_word' id='word_1_358' title='bbox 1054 3951 1156 4009; x_wconf 90' lang='lat' dir='ltr'>Quintil.</span> <span class='ocrx_word' id='word_1_359' title='bbox 1168 3951 1229 4000; x_wconf 90' lang='lat' dir='ltr'>Inst.</span> 
     </span>
    </p>
   </div>
   <div class='ocr_carea' id='block_1_15' title="bbox 178 4024 681 4091">
    <p class='ocr_par' dir='ltr' id='par_1_23' title="bbox 178 4024 681 4091">
     <span class='ocr_line' id='line_1_62' title="bbox 178 4024 681 4091; baseline 0 -18"><span class='ocrx_word' id='word_1_360' title='bbox 178 4026 326 4082; x_wconf 83' lang='lat' dir='ltr'>aberrarent,</span> <span class='ocrx_word' id='word_1_361' title='bbox 337 4028 465 4074; x_wconf 88' lang='lat' dir='ltr'>utebantur</span> <span class='ocrx_word' id='word_1_362' title='bbox 475 4025 566 4075; x_wconf 78' lang='lat' dir='ltr'>lacibus</span> <span class='ocrx_word' id='word_1_363' title='bbox 577 4024 681 4091; x_wconf 86' lang='lat' dir='ltr'>peculia-</span> 
     </span>
    </p>
   </div>
   <div class='ocr_carea' id='block_1_16' title="bbox 732 4025 1228 4090">
    <p class='ocr_par' dir='ltr' id='par_1_24' title="bbox 732 4025 1228 4090">
     <span class='ocr_line' id='line_1_63' title="bbox 732 4025 1228 4090; baseline -0.01 -11"><span class='ocrx_word' id='word_1_364' title='bbox 732 4031 800 4079; x_wconf 87' lang='lat' dir='ltr'>Orat.</span> <span class='ocrx_word' id='word_1_365' title='bbox 812 4028 885 4090; x_wconf 84' lang='lat' dir='ltr'>VIII.</span> <span class='ocrx_word' id='word_1_366' title='bbox 894 4027 928 4075; x_wconf 91' lang='grc'><strong>111.</strong></span> <span class='ocrx_word' id='word_1_367' title='bbox 941 4028 987 4086; x_wconf 83' lang='grc'><strong>47;</strong></span> <span class='ocrx_word' id='word_1_368' title='bbox 1005 4026 1047 4074; x_wconf 84' lang='grc'>551</span> <span class='ocrx_word' id='word_1_369' title='bbox 1058 4033 1146 4083; x_wconf 90' lang='lat' dir='ltr'>monet,</span> <span class='ocrx_word' id='word_1_370' title='bbox 1155 4025 1228 4075; x_wconf 85' lang='lat' dir='ltr'>etiam</span> 
     </span>
    </p>
   </div>
   <div class='ocr_carea' id='block_1_17' title="bbox 179 4099 1229 4244">
    <p class='ocr_par' dir='ltr' id='par_1_25' title="bbox 179 4099 1229 4244">
     <span class='ocr_line' id='line_1_64' title="bbox 179 4099 1229 4166; baseline 0.001 -19"><span class='ocrx_word' id='word_1_371' title='bbox 179 4099 246 4148; x_wconf 82' lang='lat' dir='ltr'>ribus</span> <span class='ocrx_word' id='word_1_372' title='bbox 262 4115 277 4148; x_wconf 93' lang='lat' dir='ltr'>e</span> <span class='ocrx_word' id='word_1_373' title='bbox 293 4100 359 4165; x_wconf 87' lang='lat' dir='ltr'>ligno</span> <span class='ocrx_word' id='word_1_374' title='bbox 375 4117 472 4166; x_wconf 90' lang='lat' dir='ltr'>querno,</span> <span class='ocrx_word' id='word_1_375' title='bbox 486 4099 580 4166; x_wconf 77' lang='grc' dir='ltr'>γάβρια</span> <span class='ocrx_word' id='word_1_376' title='bbox 597 4102 682 4150; x_wconf 83' lang='lat' dir='ltr'>Graece</span> <span class='ocrx_word' id='word_1_377' title='bbox 732 4120 827 4154; x_wconf 84' lang='lat' dir='ltr'>sensum</span> <span class='ocrx_word' id='word_1_378' title='bbox 842 4105 931 4151; x_wconf 90' lang='lat' dir='ltr'>bonum</span> <span class='ocrx_word' id='word_1_379' title='bbox 944 4101 1063 4150; x_wconf 88' lang='lat' dir='ltr'>interdurn</span> <span class='ocrx_word' id='word_1_380' title='bbox 1079 4100 1180 4165; x_wconf 90' lang='lat' dir='ltr'>perverti</span> <span class='ocrx_word' id='word_1_381' title='bbox 1198 4099 1229 4148; x_wconf 85' lang='lat' dir='ltr'>ab</span> 
     </span>
     <span class='ocr_line' id='line_1_65' title="bbox 180 4173 1229 4244; baseline 0 -22"><span class='ocrx_word' id='word_1_382' title='bbox 180 4173 260 4231; x_wconf 86' lang='lat' dir='ltr'>dictis,</span> <span class='ocrx_word' id='word_1_383' title='bbox 279 4190 341 4238; x_wconf 80' lang='lat' dir='ltr'>quas</span> <span class='ocrx_word' id='word_1_384' title='bbox 359 4175 459 4225; x_wconf 81' lang='lat' dir='ltr'>viatores</span> <span class='ocrx_word' id='word_1_385' title='bbox 477 4175 515 4224; x_wconf 89' lang='lat' dir='ltr'>vel</span> <span class='ocrx_word' id='word_1_386' title='bbox 536 4176 682 4240; x_wconf 87' lang='lat' dir='ltr'>negligentes</span> <span class='ocrx_word' id='word_1_387' title='bbox 733 4177 831 4244; x_wconf 86' lang='lat' dir='ltr'>impuris</span> <span class='ocrx_word' id='word_1_388' title='bbox 843 4175 986 4234; x_wconf 84' lang='lat' dir='ltr'>hominibus,</span> <span class='ocrx_word' id='word_1_389' title='bbox 996 4174 1098 4242; x_wconf 87' lang='lat' dir='ltr'>exempli</span> <span class='ocrx_word' id='word_1_390' title='bbox 1110 4174 1162 4224; x_wconf 91' lang='lat' dir='ltr'>loco</span> <span class='ocrx_word' id='word_1_391' title='bbox 1174 4174 1229 4223; x_wconf 72' lang='lat' dir='ltr'>vhec</span> 
     </span>
    </p>
   </div>
   <div class='ocr_carea' id='block_1_18' title="bbox 0 0 1418 5010">
    <p class='ocr_par' dir='ltr' id='par_1_26' title="bbox 0 0 1418 5010">
     <span class='ocr_line' id='line_1_66' title="bbox 0 0 1418 5010; baseline 0 0"><span class='ocrx_word' id='word_1_392' title='bbox 0 0 1418 5010; x_wconf 95' lang='lat' dir='ltr'> </span> 
     </span>
    </p>
   </div>
  </div>
 </body>
</html>
