2812 5010
689 278 711 340 ii

176 450 411 527 candidissime,
437 459 592 534 quantum
619 447 666 513 illi
701 470 783 513 onus
811 449 1022 529 incumberet,
1052 452 1107 537 qui
1135 461 1222 517 totos

177 569 330 633 Ovidiani
358 568 496 654 aequoris
522 577 643 631 tractus
667 565 812 651 relegere
834 568 895 633 sibi
919 572 1143 654 proposuerit;
1167 570 1224 654 qui

176 698 305 772 poetam
329 688 468 753 omnium
485 708 567 769 quos
588 685 725 762 noveris,
743 707 851 749 rerum
873 687 1022 752 ubertate
1045 687 1225 772 copiosissi-

175 829 273 883 mum,
288 806 442 871 varietate
466 813 727 890 argumentorum
751 815 784 868 et
803 804 873 889 ipsa
894 807 1054 870 tractandi
1071 806 1224 871 felicitate

176 923 255 989 nulli
270 925 457 1001 secundum,
473 923 595 988 cunctis
609 923 677 988 fere
695 924 845 1008 priorem,
860 927 1126 991 commentatione
1142 948 1226 990 nova

175 1042 400 1107 illustrandum
419 1041 607 1125 susceperit.
653 1038 692 1102 In
708 1038 763 1103 illo
777 1042 910 1125 quippe,
925 1043 982 1125 qui
1000 1052 1126 1107 tantum
1142 1064 1225 1128 opus

177 1162 219 1225 ad
239 1162 361 1226 exitum
374 1158 511 1225 voluerit
528 1158 718 1243 perducere,
734 1159 863 1243 vigeant
881 1182 1014 1225 necesse
1030 1171 1080 1224 est
1098 1172 1131 1225 et
1150 1184 1226 1226 con·

177 1281 311 1364 spirent,
335 1301 401 1342 non
424 1276 521 1341 modo
547 1273 706 1359 quidquid
730 1273 895 1340 literarum
918 1278 1122 1362 antiquarum
1146 1302 1225 1344 usus

178 1397 338 1462 familiaris
363 1407 397 1460 et
421 1395 513 1479 quasi
538 1393 755 1477 quotidianus,
779 1395 904 1459 roboris
927 1408 960 1460 et
982 1399 1159 1462 ornamenti
1182 1399 1225 1462 ad

178 1515 391 1580 excolendum
405 1514 567 1598 ingenium
583 1511 729 1577 conferre
743 1514 904 1597 potuerit;
920 1515 1078 1608 quidquid
1093 1538 1134 1580 ex
1148 1516 1227 1580 assi-

179 1634 245 1699 dua
261 1635 295 1696 in
309 1634 427 1698 vicinas
446 1632 594 1716 regiones
617 1630 874 1716 peregrinatione
896 1633 1102 1717 importatum
1125 1635 1159 1698 in
1178 1636 1227 1699 rei

178 1763 296 1818 nostrae
310 1752 480 1816 utilitatem
494 1750 689 1829 effloruerit;
712 1752 770 1816 sed
789 1763 823 1816 et
836 1753 970 1817 accedat
985 1775 1115 1837 quoque
1129 1776 1226 1839 opor·

178 1881 238 1946 tet,
263 1869 405 1954 corporis
429 1867 592 1945 valetudo,
616 1890 690 1951 quae
713 1868 747 1932 in
771 1890 870 1954 opere
895 1879 962 1933 tam
984 1868 1082 1956 longo
1107 1872 1227 1956 ingenii

178 1988 262 2052 vires
276 2000 473 2073 torpescere,
483 1986 535 2051 vel
545 1986 721 2051 hebescere
735 2009 871 2051 acumen
881 2010 946 2052 non
957 1990 1108 2073 patiatur.
1140 1992 1226 2066 Quae

180 2108 207 2171 si
230 2106 296 2171 fato
316 2106 456 2191 quodam
473 2127 556 2182 meu,
575 2107 609 2169 in
627 2127 692 2170 uno
712 2106 889 2191 eodemque
904 2108 972 2172 viro
993 2111 1227 2189 convenissent,

179 2225 267 2288 hunc
285 2247 348 2308 ego
369 2234 591 2308 portentosum
610 2223 775 2307 quiddam,
799 2229 820 2260 “
836 2247 941 2289 raram
960 2227 1052 2305 avim,
1068 2229 1227 2313 nigroque

181 2366 282 2427 cycno
309 2341 527 2420 simillimam,”
547 2341 665 2406 Juven.
686 2352 745 2407 sat.
761 2343 803 2407 vi.
827 2343 898 2421 165,
919 2344 1027 2409 dicere
1048 2368 1113 2411 non
1135 2348 1228 2414 dubi·

181 2463 323 2528 taverim.

225 2579 465 2644 Providendum
488 2603 566 2666 ergo
590 2581 669 2646 mihi
694 2581 766 2659 fuit,
789 2592 838 2659 ut,
861 2595 1006 2648 cessante
1031 2586 1074 2648 ad
1099 2596 1226 2670 tempus

181 2696 305 2782 collega
319 2708 353 2762 et
367 2699 478 2776 anrico,
493 2722 589 2785 quem
603 2709 707 2764 totum
725 2701 803 2765 mihi
822 2703 964 2786 meisque
980 2704 1129 2768 devotum
1145 2707 1228 2788 jam-

181 2816 308 2898 pridem
327 2817 489 2901 experior,
506 2818 701 2902 memorique
722 2818 866 2903 gratulor
886 2821 1002 2899 animo,
1017 2820 1229 2889 alius‘succe-

183 2933 285 3011 deret,
306 2935 364 3019 qui
382 2958 447 2999 non
468 2937 571 3020 impar
592 2934 695 3001 labori
717 2937 862 3016 ferenda,
883 2938 1102 3003 conclamandi
1122 2940 1229 3007 locum

183 3063 371 3136 suppeteret
395 3052 588 3133 lectoribus;
615 3054 763 3119 “Primo
784 3053 906 3132 avulso,
928 3078 994 3120 non
1016 3056 1125 3122 deficit
1147 3058 1229 3124 alter

182 3169 313 3235 Aureus
322 3171 348 3234 1”
370 3171 464 3258 Virg.
480 3172 559 3237 AEn.
575 3172 616 3236 vi.
637 3172 707 3237 143.
753 3172 827 3238 Nec
842 3175 1000 3258 quaerenti
1014 3174 1070 3238 diu
1084 3175 1161 3239 mihi
1176 3201 1229 3243 oc·

183 3288 282 3352 currit
306 3290 418 3353 similis
440 3313 572 3375 prorsus
600 3293 719 3357 metalli
740 3295 800 3370 vir,
824 3292 873 3357 Cl.
899 3291 1230 3360 Gottlieb·Erdmann

184 3404 326 3482 Gruara,
341 3406 525 3473 Tremoniae
548 3411 710 3494 quondam
730 3410 900 3475 Professor
920 3408 1157 3488 celeberrimus,
1174 3414 1230 3478 de-

183 3522 258 3587 inde
281 3522 463 3589 scholarum
484 3526 666 3604 Rector,in
688 3527 853 3593 Montensi
875 3528 1026 3607 Ducatu;
1049 3531 1115 3614 qui,
1131 3553 1230 3616 quum

183 3660 267 3703 anno
300 3641 392 3718 1779,
420 3643 581 3727 specimen
602 3644 670 3729 jam
692 3645 846 3711 edidisset
870 3646 1101 3712 Ovidianarum
1124 3646 1232 3713 Meta·

182 3757 408 3841 morphoseon,
426 3761 589 3846 integrum
610 3784 693 3846 opus
713 3765 827 3841 emisit,
846 3785 930 3828 anno
950 3763 1101 3840 178187,
1120 3787 1162 3829 ex
1181 3789 1230 3830 re-

184 3876 334 3941 censione
354 3876 394 3941 P.
411 3878 598 3958 Burmanni,
614 3883 768 3948 varietate
782 3882 939 3959 lectionis,
960 3893 994 3946 et
1013 3882 1097 3946 notis
1115 3904 1231 3967 perpe-

183 3970 247 4056 tuis
265 3991 466 4059 illustratum.
513 3997 613 4071 Quod
634 3999 764 4084 quidem
786 4022 867 4084 opus
886 3998 1069 4085 perlegenti
1087 3999 1230 4076 cuilibet,

184 4121 217 4174 et
240 4112 307 4176 sine
331 4114 438 4178 studio
460 4117 666 4188 examinanti,
687 4139 751 4182 non
773 4118 942 4202 indignum
961 4118 1120 4196 videatur,
1141 4117 1230 4202 quod
