2812 5010
185 313 250 378 162
480 311 519 377 Ρ.
541 310 702 377 OVIDII
725 311 938 379 NASONIS

187 486 284 559 Tum
301 485 402 561 facta
419 496 478 559 est
496 485 628 584 Libye,
647 486 765 584 raptis
782 486 1000 561 humoribus
1018 498 1126 575 aestu,

186 601 323 690 Arida;
344 612 422 675 tum
443 599 631 698 Nymphae
650 602 771 700 passis
786 601 997 700 sontesque,
1016 604 1197 703 lacusque

189 718 384 792 Deflevere
401 716 539 790 cornis:
560 718 695 815 quaerit
712 718 861 792 Boeotia
878 719 1031 807 Dircen,

187 832 309 930 Argos
327 830 576 929 Amymonen,
597 831 751 932 Ephyre
770 833 966 908 Pirenidas
984 836 1119 910 undas.
1154 838 1219 906 240

189 948 224 1021 N
228 973 271 1022 ee
290 949 422 1022 sortita
439 948 521 1021 loco
539 948 722 1024 distantes
740 951 894 1025 flumina
910 952 1011 1051 ripas

186 1063 286 1139 Tuta
302 1074 471 1138 manent:
501 1063 635 1138 mediis
653 1065 790 1139 Tanais
808 1066 962 1140 fumavit
979 1067 1017 1140 in
1036 1067 1159 1152 undis,

187 1182 414 1278 Peneosque
432 1204 561 1269 saner,
582 1179 938 1281 Teuthranteusque
957 1182 1111 1270 Caicus

188 1297 239 1371 Et
256 1298 355 1372 celer
374 1296 557 1384 Ismenos
577 1322 664 1370 cum
681 1298 871 1374 Phocaico
890 1298 1136 1398 Erymantho,

186 1414 427 1510 Arsurusque
445 1414 581 1488 iterum
595 1414 784 1505 Xanthus,
799 1416 995 1514 flavusque
1007 1414 1219 1515 Lycormas,

220 1649 279 1697 237.
299 1649 391 1712 Libye]
408 1649 499 1698 Graecis
516 1648 581 1699 dicta
595 1657 631 1698 est
645 1649 680 1698 A·
763 1651 820 1699 243.
839 1647 983 1713 Peneosque]
1001 1648 1040 1698 De
1051 1648 1136 1703 Peneo,
1145 1647 1223 1697 videi.

82 1698 95 1723 ⁶
187 1721 681 1788 memrrrn.n.u.v.p10oem.1mme
731 1726 885 1783 semaam
901 1723 1094 1773 videaturne.
1120 1723 1224 1772 mra-

187 1804 243 1844 sunt
254 1804 329 1861 poetae
340 1796 429 1845 Latini.
456 1799 538 1845 Arida.
549 1796 572 1845 A
583 1796 682 1861 Synesio
732 1799 834 1854 thrasio,
846 1813 900 1862 quae
911 1813 982 1864 supra
990 1795 1111 1846 AEolidem
1122 1805 1166 1853 est,
1176 1797 1226 1845 Cei·

186 1870 262 1934 Epist.
283 1871 323 1918 67.
341 1870 417 1934 Libya
433 1867 539 1935 διψηράι
563 1869 619 1918 hinc
640 1870 681 1917 Li·
732 1889 771 1920 mn
794 1872 868 1921 amnis
889 1871 989 1937 profluit,
1010 1887 1149 1936 quanquam
1170 1871 1193 1921 b.
1208 1869 1226 1918 l.

188 1947 247 2008 hyre
268 1961 342 1993 arene
361 1943 422 1993 infra
439 1939 475 1992 iv.
494 1946 550 1993 512.
588 1943 683 1993 Servius
732 1947 810 2011 potius
830 1962 845 1994 a
870 1952 949 1993 monte
976 1945 1125 2002 Teuthrante,
1145 1944 1227 2010 quiei

78 2026 81 2032 '
187 2017 268 2067 scribit
289 2018 388 2082 Libyam
415 2017 486 2066 luisse
511 2017 598 2066 dictam
619 2017 682 2081 quod
733 2019 865 2085 adjacebat,
875 2018 1047 2068 Teuthranteus
1057 2018 1159 2068 dicitur:
1176 2018 1226 2068 vide

187 2094 267 2143 λεϊπει
277 2091 291 2141 ὁ
301 2095 378 2150 berec,
389 2091 469 2140 deficit
480 2091 570 2156 pluvia.
732 2093 842 2142 Holsten.
858 2092 889 2142 ad
907 2092 1020 2157 Stephau.
1038 2093 1114 2141 Urbb.
1131 2093 1157 2141 in
1172 2098 1227 2142 Teu·

219 2169 277 2217 239.
289 2167 485 2221 9010111Βο0110.
509 2166 547 2215 Cf.
556 2165 606 2214 xiii.
620 2167 683 2227 689,
734 2167 834 2233 θρανία.

186 2258 284 2305 quaerere
302 2241 424 2304 eleganter
444 2240 554 2305 exprimit
567 2241 683 2305 cupidita·
765 2243 822 2289 244.
839 2240 939 2288 Ismenos
949 2239 1106 2290 anteTbebas
1116 2256 1158 2304 per
1166 2255 1227 2290 cam·

187 2323 236 2364 tem
255 2314 289 2363 rei
307 2313 399 2362 amissae
417 2313 593 2378 recuperande.
630 2315 682 2362 Hoc
734 2331 791 2380 pum
805 2315 903 2364 fluebat.
926 2314 990 2362 Hinc
1005 2313 1094 2362 Thebe
1111 2312 1229 2380 Ἰσμηνοῦ

186 2405 234 2438 non
254 2388 429 2443 intellexemnt,
448 2387 533 2452 quibus
560 2388 583 2435 h.
600 2388 617 2435 1.
634 2404 684 2436 me·
735 2390 820 2448 πόλιςι
847 2388 895 2437 vid.
917 2389 999 2441 Senec.
1017 2388 1091 2437 Herc.
1109 2389 1159 2437 OEt.
1175 2391 1228 2437 140.

187 2461 233 2511 lius
251 2461 342 2527 placuit
358 2463 470 2524 querum.
498 2460 583 2524 Virgil.
597 2463 655 2510 AEn.
665 2461 683 2509 i.
736 2464 901 2526 Erymanthus,
910 2461 1020 2510 Arcadia
1030 2461 1116 2510 fluvius
1126 2479 1141 2512 e
1151 2469 1229 2512 monte

187 2539 244 2587 217.
263 2537 346 2585 eodem
367 2551 445 2593 sensu,
468 2540 534 2584 motos
554 2539 683 2598 reperirent.

188 2613 268 2667 Dirce,
289 2612 341 2659 fons
360 2611 470 2666 Boeotiae,
489 2626 560 2675 prope
581 2610 684 2668 Thebas,

187 2685 354 2741 nobilissimus,
365 2700 380 2732 a
395 2684 477 2741 Dirce,
489 2700 561 2734 uxore
578 2685 646 2748 Lyci,
659 2684 683 2732 in

188 2774 374 2808 eumeonversa.

219 2832 276 2880 240.
293 2833 423 2894 Amymone,
441 2830 493 2878 lons
512 2829 591 2894 Argiae
610 2845 683 2894 prope

187 2907 299 2953 Lernam.
317 2905 400 2952 Strabo
408 2903 492 2968 viiip.
502 2906 557 2952 371.
591 2904 684 2952 Nomen

185 2977 208 3027 ei
223 2977 291 3026 dedit
304 2977 435 3042 Amymone
452 2977 573 3042 Nympha.
596 2977 683 3042 Hygia.

188 3052 237 3100 fab.
248 3053 292 3101 169
302 3070 308 3111 ;
320 3053 426 3116 Propert.
435 3051 460 3099 ii.
471 3054 510 3100 20.
540 3053 631 3115 Ephyre
642 3068 683 3101 en-

188 3125 324 3190 tiquissimis
333 3125 475 3190 temporibus
483 3125 549 3173 dicta
557 3135 593 3174 est
600 3126 683 3174 Corin·

188 3200 251 3255 thus,
267 3198 292 3247 in
306 3199 374 3263 cujus
391 3215 482 3247 summa
498 3216 551 3248 arce
568 3200 685 3263 (Acroco-·

187 3272 278 3337 rintho)
291 3273 336 3322 luit
347 3274 439 3330 Pirene,
450 3273 501 3322 lons
517 3272 594 3322 Musis
606 3291 681 3333 sacer,

189 3349 257 3414 aquis
283 3346 452 3413 limpidissimis
478 3355 504 3396 et
530 3349 683 3399 suavissimis.

187 3423 271 3473 Strabo
280 3421 329 3469 viii.
345 3437 368 3486 p.
377 3423 433 3470 521.
449 3421 512 3470 Ρ110.
527 3422 559 3470 H.
569 3423 602 3471 N.
615 3423 648 3472 iv.
660 3425 684 3473 4.
720 3465 722 3468 ⁴

124 3499 127 3506 '
190 3499 274 3546 Pir-erre
290 3495 341 3543 lons
355 3493 390 3543 sic
405 3494 508 3544 dictusa
523 3495 616 3559 Pyrene
631 3512 683 3545 mu·

186 3573 254 3627 liere,
278 3585 340 3634 quer,
361 3576 460 3616 mortem
481 3567 523 3616 filii
547 3568 638 3633 lugens,
658 3568 684 3618 in

188 3662 243 3696 eum
254 3644 341 3692 sontem
354 3642 399 3690 luit
408 3658 528 3691 conversa.

734 2537 866 2601 cognomini
875 2537 900 2585 in
907 2535 1029 2600 Alpheum
1036 2535 1150 2585 defluens.
1167 2535 1229 2585 Pliu.

735 2612 767 2660 H.
777 2612 811 2660 N.
820 2612 853 2659 iv.
863 2613 887 2660 6.
903 2609 998 2659 Callim.
1009 2608 1032 2656 b.
1043 2611 1098 2659 Jov.
1111 2612 1149 2659 le.
1182 2611 1228 2660 Sed

736 2688 830 2734 Phocldr'
845 2701 914 2734 nemo
928 2699 1034 2749 unquam
1047 2683 1147 2734 flurium
1161 2685 1231 2752 hujus

734 2759 834 2808 nominis
842 2759 933 2807 tribuit.
966 2758 1051 2822 Itaque
1064 2774 1106 2822 pro
1120 2759 1231 2808 emtam

733 2834 860 2898 legendum
872 2831 935 2881 haud
950 2830 1021 2880 dubie
1031 2840 1067 2879 est
1076 2832 1116 2880 vel
1130 2832 1230 2895 Psopho-

734 2911 776 2963 100,
792 2916 819 2955 ut
834 2905 903 2954 multi
918 2904 1028 2961 suadent,
1044 2905 1083 2952 vel
1101 2920 1157 2954 cum
1174 2906 1231 2955 Pul·

734 2998 798 3030 mero
813 2981 844 3029 ad
853 2982 957 3030 Pausan.
973 2978 1061 3027 Arcad.
1073 2995 1098 3042 p.
1107 2981 1165 3028 419.
1176 2980 1230 3029 Pso-

733 3058 801 3115 phaeo.
824 3056 916 3116 Psophis
940 3053 1004 3101 enim
1029 3053 1085 3100 urbs
1112 3053 1232 3112 Arcadia,

734 3144 805 3194 quam
816 3126 988 3193 praeterlabitur
998 3125 1166 3189 Erymanthus.
1212 3126 1221 3141 '

766 3203 823 3250 245.
841 3199 969 3262 Xanthus]
997 3197 1229 3265 Fluviusijanus‚

734 3275 798 3324 idem
814 3273 958 3322 Scamander
976 3272 1068 3320 dictus:
1091 3275 1176 3321 iterum
1193 3292 1232 3322 ar·

734 3366 808 3405 surus,
816 3358 919 3413 tempore
928 3347 1037 3413 Trojano,
1047 3345 1096 3410 ubi,
1108 3362 1182 3411 quum
1194 3357 1232 3397 tu·

733 3422 803 3470 midis
821 3422 932 3470 fluctibus
948 3421 973 3468 in
989 3418 1110 3469 Achillem
1125 3419 1234 3478 irrueret,

717 3547 719 3552 ,
735 3497 859 3546 Vulcanus
866 3503 957 3543 tantam
968 3494 989 3542 ei
999 3492 1097 3542 immisit
1106 3492 1168 3556 ignis
1176 3493 1232 3552 vim,

735 3579 761 3618 ut
781 3570 880 3626 arderet,
899 3568 969 3615 Hom.
988 3567 1021 3614 ll.
1041 3571 1072 3623 Φ,
1090 3568 1232 3616 ala-um.

734 3644 772 3693 Sic
783 3645 861 3710 glossa
871 3641 942 3690 nostri
953 3641 1014 3691 Cod.
1025 3640 1058 3688 R.
1067 3641 1089 3688 Β
1098 3659 1105 3688 :
1124 3641 1236 3690 Xanthus

219 3720 276 3767 241.
293 3717 495 3780 Sortito-ripas]
521 3716 632 3765 Flumina
650 3717 685 3765 la·
727 3718 1064 3782 steuiur,quiposteriusetium
1074 3716 1169 3762 ardebat
1180 3724 1236 3762 tem·

187 3793 291 3841 tissima:
319 3796 407 3848 sortito,
433 3806 486 3855 qnae
511 3790 579 3838 nobis
601 3799 685 3839 natura

187 3865 344 3928 contigerunt.

220 3939 277 3986 242.
289 3935 458 3993 Tanais,hodie
466 3936 619 3994 Domlluvius
627 3938 685 4002 Scy·

188 4010 244 4059 tbiae
258 4018 383 4067 tortuosus,
394 4011 513 4076 Europam
528 4009 641 4059 dirimens
655 4012 686 4060 ab

733 3809 787 3854 pore
802 3791 881 3852 TroJ'c.
915 3790 1045 3852 Lycormas,
1056 3786 1153 3853 rapidus
1164 3790 1234 3836 AEto-

735 3865 774 3913 lia
789 3863 884 3919 fluvius,
901 3874 984 3928 postea
999 3862 1091 3910 Euenus
1106 3861 1186 3909 dictus
1200 3861 1235 3908 ix.

737 3939 791 3985 104.
832 3937 936 3985 Vocatur
949 3937 1037 4000 flavus,
1057 3933 1131 3983 etiarn
1151 3935 1236 3982 Senec.

736 4012 808 4059 Herc.
820 4011 870 4058 OEt.
881 4011 938 4058 591.
948 4010 978 4057 ob
990 4024 1085 4058 arenam
1098 4009 1195 4063 flavam,
1210 4014 1237 4055 ut

188 4083 255 4141 Asia,
273 4091 345 4148 atque
363 4101 389 4133 se
410 4101 541 4134 exonerans
560 4085 586 4133 in
606 4086 686 4135 lacum
728 4086 808 4149 flavus
828 4085 915 4134 Tiberis
933 4083 1000 4148 Virg.
1015 4082 1113 4132 AEneid.
1131 4080 1172 4132 vii.
1189 4083 1237 4140 ³¹5

187 4157 335 4209 Maeotidem.
352 4157 416 4206 Plin.
429 4159 461 4207 H.
470 4159 503 4209 N.
512 4159 544 4208 iv.
555 4161 594 4207 12.

736 4177 816 4223 eonem
842 4161 932 4224 flauum
959 4158 1019 4207 dixit
1047 4159 1153 4207 Pacem:
1187 4154 1238 4203 vid.
