2812 5010
365 293 835 403 unrauonruomou
860 339 950 403 ure.
974 339 1035 403 ιν.

1159 341 1225 406 303

181 509 200 582 J
204 510 377 606 ugeribus
396 511 582 586 distentus
601 523 701 586 erat:
731 511 813 599 tibi,
833 512 1002 600 Tantam,
1024 515 1133 592 nullae

179 625 470 725 Deprenduntur
504 652 633 725 aquae3
676 652 838 725 quaeque
873 629 1054 713 imminet,
1091 629 1223 726 effugit

326 743 459 818 arbor:

177 856 252 930 Aut
269 858 382 956 petie,
401 869 469 932 aut
485 882 596 956 urges
615 858 810 945 ruiturum,
828 859 1009 957 Sisyphe,
1029 885 1184 936 saxum:

175 973 345 1047 Volvitur
363 973 484 1060 Ixion,
504 986 601 1048 etse
620 974 865 1073 sequiturque
883 974 1076 1072 fugitque:
1148 981 1223 1051 460

176 1088 382 1186 Molirique
401 1090 479 1163 suis
497 1091 615 1163 letum
634 1091 865 1188 patruelibus
886 1116 998 1178 ausae,

176 1205 340 1281 Assidue
357 1217 546 1305 repetunt,
566 1232 661 1306 quas
679 1208 851 1306 perdant,
873 1207 1025 1282 Belides
1044 1209 1176 1282 undas.

178 1322 284 1406 Quos
302 1349 434 1397 omnes
452 1325 532 1398 acie
551 1336 754 1423 postquam
774 1325 950 1400 Saturnia
966 1335 1070 1399 torva

177 1438 296 1526 Vidit,
315 1450 354 1513 et
368 1449 457 1517 aute
475 1465 605 1515 omnes
625 1439 779 1531 Ixiona3
810 1466 937 1515 rursus
957 1441 1086 1515 abillo
1151 1444 1224 1514 464

178 1555 370 1654 Sisyphon
388 1556 593 1655 aspiciens;
614 1567 636 1596 ‘⁴
654 1559 733 1632 Cur
746 1559 807 1633 hie
824 1584 847 1633 e
865 1557 1079 1646 fratribus,'’
1091 1557 1225 1654 inquit,

180 1680 203 1710 ‘⁴
218 1672 429 1771 Perpetuas
444 1674 585 1772 patitur
598 1678 755 1774 poenasl
774 1674 1005 1751 Athamanta
1022 1676 1227 1774 superbum

180 1789 301 1886 Regia
318 1790 422 1864 dives
439 1791 567 1879 habet,
587 1792 652 1889 qui
671 1817 732 1866 me
750 1817 836 1866 cum
854 1794 1015 1890 conjuge
1033 1815 1183 1889 semper

181 1905 379 2003 Sprevitl’'
403 1918 444 1982 et
460 1909 618 2007 exponit
637 1932 771 1983 causas
789 1909 943 2007 odiique
961 1908 1129 2005 viaeque;

180 2020 357 2120 Quidque
375 2026 486 2098 velit:
515 2025 618 2123 quod
634 2026 760 2112 vellet,
780 2036 872 2113 erat,
888 2049 935 2098 ne
952 2025 1057 2121 regia
1075 2022 1211 2097 Cadmi

178 2184 677 2252 hominissuperstitiosi,'l'ityoslibidinosi;
727 2196 804 2252 urget.
842 2186 980 2240 Ruituram,
1008 2185 1139 2248 eleganter,
1163 2183 1227 2248 quod

178 2259 291 2325 Sisyphus
301 2259 676 2325 hominemdesignet,quiimpe·
728 2261 770 2309 ubi
788 2259 873 2307 montis
890 2274 1005 2307 cacumen
1023 2259 1135 2323 attigit,e
1150 2258 1227 2306 mani-

179 2332 213 2383 rie
223 2334 309 2383 trustra
324 2334 429 2395 ambiat;
445 2350 488 2400 per
498 2336 580 2384 Furias
596 2343 677 2383 eutem
727 2336 772 2383 bus
787 2335 894 2399 elapsum
911 2334 936 2382 in
954 2334 1041 2384 vellem
1055 2332 1177 2398 redigitur,
1188 2332 1230 2380 de·

178 2407 354 2475 intelligendam
363 2425 415 2458 esse
422 2409 547 2474 impiorum
556 2409 676 2458 eonscien-
726 2425 774 2457 nuo
781 2408 933 2457 volvendum.
967 2409 1083 2471 Sisyphus,
1094 2423 1134 2455 rex
1145 2406 1228 2456 Coriu-

178 2483 243 2534 tiam.
279 2484 365 2547 Tityos,
382 2483 459 2532 Terrae
478 2484 550 2540 iilius,
569 2484 610 2548 qui
628 2484 675 2532 vim
726 2482 769 2538 thi,
782 2482 869 2530 astutia
880 2489 904 2529 et
912 2480 1041 2530 latrociniis
1050 2480 1157 2544 insignis.

179 2556 289 2610 intulerat
298 2558 405 2614 Latona,
416 2557 483 2607 Jovis
493 2556 582 2622 pellici,
593 2558 617 2605 in
628 2566 675 2606 ter-

178 2639 228 2679 tere
243 2631 354 2680 detrusus
367 2634 460 2688 cimmo,
468 2632 543 2697 jecur,
557 2633 675 2689 lanianda,

178 2705 321 2763 devoranda,
337 2709 448 2768 prebebat
465 2706 558 2755 duobus
575 2706 675 2755 vulturi-

178 2779 228 2828 bus.
254 2781 271 2830 J
274 2781 359 2828 aeebet
370 2787 450 2829 eutem
462 2779 527 2828 humi
539 2789 677 2844 prostratus,

177 2864 319 2918 vastumque
334 2854 387 2919 ejus
405 2870 490 2920 corpus
509 2870 592 2903 novem
607 2855 677 2920 juge·

177 2943 226 2976 rum
236 2926 341 2992 spatium
352 2927 474 2992 implebat.

209 3004 267 3052 457.
302 3004 418 3058 Dirteudi,
445 3004 544 3051 verbum
567 3003 677 3067 elegans,

176 3078 240 3142 quod
255 3077 287 3126 de
297 3078 368 3142 longo
379 3093 487 3142 agrorum
498 3085 575 3126 tractu
586 3078 678 3143 proprie

759 2559 815 2606 460.
832 2557 959 2612 lammeri
975 2555 1115 2605 Thessalia.
1148 2556 1177 2604 Se
1194 2571 1227 2602 ee·

726 2634 806 2694 paitru·
816 2632 930 2697 fugitque
946 2638 1030 2693 argute
1047 2630 1078 2679 de
1095 2645 1132 2686 eo,
1144 2628 1186 2694 qui
1198 2630 1229 2678 ed

727 2715 801 2753 rotam
819 2706 931 2769 alligatus
945 2703 1039 2753 assidue
1050 2703 1160 2752 volvitur.
1192 2703 1229 2751 Si·

727 2778 806 2828 milter
828 2779 863 2827 ib.
889 2781 943 2828 175.
967 2787 1050 2843 argute
1076 2779 1107 2826 de
1128 2777 1229 2845 Sisypho

725 2870 806 2902 eurum
818 2855 950 2918 volvensque
959 2863 1087 2917 petensque.
1231 2907 1235 2919 1

761 2928 817 2975 462.
844 2928 953 2988 Repetere
970 2942 1032 2976 nunc
1045 2934 1093 2984 est,
1110 2941 1172 2992 sepe
1188 2942 1230 2992 pe·

725 3011 786 3058 tere,
799 3001 863 3065 quod
882 3001 963 3050 docuit
981 3001 1126 3051 Gronaued
1144 3002 1230 3049 Seuec.

726 3075 784 3124 OEd.
792 3077 834 3123 61.
846 3084 871 3123 et
882 3076 912 3123 ed
923 3076 998 3125 Here.
1009 3076 1065 3124 Fur.
1076 3076 1132 3123 770.
1166 3075 1230 3123 Beli-

177 3158 324 3215 ueurpetem,
335 3151 374 3200 hic
389 3152 420 3199 ad
431 3151 611 3216 amplitudinem
626 3167 678 3200 cor-
728 3154 775 3207 des,
789 3150 964 3215 quinquaginta
980 3149 1034 3198 filiae
1046 3149 1136 3206 Danai,
1148 3158 1231 3215 neptes

175 3225 239 3289 poris
264 3225 434 3274 declarandam
461 3226 602 3274 translatum
635 3234 679 3275 est.
728 3225 790 3273 Beli.
823 3223 1230 3289 DanaihaterluitAEgyptus,qui

177 3300 266 3365 virgil.
284 3307 310 3349 et
326 3300 406 3350 Tibul.
426 3300 451 3348 in
469 3299 515 3349 hac
532 3317 566 3358 re,
578 3304 678 3366 rporrigi.
727 3299 826 3348 totidem
838 3299 998 3356 habuitfilios,
1011 3314 1069 3363 quos
1080 3298 1228 3347 matrimonio

175 3373 263 3438 lleyne
278 3373 304 3422 iu
317 3374 379 3423 libro
396 3377 475 3438 Antip.
486 3374 555 3439 Aufr.
571 3374 587 3422 i.
603 3391 627 3439 p.
639 3376 679 3423 56.
730 3374 775 3423 eibi
784 3375 881 3438 junctos
890 3373 1041 3423 ,trucidhrunt
1052 3372 1158 3420 Belides.

174 3448 357 3512 monet,Tityon
368 3448 440 3498 luisse
452 3449 530 3504 heroe,
542 3450 611 3514 cujus
621 3451 677 3498 bus·
761 3450 819 3496 464.
846 3450 907 3519 riute
927 3465 999 3496 omues
1020 3448 1109 3502 Inous,
1129 3461 1184 3493 nam
1211 3443 1231 3490 is

175 3532 226 3571 eum
243 3520 412 3585 magnofuerit
425 3521 524 3579 ambitu,
535 3530 560 3571 et
571 3523 602 3570 ad
614 3525 678 3587 quod
728 3521 823 3573 Junoni
834 3521 882 3570 vim
893 3521 978 3570 inferre
988 3522 1093 3569 voluerat
1104 3538 1110 3578 ;
1122 3519 1166 3567 illa
1176 3534 1231 3566 vero

176 3596 282 3644 vultures
292 3596 380 3644 versati
390 3597 444 3646 sint.
480 3596 601 3651 Tantalus,
611 3599 627 3646 J
629 3597 679 3646 ovis
729 3598 818 3645 nubem
829 3596 852 3644 ei
862 3595 959 3660 objecit,
970 3610 1071 3659 quacum
1083 3593 1151 3640 coiit·
1169 3591 1232 3640 Hinc

177 3669 676 3735 finus,sivequiaJovisarcanavulgave·
729 3670 845 3733 intellige,
863 3670 895 3718 ix.
910 3671 964 3719 123.
1000 3669 1021 3716 E
1030 3668 1159 3732 fratribus,
1176 3673 1230 3714 uam
1309 3715 1312 3733 Ι

178 3751 221 3800 ret,
228 3742 280 3791 sive
289 3742 347 3807 quie
354 3744 408 3793 Diis
416 3745 480 3809 apud
491 3760 516 3792 se
526 3744 678 3793 coenantibus
731 3746 849 3793 Athamas
865 3744 937 3792 frater
951 3742 1045 3807 Sisyphi
1056 3750 1115 3789 erat.
1149 3742 1232 3802 Super·-

178 3819 293 3883 Pelopem
313 3818 389 3867 filium
409 3828 504 3868 coetum
526 3826 675 3884 apposuerat,
728 3819 940 3874 bum‚insolentem
953 3818 978 3865 in
989 3818 1051 3880 ipsos
1060 3816 1133 3864 Deos.
1153 3816 1231 3885 hegio

177 3890 204 3940 in
222 3890 395 3950 internorum,
412 3910 466 3958 quas
485 3894 524 3941 hie
545 3891 677 3959 attingitur,
728 3910 782 3940 eum
799 3895 873 3949 haber,
893 3892 985 3940 habitat
1003 3891 1028 3937 in
1045 3890 1119 3952 regia.
1154 3888 1232 3948 Dives,

180 3981 275 4031 poenam
285 3965 338 4016 luit.
728 3967 862 4031 magnifica,
881 3965 975 4030 egregie
997 3965 1120 4011 instructa.
1160 3963 1230 4010 Com·

178 4034 180 4038 ¹
209 4042 267 4091 469.
300 4042 381 4107 Urges,
402 4059 444 4107 pro
464 4042 541 4090 -volvis
567 4058 677 4106 magnam
729 4040 799 4088 mode
811 4040 1023 4102 autemeSisypho
1032 4038 1148 4086 transitus
1163 4037 1190 4084 lit
1202 4035 1232 4083 ad

180 4112 268 4166 indicet
279 4115 336 4172 vim,
348 4133 397 4182 qua
413 4117 496 4165 nititur
512 4127 596 4165 contre
612 4134 679 4165 onus.
729 4115 836 4164 intineris
847 4114 980 4164 eonsilium.

181 4188 251 4248 lutra,
261 4191 313 4239 xiii.
327 4193 368 4240 26.
383 4209 461 4241 ruerem
479 4209 549 4256 grave
570 4192 679 4254 Sisyphon
764 4191 819 4238 469.
839 4191 875 4237 Ne
889 4191 954 4254 regie
967 4189 1047 4237 Cadmi
1058 4186 1150 4242 domus,
1160 4202 1175 4233 e
1185 4201 1233 4248 qua
