2812 5010
283 326 754 394 METAMORPHOSEON
778 325 870 391 LIB.
893 324 924 389 Ι.

1060 327 1124 392 115

74 495 261 578 Horridus
271 493 459 577 observo:
488 490 625 590 nescia,
645 502 855 588 temeraria,
875 500 998 575 nescis
1051 505 1123 576 514

74 620 199 705 Quem
213 608 357 716 fugias3
379 619 540 716 ideoque
554 617 671 714 fugis:
694 617 785 690 mihi
797 617 985 716 Delphica
997 617 1123 704 tellus,

76 735 127 810 Et
146 736 294 823 Claros
314 745 354 810 et
371 735 557 822 Tenedos,
578 734 827 833 Pataraeaque
846 733 950 831 regia
967 733 1092 807 servit.

13 850 15 858 '
76 851 229 953 Jupiter
243 862 302 928 est
319 853 487 949 genitor:
508 878 575 951 per
593 876 666 940 me,
680 852 782 950 quod
801 851 949 948 eritque
966 848 1124 946 fuitque,

77 969 239 1068 Estque,
251 980 378 1068 patet:
400 993 468 1068 per
481 994 542 1043 me
561 969 792 1043 concordant
805 967 972 1041 carmina
988 967 1124 1039 nervis.

80 1086 198 1160 Certa
207 1086 364 1184 quidem
380 1097 510 1161 nostra
522 1098 603 1161 est:
624 1096 752 1160 nostra
761 1096 888 1159 tamen
902 1108 979 1157 una
989 1084 1128 1189 sagitta

81 1202 242 1291 Certior,
261 1203 300 1276 in
317 1188 434 1278 vacuo
453 1216 538 1302 quae
555 1190 710 1278 vulnera
728 1214 880 1302 pectore
897 1201 998 1276 fecit.
1053 1206 1127 1275 520

81 1317 282 1393 Inventum
301 1319 489 1395 medicina
506 1345 632 1395 meum
650 1329 728 1409 est;
758 1317 966 1417 Opiferque
984 1340 1051 1415 per
1069 1341 1126 1390 or-

232 1436 321 1509 bem

111 1573 171 1623 514.
188 1574 327 1639 Horridus]
348 1575 458 1626 Pastores
474 1578 579 1627 introdu-

83 1655 167 1698 cuntur
182 1650 272 1698 lapidi
288 1658 313 1699 et
328 1652 435 1714 squalidi,
445 1652 579 1716 αὖχμηροῖ,

84 1720 248 1788 αὖχμῆεντες,
256 1732 283 1772 ut
293 1725 346 1774 Pan
356 1740 395 1791 ap.
404 1726 476 1775 Hom.
486 1726 511 1776 h.
522 1729 583 1776 Pan.

84 1798 115 1855 6;
131 1812 212 1862 neque
226 1797 252 1847 id
267 1799 327 1848 alias
342 1799 367 1847 iu
378 1799 461 1849 vitium
477 1801 582 1858 vertitur,

84 1871 125 1920 sed
143 1888 203 1937 opp.
220 1881 343 1937 unguento
363 1872 454 1923 nitidis.
486 1871 598 1924 Sordida'

84 1962 142 1993 utro
156 1944 219 1994 dixit
229 1945 297 2012 virg.
310 1945 363 1996 Ecl.
377 1946 403 1997 ii.
414 1950 454 1997 28.
481 1949 584 2008 Observa,

86 2020 202 2072 custodio.
509 2063 513 2070 .

116 2096 176 2145 515.
195 2095 309 2158 Delphica
326 2096 416 2160 tellus]
436 2095 506 2146 Unde
525 2099 583 2146 Ora·

86 2170 140 2216 eata
152 2169 266 2230 Delphica
273 2168 339 2218 dicta
349 2176 411 2219 sunt.
428 2169 520 2235 Delphi
529 2172 585 2220 urbs

86 2241 200 2290 Phocidis
219 2241 245 2291 in
263 2242 359 2291 Achaia
381 2242 413 2292 ad
433 2242 585 2303 Parnassum,

87 2314 184 2364 oraculo
195 2315 315 2382 Apollinis
324 2316 399 2366 clara.

118 2390 176 2439 516.
189 2391 277 2448 Claros,
289 2391 348 2455 ete]
366 2389 489 2456 Oppidum
501 2389 585 2449 Ioniae,

84 2463 154 2526 juxta
170 2463 342 2527 Colophonem,
360 2463 480 2529 Apollinis
498 2464 587 2530 templo

88 2544 111 2585 et
121 2537 219 2586 oraculo
230 2538 420 2587 nobilissimum:
433 2539 483 2589 vid.
495 2540 586 2597 Strabo,

88 2611 136 2660 riv.
147 2628 172 2676 p.
183 2611 232 2661 442
242 2631 250 2673 ;
263 2613 413 2663 Pansamrii.
420 2631 445 2679 p.
453 2614 509 2662 405.
527 2614 587 2663 Inde

88 2684 178 2750 Apollo
192 2687 293 2743 Clarias,
305 2687 373 2752 cujus
383 2687 472 2751 effigies
482 2686 508 2735 in
518 2704 586 2736 num·

88 2759 133 2807 mis
152 2760 295 2826 conspicitur
311 2760 374 2826 apud
391 2759 503 2810 Patinum
518 2777 586 2810 num·

89 2831 168 2882 mism.
188 2834 251 2900 Imp.
261 2852 287 2899 p.
298 2835 355 2883 400.
392 2834 496 2891 Tenedos,
510 2834 588 2884 insula

88 2906 162 2955 maris
173 2906 261 2971 AEgaei,
272 2924 328 2969 agro
337 2908 439 2973 Trojano
449 2908 536 2965 vicina,
547 2908 588 2958 ubi

89 2981 207 3046 templum
223 2982 343 3048 Apollinis
364 2982 480 3031 Sminthei
500 2982 589 3032 ditissi-

89 3070 171 3104 mum:
190 3056 281 3113 Strabo,
293 3057 335 3106 vii.
364 3055 402 3106 Cl.
413 3057 481 3122 Virg.
492 3059 551 3106 AEn.
563 3056 589 3105 ii.

88 3131 131 3177 21.
150 3130 589 3197 Patara,urbsLyciae,inquaApollo

90 3203 196 3253 hiemem
206 3205 361 3271 transigebat,
368 3213 392 3255 et
400 3221 442 3271 per
448 3222 489 3254 sex
497 3220 589 3254 menses

89 3277 202 3327 hibernos
216 3294 329 3344 responsa
342 3279 431 3328 dabat:
449 3279 563 3328 Herodot.
572 3279 589 3328 i.

93 3352 141 3400 182
150 3368 160 3411 ;
186 3352 252 3400 Serv.
272 3352 303 3400 ad
321 3352 390 3416 Virg.
408 3354 465 3401 AEn.
482 3352 515 3401 iv.
534 3353 589 3400 143.

91 3424 157 3472 Hinc
165 3424 255 3490 Apollo
264 3426 387 3482 Patareus,
395 3427 479 3475 Horat.
485 3426 535 3474 III.
541 3425 590 3474 Od.

89 3497 123 3547 iv.
136 3499 177 3548 64.
211 3499 293 3557 Seruit,
311 3500 368 3548 colit
386 3498 458 3548 saeris
475 3498 590 3550 faciendis

89 3580 115 3621 et
125 3572 229 3622 oraculis
239 3572 397 3623 consulendis.

124 3648 183 3696 517.
200 3648 247 3695 Per
261 3665 296 3696 ms
310 3651 369 3711 quod
383 3648 492 3711 eritque]
511 3647 592 3705 Artes,

91 3735 195 3783 quarum
206 3720 290 3786 ἔφορος
298 3729 357 3778 erat,
363 3729 390 3770 ut
399 3720 504 3785 loquitur
512 3721 592 3769 Schol.

91 3793 159 3843 ined.
173 3795 270 3843 Homer.
287 3796 351 3861 apud
365 3796 470 3844 Vallen.
485 3796 515 3844 de
532 3795 593 3845 Cod.

92 3870 168 3917 Hom.
191 3886 215 3935 p.
231 3870 272 3919 94.
293 3872 386 3930 τοξικὴ,
408 3869 514 3935 ἰατρικὴ,
533 3887 592 3934 μου·

92 3945 158 4003 amri,
173 3944 296 4009 μαντικήι
310 3944 364 3994 vide
376 3944 472 3994 callim.
482 3945 509 3994 h.
520 3944 593 4010 Apol.

93 4017 126 4064 42
137 4033 192 4082 sqq.
210 4019 277 4083 Virg.
284 4020 343 4066 AEn.
354 4017 396 4068 xii.
407 4019 464 4067 393.
487 4018 518 4067 Et
528 4018 592 4082 apud

93 4090 194 4141 Lucisn.
204 4091 230 4140 in
245 4091 352 4157 ψηφισμ.
362 4109 386 4157 p.
398 4093 454 4140 716.
465 4085 592 4156 indignan·

94 4172 133 4214 tur
143 4165 196 4224 Dii,
207 4165 272 4231 quod
282 4166 321 4215 hic
333 4182 397 4216 unus
405 4174 441 4215 tot
452 4173 514 4216 artes
524 4181 592 4215 sser-

631 1586 691 1628 ceat.
710 1580 756 1626 Per
767 1579 874 1641 mequod
885 1579 1035 1639 seruauere.
1054 1575 1130 1624 Vates

631 1669 683 1702 sum
694 1653 763 1718 longe
775 1651 927 1702 certissimus.
954 1647 1075 1714 Expressit
1085 1664 1129 1698 au-

633 1736 682 1776 tem
700 1727 798 1776 Homer.
814 1726 847 1775 Il.
867 1732 895 1776 Δ.
913 1726 953 1780 70,
969 1722 1011 1771 ubi
1027 1722 1131 1772 Calchas

633 1802 692 1851 scire
707 1801 806 1850 dicitur:
826 1798 858 1850 τά
876 1799 896 1850 τ’
911 1798 992 1855 ἐόντα,
1007 1795 1039 1847 τά
1055 1795 1075 1846 τ’
1091 1796 1129 1845 ἐσ-

633 1875 735 1941 σόμενα,
756 1874 804 1940 πρό
825 1873 846 1924 r’
861 1873 944 1930 ἐόντα,
960 1887 1031 1937 quem
1052 1871 1131 1920 locum

634 1949 706 1998 etiam
717 1949 836 1998 transtulit
848 1948 917 2012 virg.
926 1948 1014 2011 Georg.
1028 1947 1060 1995 iv.
1071 1932 1130 1996 392.

634 2022 788 2073 vaticinandi
798 2032 872 2072 artem
880 2021 978 2071 edoctus
985 2029 1035 2070 erat
1044 2020 1132 2086 Apollo

634 2114 649 2147 a
664 2098 733 2155 Jove,
745 2098 814 2163 cujus
827 2105 894 2145 vates
910 2095 982 2144 etiam
998 2094 1131 2153 dicebatur,

634 2180 781 2239 praeeratque
793 2171 903 2221 oraculis.

668 2247 725 2296 518.
742 2246 790 2293 Psr
805 2243 1014 2306 accomodans]
1036 2243 1134 2294 Musica

635 2319 727 2368 excello
756 2327 780 2367 et
802 2317 984 2374 instrumentali,
1003 2324 1028 2365 et
1048 2318 1134 2367 vocali.

635 2392 731 2441 Musica
749 2408 787 2440 ars
806 2391 870 2456 apud
882 2391 984 2440 Veteres
999 2389 1025 2438 in
1041 2406 1133 2440 summo

635 2467 723 2515 honore
736 2474 794 2523 erat,
806 2465 840 2515 ita
856 2473 884 2514 ut
898 2464 1002 2514 inventio
1019 2474 1134 2530 praestan·

636 2541 778 2590 tissimorum
795 2540 1003 2589 instrumentorum
1022 2539 1052 2589 ad
1068 2541 1134 2591 Deos

636 2614 776 2664 referretur:
797 2613 920 2662 Plutarch.
937 2613 968 2661 de
985 2612 1089 2671 Musica,
1110 2632 1135 2680 p.

639 2689 709 2737 1136.
734 2687 853 2753 Apollinis
861 2686 1016 2735 instrumenta
1025 2696 1092 2736 erant
1101 2691 1135 2736 ei-

637 2765 713 2820 thara,
727 2778 800 2827 quam
817 2761 868 2827 ipse
886 2760 977 2809 invenit
995 2760 1081 2826 (Bion.
1097 2763 1136 2812 Id.

637 2835 671 2886 iii.
683 2837 721 2900 7.)
734 2844 758 2884 et
768 2851 841 2900 quam
854 2850 910 2883 cum
923 2842 996 2883 cantu
1013 2835 1102 2899 pulsat,
1111 2845 1136 2886 et

639 2913 699 2975 lyra,
707 2925 780 2975 quam
788 2908 881 2972 accepit
891 2907 1048 2957 nMercurio:
1061 2909 1134 2959 Hom.

638 2983 663 3032 h.
684 2985 709 3034 in
731 2985 809 3032 Mera.
851 2982 934 3037 Nerui,
956 2983 1048 3046 νευραὶ,
1070 2983 1137 3034 fides.

639 3057 786 3106 Concentum
800 3055 863 3104 vocis
878 3063 902 3103 et
919 3055 1001 3104 fidium
1013 3055 1079 3106 varie
1095 3073 1137 3107 ex·

639 3132 732 3199 pressit.
761 3130 800 3180 cf.
810 3147 835 3179 v.
846 3131 909 3190 3403
926 3129 959 3178 xi.
972 3133 997 3179 5.

672 3208 728 3256 519.
741 3204 951 3270 Certa—sagitta]
970 3204 1135 3255 Inevitabilis:

639 3280 702 3329 unde
716 3282 850 3328 metuendus
864 3288 925 3346 certa
937 3279 1137 3345 Phahas'sagitta,

639 3355 757 3404 Horatl.
773 3353 822 3404 Od.
835 3353 878 3402 xii.
891 3355 930 3401 22.
964 3352 1003 3401 Sic
1022 3361 1046 3402 et
1062 3370 1138 3403 curas

640 3445 715 3485 arcus,
727 3437 790 3477 certa
801 3444 882 3475 munus
892 3425 1001 3474 tribuitur
1011 3425 1092 3490 peritis
1099 3428 1137 3492 jn·

640 3502 792 3551 calatoribus.
826 3503 918 3563 Contra
937 3503 1025 3547 incerta
1044 3504 1137 3558 secaris,

640 3575 710 3640 Virg.
719 3578 777 3624 AEn.
787 3575 815 3623 ii.
828 3576 884 3623 224.
920 3574 1004 3620 Tamen
1021 3591 1078 3630 una,
1091 3582 1139 3624 etc.

641 3649 704 3699 Vide
714 3649 744 3697 ad
756 3665 818 3698 vers.
826 3649 874 3697 456
883 3657 907 3697 et
918 3648 975 3696 458.
998 3646 1037 3696 Cf.
1048 3646 1138 3697 Anacr-

641 3723 690 3773 Od.
701 3723 750 3773 xlv.
768 3724 810 3772 ubi
828 3724 895 3771 Mars
909 3720 981 3770 sentit
991 3720 1039 3770 vim
1054 3721 1138 3770 horum

642 3799 750 3846 telorum.

674 3874 731 3921 520.
747 3872 831 3928 Vacuo,
842 3887 877 3919 sc.
890 3871 920 3919 ab
931 3885 1023 3931 amore3
1035 3870 1139 3936 Daphne

641 3945 705 3994 enim
715 3946 804 4010 primus
813 3945 864 4010 ejus
875 3960 948 4001 amor,
960 3961 1009 3994 ver.
1018 3946 1074 3993 452.

675 4020 883 4075 521.1nuentum,
904 4018 966 4082 eto]
986 4017 1026 4068 Cl.
1041 4017 1139 4067 Callim.

643 4095 667 4143 d.
677 4094 694 4145 l.
723 4093 813 4159 Opn‘fsr,
829 4094 921 4159 σωτὴρ,
937 4093 1025 4160 ἰατρὸς,
1038 4091 1139 4143 παίωνι

643 4168 698 4219 vide
715 4167 820 4218 Vclkeu.
839 4167 871 4216 ad
892 4168 973 4234 Eurip.
997 4167 1073 4233 Hipp.
1092 4182 1142 4216 ver.
