<?xml version="1.0" encoding="UTF-8"?>
<!DOCTYPE html PUBLIC "-//W3C//DTD XHTML 1.0 Transitional//EN"
    "http://www.w3.org/TR/xhtml1/DTD/xhtml1-transitional.dtd">
<html xmlns="http://www.w3.org/1999/xhtml" xml:lang="en" lang="en">
 <head>
  <title>
</title>
<meta http-equiv="Content-Type" content="text/html;charset=utf-8" />
  <meta name='ocr-system' content='tesseract 3.04.00' />
  <meta name='ocr-capabilities' content='ocr_page ocr_carea ocr_par ocr_line ocrx_word'/>
</head>
<body>
  <div class='ocr_page' id='page_1' title='image "./povidiinasoniso04burmgoog_0206.png"; bbox 0 0 2812 5010; ppageno 0'>
   <div class='ocr_carea' id='block_1_1' title="bbox 262 334 1119 405">
    <p class='ocr_par' dir='ltr' id='par_1_1' title="bbox 262 334 1119 405">
     <span class='ocr_line' id='line_1_1' title="bbox 262 334 1119 405; baseline 0.002 -3"><span class='ocrx_word' id='word_1_1' title='bbox 262 334 733 402; x_wconf 77' lang='lat' dir='ltr'><strong>METAMORPHOSEON</strong></span> <span class='ocrx_word' id='word_1_2' title='bbox 757 335 849 401; x_wconf 89' lang='lat' dir='ltr'><strong>LIB.</strong></span> <span class='ocrx_word' id='word_1_3' title='bbox 872 335 923 402; x_wconf 91' lang='lat'>11.</span> <span class='ocrx_word' id='word_1_4' title='bbox 1053 339 1119 405; x_wconf 73' lang='lat'>195</span> 
     </span>
    </p>
   </div>
   <div class='ocr_carea' id='block_1_2' title="bbox 71 511 1125 1991">
    <p class='ocr_par' dir='ltr' id='par_1_2' title="bbox 71 511 1125 1991">
     <span class='ocr_line' id='line_1_2' title="bbox 71 511 1104 608; baseline 0.004 -26"><span class='ocrx_word' id='word_1_5' title='bbox 71 511 125 582; x_wconf 86' lang='lat' dir='ltr'>Tu</span> <span class='ocrx_word' id='word_1_6' title='bbox 144 534 312 607; x_wconf 89' lang='lat' dir='ltr'>quoque,</span> <span class='ocrx_word' id='word_1_7' title='bbox 331 534 418 585; x_wconf 88' lang='lat' dir='ltr'>care</span> <span class='ocrx_word' id='word_1_8' title='bbox 436 520 555 608; x_wconf 91' lang='lat' dir='ltr'>pater,</span> <span class='ocrx_word' id='word_1_9' title='bbox 574 534 651 583; x_wconf 92' lang='lat' dir='ltr'>non</span> <span class='ocrx_word' id='word_1_10' title='bbox 665 512 744 607; x_wconf 89' lang='lat' dir='ltr'>jam</span> <span class='ocrx_word' id='word_1_11' title='bbox 763 511 943 598; x_wconf 89' lang='lat' dir='ltr'>mortalis,</span> <span class='ocrx_word' id='word_1_12' title='bbox 960 522 998 585; x_wconf 90' lang='lat' dir='ltr'>et</span> <span class='ocrx_word' id='word_1_13' title='bbox 1016 515 1104 586; x_wconf 89' lang='lat' dir='ltr'>aevis</span> 
     </span>
     <span class='ocr_line' id='line_1_3' title="bbox 72 625 1119 721; baseline 0.005 -23"><span class='ocrx_word' id='word_1_14' title='bbox 72 627 258 700; x_wconf 88' lang='lat' dir='ltr'><strong>Omnibus</strong></span> <span class='ocrx_word' id='word_1_15' title='bbox 277 638 320 700; x_wconf 95' lang='lat' dir='ltr'>ut</span> <span class='ocrx_word' id='word_1_16' title='bbox 337 651 502 713; x_wconf 80' lang='lat' dir='ltr'>maneae,</span> <span class='ocrx_word' id='word_1_17' title='bbox 522 625 703 700; x_wconf 88' lang='lat' dir='ltr'>nascendi</span> <span class='ocrx_word' id='word_1_18' title='bbox 722 627 806 721; x_wconf 84' lang='lat' dir='ltr'>lege</span> <span class='ocrx_word' id='word_1_19' title='bbox 824 637 986 713; x_wconf 88' lang='lat' dir='ltr'>creatus,</span> <span class='ocrx_word' id='word_1_20' title='bbox 1045 634 1119 703; x_wconf 80' lang='lat'>650</span> 
     </span>
     <span class='ocr_line' id='line_1_4' title="bbox 71 741 1046 840; baseline 0.003 -26"><span class='ocrx_word' id='word_1_21' title='bbox 71 741 191 816; x_wconf 87' lang='lat' dir='ltr'>Posse</span> <span class='ocrx_word' id='word_1_22' title='bbox 209 742 303 815; x_wconf 92' lang='lat' dir='ltr'>mori</span> <span class='ocrx_word' id='word_1_23' title='bbox 320 743 451 840; x_wconf 91' lang='lat' dir='ltr'>cupies</span> <span class='ocrx_word' id='word_1_24' title='bbox 470 752 562 829; x_wconf 94' lang='lat' dir='ltr'>tum,</span> <span class='ocrx_word' id='word_1_25' title='bbox 584 766 701 837; x_wconf 91' lang='lat' dir='ltr'>quum</span> <span class='ocrx_word' id='word_1_26' title='bbox 720 744 937 816; x_wconf 81' lang='lat' dir='ltr'>cruciabere</span> <span class='ocrx_word' id='word_1_27' title='bbox 956 744 1046 817; x_wconf 84' lang='lat' dir='ltr'>dirae</span> 
     </span>
     <span class='ocr_line' id='line_1_5' title="bbox 73 857 1092 958; baseline 0.005 -28"><span class='ocrx_word' id='word_1_28' title='bbox 73 857 264 954; x_wconf 85' lang='lat' dir='ltr'>Sanguine</span> <span class='ocrx_word' id='word_1_29' title='bbox 283 859 480 956; x_wconf 89' lang='lat' dir='ltr'>serpentis,</span> <span class='ocrx_word' id='word_1_30' title='bbox 500 882 567 956; x_wconf 91' lang='lat' dir='ltr'>per</span> <span class='ocrx_word' id='word_1_31' title='bbox 585 858 713 930; x_wconf 87' lang='lat' dir='ltr'>saucia</span> <span class='ocrx_word' id='word_1_32' title='bbox 730 859 899 931; x_wconf 89' lang='lat' dir='ltr'>membra</span> <span class='ocrx_word' id='word_1_33' title='bbox 917 871 1092 958; x_wconf 90' lang='lat' dir='ltr'>recepto:</span> 
     </span>
     <span class='ocr_line' id='line_1_6' title="bbox 72 974 972 1073; baseline 0.001 -26"><span class='ocrx_word' id='word_1_34' title='bbox 72 974 202 1072; x_wconf 83' lang='lat' dir='ltr'>Teque</span> <span class='ocrx_word' id='word_1_35' title='bbox 220 999 269 1048; x_wconf 87' lang='lat' dir='ltr'>ex</span> <span class='ocrx_word' id='word_1_36' title='bbox 287 985 426 1062; x_wconf 85' lang='lat' dir='ltr'>aeterno</span> <span class='ocrx_word' id='word_1_37' title='bbox 444 976 651 1073; x_wconf 89' lang='lat' dir='ltr'>patientem</span> <span class='ocrx_word' id='word_1_38' title='bbox 670 975 824 1048; x_wconf 89' lang='lat' dir='ltr'>numina</span> <span class='ocrx_word' id='word_1_39' title='bbox 841 975 972 1048; x_wconf 92' lang='lat' dir='ltr'>mortis</span> 
     </span>
     <span class='ocr_line' id='line_1_7' title="bbox 74 1090 1063 1189; baseline 0.004 -27"><span class='ocrx_word' id='word_1_40' title='bbox 74 1090 267 1179; x_wconf 79' lang='lat' dir='ltr'>Efficient3</span> <span class='ocrx_word' id='word_1_41' title='bbox 297 1092 542 1189; x_wconf 84' lang='lat' dir='ltr'>triplicesque</span> <span class='ocrx_word' id='word_1_42' title='bbox 562 1092 654 1165; x_wconf 88' lang='lat' dir='ltr'>Deae</span> <span class='ocrx_word' id='word_1_43' title='bbox 673 1102 739 1166; x_wconf 88' lang='lat' dir='ltr'>tua</span> <span class='ocrx_word' id='word_1_44' title='bbox 756 1092 820 1165; x_wconf 90' lang='lat' dir='ltr'>fila</span> <span class='ocrx_word' id='word_1_45' title='bbox 836 1094 1063 1167; x_wconf 88' lang='lat' dir='ltr'>resolvent.’&#39;</span> 
     </span>
     <span class='ocr_line' id='line_1_8' title="bbox 75 1205 1120 1306; baseline 0 -26"><span class='ocrx_word' id='word_1_46' title='bbox 75 1206 262 1281; x_wconf 84' lang='lat' dir='ltr'>Restabat</span> <span class='ocrx_word' id='word_1_47' title='bbox 279 1205 365 1281; x_wconf 86' lang='lat' dir='ltr'>fatis</span> <span class='ocrx_word' id='word_1_48' title='bbox 385 1207 549 1306; x_wconf 87' lang='lat' dir='ltr'>aliquid:</span> <span class='ocrx_word' id='word_1_49' title='bbox 580 1208 744 1305; x_wconf 87' lang='lat' dir='ltr'>suspirat</span> <span class='ocrx_word' id='word_1_50' title='bbox 762 1209 809 1281; x_wconf 86' lang='lat' dir='ltr'>ab</span> <span class='ocrx_word' id='word_1_51' title='bbox 828 1207 913 1280; x_wconf 92' lang='lat' dir='ltr'>imis</span> <span class='ocrx_word' id='word_1_52' title='bbox 1046 1213 1120 1281; x_wconf 81' lang='lat'>655</span> 
     </span>
     <span class='ocr_line' id='line_1_9' title="bbox 76 1323 1076 1421; baseline 0.002 -25"><span class='ocrx_word' id='word_1_53' title='bbox 76 1323 313 1410; x_wconf 90' lang='lat' dir='ltr'>Pectoribus,</span> <span class='ocrx_word' id='word_1_54' title='bbox 333 1323 573 1421; x_wconf 82' lang='lat' dir='ltr'>lacrimaeque</span> <span class='ocrx_word' id='word_1_55' title='bbox 592 1325 698 1420; x_wconf 81' lang='lat' dir='ltr'>genis</span> <span class='ocrx_word' id='word_1_56' title='bbox 715 1325 893 1399; x_wconf 87' lang='lat' dir='ltr'>labuntur</span> <span class='ocrx_word' id='word_1_57' title='bbox 910 1324 1076 1398; x_wconf 87' lang='lat' dir='ltr'>obortae:</span> 
     </span>
     <span class='ocr_line' id='line_1_10' title="bbox 75 1439 1121 1537; baseline -0.002 -25"><span class='ocrx_word' id='word_1_58' title='bbox 75 1439 202 1537; x_wconf 89' lang='lat' dir='ltr'>Atque</span> <span class='ocrx_word' id='word_1_59' title='bbox 218 1440 283 1525; x_wconf 88' lang='lat' dir='ltr'>ita,</span> <span class='ocrx_word' id='word_1_60' title='bbox 301 1449 324 1478; x_wconf 89' lang='lat'><strong>“</strong></span> <span class='ocrx_word' id='word_1_61' title='bbox 338 1440 612 1527; x_wconf 86' lang='lat' dir='ltr'>Praevertunt‚’&#39;</span> <span class='ocrx_word' id='word_1_62' title='bbox 624 1441 759 1536; x_wconf 91' lang='lat' dir='ltr'>inquit,</span> <span class='ocrx_word' id='word_1_63' title='bbox 774 1448 798 1478; x_wconf 93' lang='lat'><strong>“</strong></span> <span class='ocrx_word' id='word_1_64' title='bbox 809 1465 870 1514; x_wconf 90' lang='lat' dir='ltr'>me</span> <span class='ocrx_word' id='word_1_65' title='bbox 884 1439 978 1527; x_wconf 83' lang='lat' dir='ltr'>sata3</span> <span class='ocrx_word' id='word_1_66' title='bbox 999 1449 1121 1513; x_wconf 91' lang='lat' dir='ltr'>vetor-</span> 
     </span>
     <span class='ocr_line' id='line_1_11' title="bbox 78 1554 1123 1655; baseline 0.001 -27"><span class='ocrx_word' id='word_1_67' title='bbox 78 1554 193 1629; x_wconf 89' lang='lat' dir='ltr'>Plura</span> <span class='ocrx_word' id='word_1_68' title='bbox 202 1557 325 1654; x_wconf 84' lang='lat' dir='ltr'>loqui3</span> <span class='ocrx_word' id='word_1_69' title='bbox 345 1556 527 1653; x_wconf 86' lang='lat' dir='ltr'>vocisque</span> <span class='ocrx_word' id='word_1_70' title='bbox 538 1581 632 1630; x_wconf 87' lang='lat' dir='ltr'>meae</span> <span class='ocrx_word' id='word_1_71' title='bbox 644 1557 999 1655; x_wconf 87' lang='lat' dir='ltr'>praecluditurusus.</span> <span class='ocrx_word' id='word_1_72' title='bbox 1030 1557 1123 1652; x_wconf 91' lang='lat' dir='ltr'>[que</span> 
     </span>
     <span class='ocr_line' id='line_1_12' title="bbox 78 1671 973 1771; baseline 0 -27"><span class='ocrx_word' id='word_1_73' title='bbox 78 1671 162 1745; x_wconf 90' lang='lat' dir='ltr'>Non</span> <span class='ocrx_word' id='word_1_74' title='bbox 178 1671 329 1746; x_wconf 84' lang='lat' dir='ltr'>fuerant</span> <span class='ocrx_word' id='word_1_75' title='bbox 346 1684 447 1746; x_wconf 88' lang='lat' dir='ltr'>artes</span> <span class='ocrx_word' id='word_1_76' title='bbox 464 1675 574 1761; x_wconf 90' lang='lat' dir='ltr'>tanti,</span> <span class='ocrx_word' id='word_1_77' title='bbox 595 1700 680 1771; x_wconf 85' lang='lat' dir='ltr'>quae</span> <span class='ocrx_word' id='word_1_78' title='bbox 698 1674 862 1746; x_wconf 90' lang='lat' dir='ltr'>numinis</span> <span class='ocrx_word' id='word_1_79' title='bbox 880 1674 973 1746; x_wconf 92' lang='lat' dir='ltr'>iram</span> 
     </span>
     <span class='ocr_line' id='line_1_13' title="bbox 78 1788 1125 1876; baseline 0 -15"><span class='ocrx_word' id='word_1_80' title='bbox 78 1788 311 1863; x_wconf 84' lang='lat' dir='ltr'>Contraxere</span> <span class='ocrx_word' id='word_1_81' title='bbox 330 1788 443 1876; x_wconf 83' lang='lat' dir='ltr'>mihi3</span> <span class='ocrx_word' id='word_1_82' title='bbox 472 1791 624 1865; x_wconf 89' lang='lat' dir='ltr'>mallem</span> <span class='ocrx_word' id='word_1_83' title='bbox 642 1795 808 1864; x_wconf 79' lang='lat' dir='ltr'>nescisse</span> <span class='ocrx_word' id='word_1_84' title='bbox 825 1790 963 1863; x_wconf 84' lang='lat' dir='ltr'>futura.</span> <span class='ocrx_word' id='word_1_85' title='bbox 1051 1792 1125 1861; x_wconf 91' lang='grc'>660</span> 
     </span>
     <span class='ocr_line' id='line_1_14' title="bbox 78 1903 953 1991; baseline 0.001 -14"><span class='ocrx_word' id='word_1_86' title='bbox 78 1903 100 1976; x_wconf 90' lang='lat' dir='ltr'>J</span> <span class='ocrx_word' id='word_1_87' title='bbox 102 1928 161 1979; x_wconf 89' lang='lat' dir='ltr'>am</span> <span class='ocrx_word' id='word_1_88' title='bbox 179 1905 272 1979; x_wconf 91' lang='lat' dir='ltr'>mihi</span> <span class='ocrx_word' id='word_1_89' title='bbox 291 1906 451 1980; x_wconf 89' lang='lat' dir='ltr'>subduci</span> <span class='ocrx_word' id='word_1_90' title='bbox 469 1906 585 1981; x_wconf 81' lang='lat' dir='ltr'>facies</span> <span class='ocrx_word' id='word_1_91' title='bbox 604 1909 768 1981; x_wconf 87' lang='lat' dir='ltr'>humana</span> <span class='ocrx_word' id='word_1_92' title='bbox 784 1907 953 1991; x_wconf 89' lang='lat' dir='ltr'>videtur;</span> 
     </span>
    </p>
   </div>
   <div class='ocr_carea' id='block_1_3' title="bbox 79 2177 1143 3506">
    <p class='ocr_par' dir='ltr' id='par_1_3' title="bbox 80 2177 1143 3287">
     <span class='ocr_line' id='line_1_15' title="bbox 108 2177 1125 2243; baseline -0.002 -16"><span class='ocrx_word' id='word_1_93' title='bbox 108 2180 167 2228; x_wconf 75' lang='lat'><strong>649.</strong></span> <span class='ocrx_word' id='word_1_94' title='bbox 181 2178 218 2227; x_wconf 85' lang='lat' dir='ltr'>Ta</span> <span class='ocrx_word' id='word_1_95' title='bbox 227 2195 320 2242; x_wconf 76' lang='lat' dir='ltr'>quaque,</span> <span class='ocrx_word' id='word_1_96' title='bbox 328 2179 387 2242; x_wconf 75' lang='lat' dir='ltr'>ete]</span> <span class='ocrx_word' id='word_1_97' title='bbox 399 2179 470 2228; x_wconf 88' lang='lat' dir='ltr'>Nunc</span> <span class='ocrx_word' id='word_1_98' title='bbox 479 2179 576 2243; x_wconf 86' lang='lat' dir='ltr'>quidem</span> <span class='ocrx_word' id='word_1_99' title='bbox 659 2182 714 2229; x_wconf 78' lang='lat'>655.</span> <span class='ocrx_word' id='word_1_100' title='bbox 727 2180 844 2235; x_wconf 75' lang='lat' dir='ltr'>Restabat,</span> <span class='ocrx_word' id='word_1_101' title='bbox 855 2178 915 2240; x_wconf 81' lang='lat' dir='ltr'>eto]</span> <span class='ocrx_word' id='word_1_102' title='bbox 926 2177 1014 2226; x_wconf 83' lang='lat' dir='ltr'>Similis</span> <span class='ocrx_word' id='word_1_103' title='bbox 1025 2192 1125 2225; x_wconf 87' lang='lat' dir='ltr'>conver-</span> 
     </span>
     <span class='ocr_line' id='line_1_16' title="bbox 80 2252 1127 2317; baseline -0.003 -14"><span class='ocrx_word' id='word_1_104' title='bbox 80 2262 163 2303; x_wconf 83' lang='lat' dir='ltr'>natura</span> <span class='ocrx_word' id='word_1_105' title='bbox 176 2263 218 2302; x_wconf 88' lang='lat' dir='ltr'>tua</span> <span class='ocrx_word' id='word_1_106' title='bbox 232 2254 371 2302; x_wconf 88' lang='lat' dir='ltr'>immortalis</span> <span class='ocrx_word' id='word_1_107' title='bbox 382 2270 407 2302; x_wconf 88' lang='lat' dir='ltr'>es</span> <span class='ocrx_word' id='word_1_108' title='bbox 424 2266 448 2302; x_wconf 90' lang='lat' dir='ltr'>et</span> <span class='ocrx_word' id='word_1_109' title='bbox 464 2264 576 2303; x_wconf 75' lang='lat' dir='ltr'>aeternus.</span> <span class='ocrx_word' id='word_1_110' title='bbox 626 2253 670 2310; x_wconf 90' lang='lat' dir='ltr'>sio,</span> <span class='ocrx_word' id='word_1_111' title='bbox 688 2254 704 2302; x_wconf 88' lang='lat' dir='ltr'>i.</span> <span class='ocrx_word' id='word_1_112' title='bbox 722 2256 784 2313; x_wconf 85' lang='lat'><strong>700;</strong></span> <span class='ocrx_word' id='word_1_113' title='bbox 801 2253 843 2301; x_wconf 91' lang='lat' dir='ltr'>sed</span> <span class='ocrx_word' id='word_1_114' title='bbox 859 2253 884 2300; x_wconf 91' lang='lat' dir='ltr'>h.</span> <span class='ocrx_word' id='word_1_115' title='bbox 896 2254 915 2300; x_wconf 93' lang='lat' dir='ltr'>l.</span> <span class='ocrx_word' id='word_1_116' title='bbox 931 2255 981 2317; x_wconf 90' lang='lat' dir='ltr'>ipse</span> <span class='ocrx_word' id='word_1_117' title='bbox 999 2252 1073 2299; x_wconf 90' lang='lat' dir='ltr'>noluit</span> <span class='ocrx_word' id='word_1_118' title='bbox 1091 2268 1127 2300; x_wconf 95' lang='lat' dir='ltr'>re-</span> 
     </span>
     <span class='ocr_line' id='line_1_17' title="bbox 81 2325 1126 2390; baseline -0.004 -14"><span class='ocrx_word' id='word_1_119' title='bbox 81 2330 183 2386; x_wconf 78' lang='lat' dir='ltr'>Maaere,</span> <span class='ocrx_word' id='word_1_120' title='bbox 203 2329 233 2377; x_wconf 90' lang='lat' dir='ltr'>de</span> <span class='ocrx_word' id='word_1_121' title='bbox 253 2328 303 2376; x_wconf 85' lang='lat' dir='ltr'>vita</span> <span class='ocrx_word' id='word_1_122' title='bbox 323 2336 413 2377; x_wconf 79' lang='lat' dir='ltr'>aeterna</span> <span class='ocrx_word' id='word_1_123' title='bbox 432 2337 496 2377; x_wconf 90' lang='lat' dir='ltr'>recte</span> <span class='ocrx_word' id='word_1_124' title='bbox 517 2328 576 2376; x_wconf 89' lang='lat' dir='ltr'>dici·</span> <span class='ocrx_word' id='word_1_125' title='bbox 627 2330 714 2376; x_wconf 88' lang='lat' dir='ltr'>stantia</span> <span class='ocrx_word' id='word_1_126' title='bbox 732 2327 828 2382; x_wconf 83' lang='lat' dir='ltr'>addere,</span> <span class='ocrx_word' id='word_1_127' title='bbox 844 2342 929 2390; x_wconf 85' lang='lat' dir='ltr'>nempe</span> <span class='ocrx_word' id='word_1_128' title='bbox 946 2326 1005 2381; x_wconf 84' lang='lat' dir='ltr'>lore,</span> <span class='ocrx_word' id='word_1_129' title='bbox 1022 2334 1049 2374; x_wconf 92' lang='lat' dir='ltr'>ut</span> <span class='ocrx_word' id='word_1_130' title='bbox 1067 2325 1126 2374; x_wconf 84' lang='lat' dir='ltr'>chi-</span> 
     </span>
     <span class='ocr_line' id='line_1_18' title="bbox 80 2401 1127 2460; baseline -0.004 -8"><span class='ocrx_word' id='word_1_131' title='bbox 80 2415 122 2452; x_wconf 87' lang='lat' dir='ltr'>tur.</span> <span class='ocrx_word' id='word_1_132' title='bbox 157 2403 236 2458; x_wconf 81' lang='lat' dir='ltr'>Quum</span> <span class='ocrx_word' id='word_1_133' title='bbox 253 2405 391 2460; x_wconf 75' lang='lat' dir='ltr'>cruciabere,</span> <span class='ocrx_word' id='word_1_134' title='bbox 405 2412 451 2450; x_wconf 91' lang='lat' dir='ltr'>etc.</span> <span class='ocrx_word' id='word_1_135' title='bbox 469 2401 578 2451; x_wconf 86' lang='lat' dir='ltr'>Chironis</span> <span class='ocrx_word' id='word_1_136' title='bbox 627 2419 668 2451; x_wconf 90' lang='lat' dir='ltr'>ron</span> <span class='ocrx_word' id='word_1_137' title='bbox 689 2403 750 2450; x_wconf 89' lang='lat' dir='ltr'>iuter</span> <span class='ocrx_word' id='word_1_138' title='bbox 770 2402 848 2450; x_wconf 88' lang='lat' dir='ltr'>sidera</span> <span class='ocrx_word' id='word_1_139' title='bbox 869 2401 991 2449; x_wconf 86' lang='lat' dir='ltr'>reseratur.</span> <span class='ocrx_word' id='word_1_140' title='bbox 1020 2401 1085 2450; x_wconf 83' lang='lat' dir='ltr'>Fast.</span> <span class='ocrx_word' id='word_1_141' title='bbox 1103 2417 1127 2448; x_wconf 85' lang='lat' dir='ltr'>v.</span> 
     </span>
     <span class='ocr_line' id='line_1_19' title="bbox 80 2476 1126 2542; baseline -0.004 -16"><span class='ocrx_word' id='word_1_142' title='bbox 80 2477 164 2542; x_wconf 87' lang='lat' dir='ltr'>pedem</span> <span class='ocrx_word' id='word_1_143' title='bbox 185 2477 303 2526; x_wconf 87' lang='lat' dir='ltr'>Hercules</span> <span class='ocrx_word' id='word_1_144' title='bbox 328 2476 465 2542; x_wconf 87' lang='lat' dir='ltr'>imprudens</span> <span class='ocrx_word' id='word_1_145' title='bbox 492 2477 579 2541; x_wconf 84' lang='lat' dir='ltr'>sagitta</span> <span class='ocrx_word' id='word_1_146' title='bbox 628 2479 691 2524; x_wconf 78' lang='lat'>413:</span> <span class='ocrx_word' id='word_1_147' title='bbox 710 2477 836 2524; x_wconf 80' lang='lat' dir='ltr'>Nonadias</span> <span class='ocrx_word' id='word_1_148' title='bbox 846 2478 1126 2536; x_wconf 75' lang='lat' dir='ltr'>oderat5qoumtra,jus-</span> 
     </span>
     <span class='ocr_line' id='line_1_20' title="bbox 81 2549 1127 2616; baseline -0.005 -17"><span class='ocrx_word' id='word_1_149' title='bbox 81 2551 161 2616; x_wconf 65' lang='lat' dir='ltr'>hydrae</span> <span class='ocrx_word' id='word_1_150' title='bbox 195 2552 300 2599; x_wconf 67' lang='lat' dir='ltr'>Lernaeae</span> <span class='ocrx_word' id='word_1_151' title='bbox 331 2554 451 2615; x_wconf 77' lang='lat' dir='ltr'>sanguine,</span> <span class='ocrx_word' id='word_1_152' title='bbox 480 2565 578 2608; x_wconf 89' lang='lat' dir='ltr'>veneno,</span> <span class='ocrx_word' id='word_1_153' title='bbox 629 2553 710 2599; x_wconf 77' lang='lat' dir='ltr'>tissima</span> <span class='ocrx_word' id='word_1_154' title='bbox 728 2550 822 2607; x_wconf 74' lang='lat' dir='ltr'>Chiron,</span> <span class='ocrx_word' id='word_1_155' title='bbox 838 2549 878 2596; x_wconf 81' lang='lat' dir='ltr'>Ba</span> <span class='ocrx_word' id='word_1_156' title='bbox 896 2558 977 2609; x_wconf 82' lang='lat' dir='ltr'>septem</span> <span class='ocrx_word' id='word_1_157' title='bbox 991 2550 1062 2597; x_wconf 78' lang='lat' dir='ltr'>stellis</span> <span class='ocrx_word' id='word_1_158' title='bbox 1077 2565 1127 2596; x_wconf 82' lang='lat' dir='ltr'>aor-</span> 
     </span>
     <span class='ocr_line' id='line_1_21' title="bbox 80 2622 1128 2689; baseline -0.004 -15"><span class='ocrx_word' id='word_1_159' title='bbox 80 2625 153 2674; x_wconf 85' lang='lat' dir='ltr'>tiucta</span> <span class='ocrx_word' id='word_1_160' title='bbox 164 2624 307 2682; x_wconf 85' lang='lat' dir='ltr'>vulneravit,</span> <span class='ocrx_word' id='word_1_161' title='bbox 316 2626 355 2674; x_wconf 87' lang='lat' dir='ltr'>vel</span> <span class='ocrx_word' id='word_1_162' title='bbox 365 2640 439 2689; x_wconf 91' lang='lat' dir='ltr'>quum</span> <span class='ocrx_word' id='word_1_163' title='bbox 450 2625 514 2689; x_wconf 89' lang='lat' dir='ltr'>apud</span> <span class='ocrx_word' id='word_1_164' title='bbox 524 2641 579 2673; x_wconf 90' lang='lat' dir='ltr'>eum</span> <span class='ocrx_word' id='word_1_165' title='bbox 627 2643 684 2688; x_wconf 84' lang='lat' dir='ltr'>pora</span> <span class='ocrx_word' id='word_1_166' title='bbox 699 2628 788 2674; x_wconf 76' lang='lat' dir='ltr'>cinctus</span> <span class='ocrx_word' id='word_1_167' title='bbox 804 2641 861 2673; x_wconf 82' lang='lat' dir='ltr'>erar.</span> <span class='ocrx_word' id='word_1_168' title='bbox 886 2623 1001 2673; x_wconf 85' lang='lat' dir='ltr'>Centauri</span> <span class='ocrx_word' id='word_1_169' title='bbox 1015 2622 1079 2671; x_wconf 90' lang='lat' dir='ltr'>enim</span> <span class='ocrx_word' id='word_1_170' title='bbox 1096 2622 1128 2671; x_wconf 88' lang='lat' dir='ltr'>si·</span> 
     </span>
     <span class='ocr_line' id='line_1_22' title="bbox 81 2697 1127 2764; baseline -0.004 -15"><span class='ocrx_word' id='word_1_171' title='bbox 81 2699 227 2756; x_wconf 82' lang='lat' dir='ltr'>devertisset,</span> <span class='ocrx_word' id='word_1_172' title='bbox 248 2700 313 2764; x_wconf 79' lang='lat' dir='ltr'><strong>Hyg.</strong></span> <span class='ocrx_word' id='word_1_173' title='bbox 333 2701 363 2749; x_wconf 88' lang='lat' dir='ltr'>P.</span> <span class='ocrx_word' id='word_1_174' title='bbox 381 2698 414 2747; x_wconf 82' lang='lat' dir='ltr'>A.</span> <span class='ocrx_word' id='word_1_175' title='bbox 436 2699 460 2748; x_wconf 91' lang='lat' dir='ltr'>ii.</span> <span class='ocrx_word' id='word_1_176' title='bbox 480 2701 520 2748; x_wconf 89' lang='lat'>38.</span> <span class='ocrx_word' id='word_1_177' title='bbox 540 2700 579 2748; x_wconf 88' lang='lat' dir='ltr'>vel</span> <span class='ocrx_word' id='word_1_178' title='bbox 629 2701 707 2750; x_wconf 89' lang='lat' dir='ltr'>dusei</span> <span class='ocrx_word' id='word_1_179' title='bbox 719 2699 927 2750; x_wconf 75' lang='lat' dir='ltr'>Grecidictrunt.</span> <span class='ocrx_word' id='word_1_180' title='bbox 961 2697 1032 2754; x_wconf 83' lang='lat' dir='ltr'>Filia,</span> <span class='ocrx_word' id='word_1_181' title='bbox 1043 2713 1127 2746; x_wconf 87' lang='lat' dir='ltr'>secun·</span> 
     </span>
     <span class='ocr_line' id='line_1_23' title="bbox 80 2770 1130 2838; baseline -0.005 -15"><span class='ocrx_word' id='word_1_182' title='bbox 80 2789 154 2838; x_wconf 88' lang='lat' dir='ltr'>quum</span> <span class='ocrx_word' id='word_1_183' title='bbox 164 2774 252 2823; x_wconf 82' lang='lat' dir='ltr'>Maleae</span> <span class='ocrx_word' id='word_1_184' title='bbox 262 2774 335 2822; x_wconf 85' lang='lat' dir='ltr'>alium</span> <span class='ocrx_word' id='word_1_185' title='bbox 346 2774 491 2823; x_wconf 87' lang='lat' dir='ltr'>Centaurum</span> <span class='ocrx_word' id='word_1_186' title='bbox 502 2781 578 2821; x_wconf 87' lang='lat' dir='ltr'>trans·</span> <span class='ocrx_word' id='word_1_187' title='bbox 630 2775 686 2822; x_wconf 90' lang='lat' dir='ltr'>dum</span> <span class='ocrx_word' id='word_1_188' title='bbox 702 2773 811 2838; x_wconf 79' lang='lat' dir='ltr'>Euripid.</span> <span class='ocrx_word' id='word_1_189' title='bbox 827 2774 852 2820; x_wconf 88' lang='lat' dir='ltr'>in</span> <span class='ocrx_word' id='word_1_190' title='bbox 866 2770 1015 2836; x_wconf 83' lang='lat' dir='ltr'>Menalippa,</span> <span class='ocrx_word' id='word_1_191' title='bbox 1030 2770 1130 2834; x_wconf 81' lang='lat' dir='ltr'>gravida</span> 
     </span>
     <span class='ocr_line' id='line_1_24' title="bbox 80 2845 1128 2912; baseline 0 -18"><span class='ocrx_word' id='word_1_192' title='bbox 80 2847 150 2911; x_wconf 82' lang='lat' dir='ltr'>figere</span> <span class='ocrx_word' id='word_1_193' title='bbox 161 2847 242 2896; x_wconf 81' lang='lat' dir='ltr'>vellet</span> <span class='ocrx_word' id='word_1_194' title='bbox 249 2849 355 2897; x_wconf 75' lang='lat' dir='ltr'>Pausan.</span> <span class='ocrx_word' id='word_1_195' title='bbox 367 2865 389 2896; x_wconf 89' lang='lat' dir='ltr'>v.</span> <span class='ocrx_word' id='word_1_196' title='bbox 400 2863 425 2912; x_wconf 84' lang='lat' dir='ltr'>p.</span> <span class='ocrx_word' id='word_1_197' title='bbox 438 2845 577 2912; x_wconf 64' lang='lat' dir='ltr'>aarnpol-</span> <span class='ocrx_word' id='word_1_198' title='bbox 628 2865 658 2897; x_wconf 83' lang='lat' dir='ltr'>ex</span> <span class='ocrx_word' id='word_1_199' title='bbox 674 2849 754 2904; x_wconf 88' lang='lat' dir='ltr'>AEolo,</span> <span class='ocrx_word' id='word_1_200' title='bbox 770 2846 880 2896; x_wconf 87' lang='lat' dir='ltr'>Helleuis</span> <span class='ocrx_word' id='word_1_201' title='bbox 898 2845 955 2902; x_wconf 89' lang='lat' dir='ltr'>filio,</span> <span class='ocrx_word' id='word_1_202' title='bbox 968 2861 1042 2910; x_wconf 89' lang='lat' dir='ltr'>quum</span> <span class='ocrx_word' id='word_1_203' title='bbox 1060 2854 1128 2911; x_wconf 85' lang='lat' dir='ltr'>patre</span> 
     </span>
     <span class='ocr_line' id='line_1_25' title="bbox 81 2920 1129 2986; baseline -0.001 -17"><span class='ocrx_word' id='word_1_204' title='bbox 81 2920 129 2970; x_wconf 79' lang='lat' dir='ltr'>lod.</span> <span class='ocrx_word' id='word_1_205' title='bbox 146 2923 180 2969; x_wconf 89' lang='grc' dir='ltr'>ΙΙ.</span> <span class='ocrx_word' id='word_1_206' title='bbox 201 2939 225 2970; x_wconf 83' lang='lat' dir='ltr'>v.</span> <span class='ocrx_word' id='word_1_207' title='bbox 242 2922 266 2969; x_wconf 78' lang='lat'>4.</span> <span class='ocrx_word' id='word_1_208' title='bbox 283 2921 402 2969; x_wconf 84' lang='lat' dir='ltr'>Eratosth.</span> <span class='ocrx_word' id='word_1_209' title='bbox 418 2922 457 2968; x_wconf 79' lang='lat'>40.</span> <span class='ocrx_word' id='word_1_210' title='bbox 491 2923 579 2969; x_wconf 87' lang='lat' dir='ltr'>Noster</span> <span class='ocrx_word' id='word_1_211' title='bbox 628 2922 703 2971; x_wconf 85' lang='lat' dir='ltr'>inscio</span> <span class='ocrx_word' id='word_1_212' title='bbox 717 2921 854 2986; x_wconf 87' lang='lat' dir='ltr'>peperisset,</span> <span class='ocrx_word' id='word_1_213' title='bbox 875 2921 900 2968; x_wconf 87' lang='lat' dir='ltr'>in</span> <span class='ocrx_word' id='word_1_214' title='bbox 918 2934 1005 2985; x_wconf 86' lang='lat' dir='ltr'>equam</span> <span class='ocrx_word' id='word_1_215' title='bbox 1027 2928 1129 2976; x_wconf 87' lang='lat' dir='ltr'>mutata,</span> 
     </span>
     <span class='ocr_line' id='line_1_26' title="bbox 80 2992 1130 3061; baseline -0.001 -16"><span class='ocrx_word' id='word_1_216' title='bbox 80 2997 179 3061; x_wconf 87' lang='lat' dir='ltr'>priorem</span> <span class='ocrx_word' id='word_1_217' title='bbox 190 2996 304 3046; x_wconf 90' lang='lat' dir='ltr'>rationem</span> <span class='ocrx_word' id='word_1_218' title='bbox 312 2996 506 3060; x_wconf 86' lang='lat' dir='ltr'>sequutusestV.</span> <span class='ocrx_word' id='word_1_219' title='bbox 514 2998 579 3044; x_wconf 87' lang='lat' dir='ltr'>Fast.</span> <span class='ocrx_word' id='word_1_220' title='bbox 627 3006 680 3046; x_wconf 81' lang='lat' dir='ltr'>tum</span> <span class='ocrx_word' id='word_1_221' title='bbox 700 3004 725 3044; x_wconf 89' lang='lat' dir='ltr'>et</span> <span class='ocrx_word' id='word_1_222' title='bbox 745 2995 798 3061; x_wconf 86' lang='lat' dir='ltr'>ipsa</span> <span class='ocrx_word' id='word_1_223' title='bbox 816 2995 878 3044; x_wconf 88' lang='lat' dir='ltr'>inter</span> <span class='ocrx_word' id='word_1_224' title='bbox 894 2993 972 3042; x_wconf 86' lang='lat' dir='ltr'>sidera</span> <span class='ocrx_word' id='word_1_225' title='bbox 991 2992 1066 3042; x_wconf 82' lang='lat' dir='ltr'>relata</span> <span class='ocrx_word' id='word_1_226' title='bbox 1084 3003 1130 3044; x_wconf 85' lang='lat' dir='ltr'>est.</span> 
     </span>
     <span class='ocr_line' id='line_1_27' title="bbox 81 3069 1130 3134; baseline -0.004 -14"><span class='ocrx_word' id='word_1_227' title='bbox 81 3072 221 3120; x_wconf 75' lang='lat'>397-514.</span> <span class='ocrx_word' id='word_1_228' title='bbox 254 3071 412 3132; x_wconf 82' lang='lat' dir='ltr'>Recipirantnr</span> <span class='ocrx_word' id='word_1_229' title='bbox 433 3086 471 3127; x_wconf 89' lang='lat' dir='ltr'>ea,</span> <span class='ocrx_word' id='word_1_230' title='bbox 493 3069 579 3134; x_wconf 88' lang='lat' dir='ltr'>quibus</span> <span class='ocrx_word' id='word_1_231' title='bbox 629 3069 1130 3126; x_wconf 83' lang='lat' dir='ltr'>SecundumCallimachum,aDianacon-</span> 
     </span>
     <span class='ocr_line' id='line_1_28' title="bbox 80 3144 1143 3211; baseline -0.008 -10"><span class='ocrx_word' id='word_1_232' title='bbox 80 3144 134 3210; x_wconf 86' lang='lat' dir='ltr'>quis</span> <span class='ocrx_word' id='word_1_233' title='bbox 154 3145 300 3201; x_wconf 68' lang='lat' dir='ltr'>vulneratur,</span> <span class='ocrx_word' id='word_1_234' title='bbox 319 3153 361 3192; x_wconf 68' lang='lat' dir='ltr'>aut</span> <span class='ocrx_word' id='word_1_235' title='bbox 381 3160 435 3209; x_wconf 67' lang='lat' dir='ltr'><strong>&lt;111ae</strong></span> <span class='ocrx_word' id='word_1_236' title='bbox 454 3151 580 3210; x_wconf 71' lang='lat' dir='ltr'>penetrant</span> <span class='ocrx_word' id='word_1_237' title='bbox 630 3163 697 3197; x_wconf 86' lang='lat' dir='ltr'>versa</span> <span class='ocrx_word' id='word_1_238' title='bbox 707 3156 751 3202; x_wconf 89' lang='lat' dir='ltr'>est,</span> <span class='ocrx_word' id='word_1_239' title='bbox 763 3146 826 3211; x_wconf 91' lang='lat' dir='ltr'>quod</span> <span class='ocrx_word' id='word_1_240' title='bbox 839 3145 919 3194; x_wconf 86' lang='lat' dir='ltr'>venari</span> <span class='ocrx_word' id='word_1_241' title='bbox 930 3145 1030 3194; x_wconf 87' lang='lat' dir='ltr'>desierat</span> <span class='ocrx_word' id='word_1_242' title='bbox 1040 3145 1130 3193; x_wconf 84' lang='lat' dir='ltr'>Deam·</span> <span class='ocrx_word' id='word_1_243' title='bbox 1141 3152 1143 3158; x_wconf 85' lang='grc'>’</span> 
     </span>
     <span class='ocr_line' id='line_1_29' title="bbox 80 3219 1131 3287; baseline 0 -20"><span class='ocrx_word' id='word_1_244' title='bbox 80 3220 210 3284; x_wconf 87' lang='lat' dir='ltr'>incorpus.</span> <span class='ocrx_word' id='word_1_245' title='bbox 631 3239 677 3287; x_wconf 89' lang='lat' dir='ltr'>que</span> <span class='ocrx_word' id='word_1_246' title='bbox 698 3223 789 3270; x_wconf 90' lang='lat' dir='ltr'>colere:</span> <span class='ocrx_word' id='word_1_247' title='bbox 808 3220 899 3285; x_wconf 80' lang='lat' dir='ltr'>Hygia.</span> <span class='ocrx_word' id='word_1_248' title='bbox 917 3220 981 3268; x_wconf 90' lang='lat' dir='ltr'>dicto</span> <span class='ocrx_word' id='word_1_249' title='bbox 995 3220 1056 3268; x_wconf 88' lang='lat' dir='ltr'>loco.</span> <span class='ocrx_word' id='word_1_250' title='bbox 1083 3219 1131 3268; x_wconf 86' lang='lat' dir='ltr'>Sed</span> 
     </span>
    </p>

    <p class='ocr_par' dir='ltr' id='par_1_4' title="bbox 79 3291 1133 3506">
     <span class='ocr_line' id='line_1_30' title="bbox 115 3291 1132 3361; baseline -0.002 -18"><span class='ocrx_word' id='word_1_251' title='bbox 115 3293 382 3356; x_wconf 69' lang='lat' dir='ltr'>mammaeam]</span> <span class='ocrx_word' id='word_1_252' title='bbox 391 3292 511 3341; x_wconf 79' lang='lat' dir='ltr'>Mortalis·</span> <span class='ocrx_word' id='word_1_253' title='bbox 525 3291 581 3340; x_wconf 78' lang='lat' dir='ltr'>Pari</span> <span class='ocrx_word' id='word_1_254' title='bbox 631 3296 694 3361; x_wconf 87' lang='lat' dir='ltr'>apud</span> <span class='ocrx_word' id='word_1_255' title='bbox 721 3297 834 3344; x_wconf 88' lang='lat' dir='ltr'>Nostrum</span> <span class='ocrx_word' id='word_1_256' title='bbox 861 3293 1046 3348; x_wconf 80' lang='lat' dir='ltr'>transformatur,</span> <span class='ocrx_word' id='word_1_257' title='bbox 1068 3293 1132 3357; x_wconf 93' lang='lat' dir='ltr'>quod</span> 
     </span>
     <span class='ocr_line' id='line_1_31' title="bbox 80 3367 1132 3431; baseline 0.001 -17"><span class='ocrx_word' id='word_1_258' title='bbox 80 3383 157 3415; x_wconf 83' lang='lat' dir='ltr'>necem</span> <span class='ocrx_word' id='word_1_259' title='bbox 167 3375 204 3416; x_wconf 88' lang='lat' dir='ltr'>est</span> <span class='ocrx_word' id='word_1_260' title='bbox 213 3384 238 3416; x_wconf 81' lang='lat' dir='ltr'>x.</span> <span class='ocrx_word' id='word_1_261' title='bbox 248 3368 306 3416; x_wconf 79' lang='lat'><strong>267.</strong></span> <span class='ocrx_word' id='word_1_262' title='bbox 334 3369 415 3424; x_wconf 85' lang='lat' dir='ltr'>Quum</span> <span class='ocrx_word' id='word_1_263' title='bbox 426 3367 579 3422; x_wconf 84' lang='lat' dir='ltr'>cruciaretur,</span> <span class='ocrx_word' id='word_1_264' title='bbox 632 3370 745 3417; x_wconf 65' lang='lat' dir='ltr'>Deoruar</span> <span class='ocrx_word' id='word_1_265' title='bbox 758 3367 856 3416; x_wconf 87' lang='lat' dir='ltr'>consilia</span> <span class='ocrx_word' id='word_1_266' title='bbox 877 3367 1026 3416; x_wconf 85' lang='lat' dir='ltr'>enuntiabat.</span> <span class='ocrx_word' id='word_1_267' title='bbox 1061 3368 1132 3431; x_wconf 82' lang='lat' dir='ltr'>lnge-</span> 
     </span>
     <span class='ocr_line' id='line_1_32' title="bbox 79 3439 1133 3506; baseline 0 -18"><span class='ocrx_word' id='word_1_268' title='bbox 79 3439 281 3490; x_wconf 81' lang='lat' dir='ltr'>immortalitatem</span> <span class='ocrx_word' id='word_1_269' title='bbox 310 3458 378 3490; x_wconf 88' lang='lat' dir='ltr'>suam</span> <span class='ocrx_word' id='word_1_270' title='bbox 404 3449 486 3506; x_wconf 85' lang='lat' dir='ltr'>sponte</span> <span class='ocrx_word' id='word_1_271' title='bbox 511 3441 583 3489; x_wconf 87' lang='lat' dir='ltr'>cessit</span> <span class='ocrx_word' id='word_1_272' title='bbox 631 3442 723 3491; x_wconf 89' lang='lat' dir='ltr'>niosum</span> <span class='ocrx_word' id='word_1_273' title='bbox 740 3450 820 3490; x_wconf 90' lang='lat' dir='ltr'>autem</span> <span class='ocrx_word' id='word_1_274' title='bbox 838 3441 986 3505; x_wconf 86' lang='lat' dir='ltr'>figmentum,</span> <span class='ocrx_word' id='word_1_275' title='bbox 1003 3448 1133 3504; x_wconf 71' lang='lat' dir='ltr'>quoiates</span> 
     </span>
    </p>
   </div>
   <div class='ocr_carea' id='block_1_4' title="bbox 78 3516 583 4236">
    <p class='ocr_par' dir='ltr' id='par_1_5' title="bbox 78 3516 583 4236">
     <span class='ocr_line' id='line_1_33' title="bbox 81 3516 582 3581; baseline -0.002 -18"><span class='ocrx_word' id='word_1_276' title='bbox 81 3516 232 3574; x_wconf 88' lang='lat' dir='ltr'>Prometheo,</span> <span class='ocrx_word' id='word_1_277' title='bbox 249 3516 288 3565; x_wconf 94' lang='lat' dir='ltr'>cui</span> <span class='ocrx_word' id='word_1_278' title='bbox 306 3516 402 3581; x_wconf 88' lang='lat' dir='ltr'>Jupiter</span> <span class='ocrx_word' id='word_1_279' title='bbox 419 3532 447 3564; x_wconf 88' lang='lat' dir='ltr'>ea</span> <span class='ocrx_word' id='word_1_280' title='bbox 467 3516 521 3580; x_wconf 82' lang='lat' dir='ltr'>lege</span> <span class='ocrx_word' id='word_1_281' title='bbox 538 3516 582 3563; x_wconf 89' lang='lat' dir='ltr'>im·</span> 
     </span>
     <span class='ocr_line' id='line_1_34' title="bbox 80 3589 583 3656; baseline -0.006 -17"><span class='ocrx_word' id='word_1_282' title='bbox 80 3590 249 3639; x_wconf 81' lang='lat' dir='ltr'>mortalitatem</span> <span class='ocrx_word' id='word_1_283' title='bbox 266 3590 413 3656; x_wconf 89' lang='lat' dir='ltr'>promiserat,</span> <span class='ocrx_word' id='word_1_284' title='bbox 424 3589 443 3639; x_wconf 88' lang='lat' dir='ltr'>si</span> <span class='ocrx_word' id='word_1_285' title='bbox 459 3590 527 3638; x_wconf 88' lang='lat' dir='ltr'>daret</span> <span class='ocrx_word' id='word_1_286' title='bbox 538 3590 583 3636; x_wconf 90' lang='lat' dir='ltr'>im-</span> 
     </span>
     <span class='ocr_line' id='line_1_35' title="bbox 81 3664 583 3730; baseline -0.004 -18"><span class='ocrx_word' id='word_1_287' title='bbox 81 3664 216 3721; x_wconf 78' lang='lat' dir='ltr'>mortalem,</span> <span class='ocrx_word' id='word_1_288' title='bbox 239 3665 281 3729; x_wconf 90' lang='lat' dir='ltr'>qui</span> <span class='ocrx_word' id='word_1_289' title='bbox 301 3681 344 3730; x_wconf 92' lang='lat' dir='ltr'>pro</span> <span class='ocrx_word' id='word_1_290' title='bbox 357 3664 408 3730; x_wconf 85' lang='lat' dir='ltr'>ipsa</span> <span class='ocrx_word' id='word_1_291' title='bbox 425 3664 484 3712; x_wconf 91' lang='lat' dir='ltr'>mori</span> <span class='ocrx_word' id='word_1_292' title='bbox 500 3664 583 3713; x_wconf 88' lang='lat' dir='ltr'>vellet.</span> 
     </span>
     <span class='ocr_line' id='line_1_36' title="bbox 80 3737 583 3788; baseline -0.004 -1"><span class='ocrx_word' id='word_1_293' title='bbox 80 3738 181 3788; x_wconf 82' lang='lat' dir='ltr'>Lucian.</span> <span class='ocrx_word' id='word_1_294' title='bbox 190 3739 224 3788; x_wconf 87' lang='lat' dir='ltr'>D.</span> <span class='ocrx_word' id='word_1_295' title='bbox 232 3740 306 3787; x_wconf 86' lang='lat' dir='ltr'>Mort.</span> <span class='ocrx_word' id='word_1_296' title='bbox 317 3740 357 3787; x_wconf 81' lang='lat'>26.</span> <span class='ocrx_word' id='word_1_297' title='bbox 379 3738 501 3786; x_wconf 81' lang='lat' dir='ltr'>Resolvent</span> <span class='ocrx_word' id='word_1_298' title='bbox 509 3737 583 3786; x_wconf 89' lang='lat' dir='ltr'>Hein-</span> 
     </span>
     <span class='ocr_line' id='line_1_37' title="bbox 78 3810 583 3878; baseline -0.002 -18"><span class='ocrx_word' id='word_1_299' title='bbox 78 3812 131 3861; x_wconf 83' lang='lat' dir='ltr'>sius</span> <span class='ocrx_word' id='word_1_300' title='bbox 141 3812 287 3878; x_wconf 83' lang='lat' dir='ltr'>explicabat,</span> <span class='ocrx_word' id='word_1_301' title='bbox 298 3813 430 3862; x_wconf 81' lang='lat' dir='ltr'>secabunt:</span> <span class='ocrx_word' id='word_1_302' title='bbox 448 3810 527 3877; x_wconf 87' lang='lat' dir='ltr'>patius</span> <span class='ocrx_word' id='word_1_303' title='bbox 538 3820 583 3869; x_wconf 89' lang='lat' dir='ltr'>est,</span> 
     </span>
     <span class='ocr_line' id='line_1_38' title="bbox 79 3879 583 3953; baseline -0.006 -17"><span class='ocrx_word' id='word_1_304' title='bbox 79 3888 259 3953; x_wconf 81' lang='lat' dir='ltr'>retorquebant.</span> <span class='ocrx_word' id='word_1_305' title='bbox 285 3887 366 3936; x_wconf 81' lang='lat' dir='ltr'>Tibul.</span> <span class='ocrx_word' id='word_1_306' title='bbox 379 3889 400 3937; x_wconf 91' lang='lat'>1.</span> <span class='ocrx_word' id='word_1_307' title='bbox 412 3886 453 3936; x_wconf 83' lang='lat' dir='ltr'>vii.</span> <span class='ocrx_word' id='word_1_308' title='bbox 463 3879 491 3935; x_wconf 79' lang='lat'>2&#39;.</span> <span class='ocrx_word' id='word_1_309' title='bbox 502 3887 533 3935; x_wconf 87' lang='lat' dir='ltr'>de</span> <span class='ocrx_word' id='word_1_310' title='bbox 543 3886 583 3934; x_wconf 89' lang='lat' dir='ltr'>iis·</span> 
     </span>
     <span class='ocr_line' id='line_1_39' title="bbox 79 3962 583 4016; baseline -0.006 -5"><span class='ocrx_word' id='word_1_311' title='bbox 79 3962 137 4011; x_wconf 86' lang='lat' dir='ltr'>dem</span> <span class='ocrx_word' id='word_1_312' title='bbox 158 3962 251 4016; x_wconf 83' lang='lat' dir='ltr'>Parcis,</span> <span class='ocrx_word' id='word_1_313' title='bbox 270 3967 368 4011; x_wconf 78' lang='lat' dir='ltr'>stamina</span> <span class='ocrx_word' id='word_1_314' title='bbox 387 3980 432 4010; x_wconf 82' lang='lat' dir='ltr'>aaa</span> <span class='ocrx_word' id='word_1_315' title='bbox 451 3963 498 4009; x_wconf 79' lang='lat' dir='ltr'>ara</span> <span class='ocrx_word' id='word_1_316' title='bbox 515 3964 583 4009; x_wconf 83' lang='lat' dir='ltr'>dissa-</span> 
     </span>
     <span class='ocr_line' id='line_1_40' title="bbox 81 4035 583 4103; baseline -0.002 -19"><span class='ocrx_word' id='word_1_317' title='bbox 81 4039 168 4086; x_wconf 82' lang='lat' dir='ltr'>laenda</span> <span class='ocrx_word' id='word_1_318' title='bbox 184 4038 242 4086; x_wconf 84' lang='lat' dir='ltr'>Dea.</span> <span class='ocrx_word' id='word_1_319' title='bbox 269 4039 375 4103; x_wconf 89' lang='lat' dir='ltr'>Propert.</span> <span class='ocrx_word' id='word_1_320' title='bbox 385 4037 432 4086; x_wconf 87' lang='lat' dir='ltr'>IV.</span> <span class='ocrx_word' id='word_1_321' title='bbox 443 4035 483 4085; x_wconf 85' lang='lat' dir='ltr'>vii.</span> <span class='ocrx_word' id='word_1_322' title='bbox 493 4038 533 4085; x_wconf 88' lang='lat'>51.</span> <span class='ocrx_word' id='word_1_323' title='bbox 547 4052 583 4083; x_wconf 86' lang='lat' dir='ltr'>re·</span> 
     </span>
     <span class='ocr_line' id='line_1_41' title="bbox 80 4113 583 4178; baseline -0.004 -18"><span class='ocrx_word' id='word_1_324' title='bbox 80 4114 182 4178; x_wconf 78' lang='lat' dir='ltr'>volubile</span> <span class='ocrx_word' id='word_1_325' title='bbox 201 4123 296 4161; x_wconf 83' lang='lat' dir='ltr'>stamen.</span> <span class='ocrx_word' id='word_1_326' title='bbox 329 4113 426 4167; x_wconf 89' lang='lat' dir='ltr'>Noster,</span> <span class='ocrx_word' id='word_1_327' title='bbox 446 4129 470 4159; x_wconf 86' lang='lat' dir='ltr'>x.</span> <span class='ocrx_word' id='word_1_328' title='bbox 489 4113 529 4160; x_wconf 85' lang='lat'>30.</span> <span class='ocrx_word' id='word_1_329' title='bbox 548 4128 583 4159; x_wconf 85' lang='lat' dir='ltr'>re-</span> 
     </span>
     <span class='ocr_line' id='line_1_42' title="bbox 82 4197 168 4236; baseline 0.023 -2"><span class='ocrx_word' id='word_1_330' title='bbox 82 4197 168 4236; x_wconf 81' lang='lat' dir='ltr'>terent.</span> 
     </span>
    </p>
   </div>
   <div class='ocr_carea' id='block_1_5' title="bbox 632 3513 1134 4236">
    <p class='ocr_par' dir='ltr' id='par_1_6' title="bbox 632 3513 1134 4236">
     <span class='ocr_line' id='line_1_43' title="bbox 632 3513 1132 3580; baseline -0.006 -15"><span class='ocrx_word' id='word_1_331' title='bbox 632 3517 788 3565; x_wconf 86' lang='lat' dir='ltr'>mutationem</span> <span class='ocrx_word' id='word_1_332' title='bbox 806 3531 873 3564; x_wconf 91' lang='lat' dir='ltr'>suam</span> <span class='ocrx_word' id='word_1_333' title='bbox 891 3513 1013 3580; x_wconf 71' lang='lat' dir='ltr'>praesentit</span> <span class='ocrx_word' id='word_1_334' title='bbox 1028 3523 1053 3562; x_wconf 90' lang='lat' dir='ltr'>et</span> <span class='ocrx_word' id='word_1_335' title='bbox 1071 3531 1132 3578; x_wconf 76' lang='lat' dir='ltr'>pre-</span> 
     </span>
     <span class='ocr_line' id='line_1_44' title="bbox 633 3591 904 3640; baseline -0.015 0"><span class='ocrx_word' id='word_1_336' title='bbox 633 3591 700 3640; x_wconf 84' lang='lat' dir='ltr'>dicit.</span> <span class='ocrx_word' id='word_1_337' title='bbox 902 3625 904 3628; x_wconf 47' lang='lat'>&lt;</span> 
     </span>
     <span class='ocr_line' id='line_1_45' title="bbox 667 3659 1131 3724; baseline -0.015 -10"><span class='ocrx_word' id='word_1_338' title='bbox 667 3667 722 3714; x_wconf 82' lang='lat'>657.</span> <span class='ocrx_word' id='word_1_339' title='bbox 741 3667 888 3713; x_wconf 79' lang='lat' dir='ltr'>Praeuertant</span> <span class='ocrx_word' id='word_1_340' title='bbox 903 3679 937 3711; x_wconf 84' lang='lat' dir='ltr'>me</span> <span class='ocrx_word' id='word_1_341' title='bbox 947 3661 1026 3724; x_wconf 68' lang='lat' dir='ltr'>fata]</span> <span class='ocrx_word' id='word_1_342' title='bbox 1052 3659 1131 3708; x_wconf 90' lang='lat' dir='ltr'>Occu-</span> 
     </span>
     <span class='ocr_line' id='line_1_46' title="bbox 634 3733 1134 3805; baseline -0.01 -17"><span class='ocrx_word' id='word_1_343' title='bbox 634 3752 692 3805; x_wconf 86' lang='lat' dir='ltr'>pant</span> <span class='ocrx_word' id='word_1_344' title='bbox 709 3746 786 3787; x_wconf 90' lang='lat' dir='ltr'>meet</span> <span class='ocrx_word' id='word_1_345' title='bbox 802 3737 950 3802; x_wconf 80' lang='lat' dir='ltr'>impediunt3</span> <span class='ocrx_word' id='word_1_346' title='bbox 968 3751 1022 3783; x_wconf 88' lang='lat' dir='ltr'>nem</span> <span class='ocrx_word' id='word_1_347' title='bbox 1039 3733 1063 3781; x_wconf 91' lang='lat' dir='ltr'>in</span> <span class='ocrx_word' id='word_1_348' title='bbox 1079 3733 1134 3783; x_wconf 80' lang='lat' dir='ltr'>setis</span> 
     </span>
     <span class='ocr_line' id='line_1_47' title="bbox 634 3811 1131 3875; baseline -0.008 -13"><span class='ocrx_word' id='word_1_349' title='bbox 634 3822 692 3870; x_wconf 86' lang='lat' dir='ltr'>erat,</span> <span class='ocrx_word' id='word_1_350' title='bbox 713 3825 740 3862; x_wconf 92' lang='lat' dir='ltr'>ut</span> <span class='ocrx_word' id='word_1_351' title='bbox 762 3820 863 3861; x_wconf 84' lang='lat' dir='ltr'>verterer</span> <span class='ocrx_word' id='word_1_352' title='bbox 883 3811 908 3859; x_wconf 91' lang='lat' dir='ltr'>in</span> <span class='ocrx_word' id='word_1_353' title='bbox 933 3825 1029 3875; x_wconf 87' lang='lat' dir='ltr'>equam.</span> <span class='ocrx_word' id='word_1_354' title='bbox 1068 3811 1131 3873; x_wconf 78' lang='lat' dir='ltr'>Ergo</span> 
     </span>
     <span class='ocr_line' id='line_1_48' title="bbox 634 3883 1132 3952; baseline -0.008 -17"><span class='ocrx_word' id='word_1_355' title='bbox 634 3885 791 3943; x_wconf 74' lang='lat' dir='ltr'>transformor,</span> <span class='ocrx_word' id='word_1_356' title='bbox 802 3885 943 3952; x_wconf 69' lang='lat' dir='ltr'>priiqquarrr</span> <span class='ocrx_word' id='word_1_357' title='bbox 954 3883 1054 3932; x_wconf 85' lang='lat' dir='ltr'>finierim</span> <span class='ocrx_word' id='word_1_358' title='bbox 1070 3883 1132 3932; x_wconf 87' lang='lat' dir='ltr'>vati-</span> 
     </span>
     <span class='ocr_line' id='line_1_49' title="bbox 634 3958 1134 4016; baseline -0.004 -6"><span class='ocrx_word' id='word_1_359' title='bbox 634 3961 731 4010; x_wconf 90' lang='lat' dir='ltr'>cinium.</span> <span class='ocrx_word' id='word_1_360' title='bbox 759 3961 913 4016; x_wconf 59' lang='lat' dir='ltr'>Prasiorum,</span> <span class='ocrx_word' id='word_1_361' title='bbox 935 3961 1031 4008; x_wconf 88' lang='lat' dir='ltr'>solenne</span> <span class='ocrx_word' id='word_1_362' title='bbox 1047 3958 1072 4006; x_wconf 92' lang='lat' dir='ltr'>in</span> <span class='ocrx_word' id='word_1_363' title='bbox 1089 3958 1134 4008; x_wconf 87' lang='lat' dir='ltr'>bac</span> 
     </span>
     <span class='ocr_line' id='line_1_50' title="bbox 634 4035 1134 4094; baseline -0.004 -10"><span class='ocrx_word' id='word_1_364' title='bbox 634 4053 668 4086; x_wconf 88' lang='lat' dir='ltr'>re.</span> <span class='ocrx_word' id='word_1_365' title='bbox 697 4036 792 4084; x_wconf 77' lang='lat' dir='ltr'>Phaedr.</span> <span class='ocrx_word' id='word_1_366' title='bbox 802 4036 825 4085; x_wconf 91' lang='lat'>1.</span> <span class='ocrx_word' id='word_1_367' title='bbox 837 4036 885 4084; x_wconf 79' lang='lat' dir='ltr'>lab.</span> <span class='ocrx_word' id='word_1_368' title='bbox 896 4035 920 4083; x_wconf 89' lang='lat' dir='ltr'>ii.</span> <span class='ocrx_word' id='word_1_369' title='bbox 931 4036 978 4083; x_wconf 80' lang='lat'>26:</span> <span class='ocrx_word' id='word_1_370' title='bbox 996 4051 1068 4084; x_wconf 85' lang='lat' dir='ltr'>vocem</span> <span class='ocrx_word' id='word_1_371' title='bbox 1076 4050 1134 4094; x_wconf 77' lang='lat' dir='ltr'>pra-</span> 
     </span>
     <span class='ocr_line' id='line_1_51' title="bbox 635 4107 1133 4173; baseline -0.006 -15"><span class='ocrx_word' id='word_1_372' title='bbox 635 4114 710 4159; x_wconf 82' lang='lat' dir='ltr'>rtadit</span> <span class='ocrx_word' id='word_1_373' title='bbox 719 4121 791 4158; x_wconf 78' lang='lat' dir='ltr'>metat</span> <span class='ocrx_word' id='word_1_374' title='bbox 799 4128 808 4168; x_wconf 79' lang='lat'><em>3</em></span> <span class='ocrx_word' id='word_1_375' title='bbox 820 4109 838 4158; x_wconf 85' lang='lat' dir='ltr'>f.</span> <span class='ocrx_word' id='word_1_376' title='bbox 851 4107 917 4157; x_wconf 83' lang='lat' dir='ltr'>xxiii.</span> <span class='ocrx_word' id='word_1_377' title='bbox 926 4112 950 4157; x_wconf 85' lang='grc'>5.</span> <span class='ocrx_word' id='word_1_378' title='bbox 962 4110 1065 4173; x_wconf 74' lang='lat' dir='ltr'>linguam</span> <span class='ocrx_word' id='word_1_379' title='bbox 1075 4125 1133 4168; x_wconf 79' lang='lat' dir='ltr'>pre-</span> 
     </span>
     <span class='ocr_line' id='line_1_52' title="bbox 635 4186 753 4236; baseline -0.008 -4"><span class='ocrx_word' id='word_1_380' title='bbox 635 4186 753 4236; x_wconf 80' lang='lat' dir='ltr'>eludere..</span> 
     </span>
    </p>
   </div>
   <div class='ocr_carea' id='block_1_6' title="bbox 0 0 1419 5010">
    <p class='ocr_par' dir='ltr' id='par_1_7' title="bbox 0 0 1419 5010">
     <span class='ocr_line' id='line_1_53' title="bbox 0 0 1419 5010; baseline 0 0"><span class='ocrx_word' id='word_1_381' title='bbox 0 0 1419 5010; x_wconf 95' lang='lat' dir='ltr'> </span> 
     </span>
    </p>
   </div>
  </div>
 </body>
</html>
