2812 5010
174 317 218 384 98
457 316 496 379 Ρ.
523 313 683 380 OVIDII
709 315 939 385 NASONISn

178 491 388 589 Corycidas
406 488 618 589 Nymphas,
637 501 677 564 et
695 492 847 567 numina
864 495 1002 569 montis
1021 496 1191 585 adorant,

177 607 463 703 Fatidicamque
480 607 652 694 Themin,
673 631 758 704 quae
775 632 875 684 nunc
892 612 1018 686 oracla
1034 615 1203 689 tenebat.

177 725 265 798 Non
283 723 346 796 illo
362 722 492 796 melior
503 722 718 820 quisquam,
730 749 800 799 nec
819 727 1002 801 amantior
1019 728 1119 826 oequi
1145 732 1221 803 322

176 840 244 912 Vir
260 839 342 924 fuit,
362 849 428 913 aut
444 839 508 913 illa
524 840 748 914 metuentior
766 841 843 917 ulla
861 842 1042 931 Deorum.

175 955 326 1055 Jupiter
344 965 385 1028 ut
402 955 555 1053 liquidis
574 966 748 1053 stagnare
765 959 966 1057 paludibus
984 961 1125 1048 orbem,

178 1072 436 1171 Etsuperesse
446 1073 606 1148 videtde
616 1074 795 1149 totmodo
807 1074 971 1149 millibus
982 1100 1111 1163 unum,
1147 1081 1220 1150 325

178 1188 230 1262 Et
247 1212 446 1286 superesse
460 1189 562 1263 videt
579 1188 627 1263 de
645 1198 702 1262 tot
720 1190 831 1264 modo
849 1190 1015 1264 millibus
1033 1215 1159 1280 unam,

178 1305 366 1379 Innocuos
385 1306 528 1392 ambos,
547 1305 709 1380 cultores
727 1305 890 1380 numinis
908 1307 1062 1397 ambos;

178 1421 322 1494 Nubila
338 1420 501 1517 disjecit,
521 1421 735 1519 nimbisque
753 1420 942 1519 Aquilone
960 1422 1125 1510 remotis,

180 1538 230 1611 Et
247 1539 342 1611 coelo
360 1547 477 1611 terras
496 1539 674 1625 ostendit,
694 1548 732 1612 et
749 1539 890 1612 aethera
906 1539 1026 1612 terris
1148 1543 1220 1613 329

212 1796 268 1844 320.
286 1796 409 1858 Corycidas
428 1794 564 1858 Nymphas]
583 1796 675 1860 Coryci-
726 1811 777 1844 rum
798 1811 879 1845 omnes
899 1796 999 1843 virtutes
1025 1793 1225 1858 complectuntur.

179 1873 219 1917 das
246 1876 287 1917 aut
315 1868 415 1932 Gmyciae
442 1868 570 1934 Nympha,
599 1870 677 1928 Plisti,
726 1872 787 1928 Qua
804 1869 834 1918 de
845 1868 944 1934 singulis
961 1866 1000 1916 hic
1017 1867 1225 1933 praedicantum

180 1939 328 2005 Delphorum
345 1941 419 1997 fluvii,
433 1942 496 1999 filia,
510 1943 636 2008 Corycium
652 1943 677 1992 in
726 1943 756 1992 de
783 1945 897 1992 ambobus
921 1942 1084 2005 intelligenda.
1117 1942 1224 1993 caver.

181 2017 286 2064 Parnaso
301 2023 394 2063 antrum
405 2015 585 2065 inhabitabant:
604 2018 677 2083 Apol·
727 2018 783 2066 327.
811 2017 950 2065 Muciano
961 2016 991 2064 de
1005 2015 1060 2064 Dea
1070 2015 1147 2080 Syria,
1158 2014 1225 2064 Deu-

181 2091 229 2138 lon.
245 2089 295 2137 Rh.
315 2089 340 2137 ii.
360 2091 415 2138 713.
440 2091 544 2139 Pausan.
561 2091 636 2140 Phoc.
655 2108 678 2156 p.
727 2090 804 2140 celion
818 2091 970 2140 laudaturob
980 2090 1114 2153 εὐβουλίαν
1125 2098 1151 2139 et
1161 2089 1226 2141 εὐσέ-

181 2166 237 2212 811.
251 2165 359 2228 dllsqq.
388 2165 481 2220 Strabo,
495 2165 577 2215 lib.ix.
592 2183 679 2231 γνωρι·
727 2165 810 2229 strar.
827 2166 949 2217 ,Manava
960 2165 1068 2212 Domana.
1089 2164 1226 2230 Descriptio

179 2240 290 2304 pdrarov
302 2239 344 2286 καὶ
358 2237 493 2288 κάλλιστον
505 2242 534 2290 τὸ
550 2239 679 2305 Κωρύκιον
728 2240 829 2289 hominis
838 2239 956 2303 religiosi:
972 2239 1027 2287 vide
1037 2239 1121 2287 Heins.
1131 2239 1174 2303 qui
1185 2255 1226 2288 co-

180 2317 291 2377 Νυμφῶν
307 2312 408 2377 ἄντρον.
440 2311 479 2360 Ab
498 2313 543 2362 hoc
560 2313 678 2364 diversum
728 2314 865 2380 piosehanc
876 2313 1018 2362 locutionem
1029 2312 1140 2363 illustrat.
1160 2313 1228 2362 Infra

180 2386 306 2452 Corycium
332 2395 424 2435 antrum
448 2387 473 2435 in
494 2387 595 2437 Cilicia:
624 2388 678 2438 vide
728 2405 751 2436 v.
769 2390 823 2437 100.
839 2390 898 2450 caui
914 2389 997 2445 cultor,
1011 2390 1147 2450 timidasque
1165 2387 1225 2436 Deo-

180 2462 279 2510 Barnes.
295 2458 328 2508 ad
347 2460 428 2526 Enrip.
445 2461 536 2510 Bacch.
554 2477 603 2510 ver.
621 2463 678 2512 550.
727 2477 788 2510 ram.
821 2460 873 2511 Liv.
883 2460 942 2509 xxii.
953 2463 977 2509 3.
990 2477 1035 2508 aaa
1052 2463 1115 2508 moda
1126 2461 1227 2509 Patrem

181 2535 241 2591 Has,
252 2533 377 2599 etreliqua
392 2539 497 2593 numina,
508 2535 595 2600 qulbus
611 2552 678 2586 mons
727 2537 859 2597 maJ'cstatia
868 2537 906 2583 sed
916 2552 945 2583 aa
956 2536 1056 2582 Deorum
1070 2537 1161 2598 pridem
1173 2538 1229 2584 satis

179 2625 254 2666 sacer,
270 2609 377 2658 adorant.
409 2609 522 2659 Notanda
538 2611 610 2660 etiam
624 2611 648 2659 h.
661 2611 679 2658 1.
728 2619 838 2658 metueras.
860 2609 951 2657 ·Metus
966 2624 1030 2674 sepe
1048 2608 1079 2656 de
1096 2607 1227 2672 religione:

180 2691 217 2732 est
231 2682 346 2746 syntaxis,
358 2684 492 2734 Deucalion
508 2700 563 2732 cum
579 2683 679 2748 conjuge
728 2681 776 2730 tid.
788 2682 867 2731 Cerda
877 2682 908 2730 ad
917 2683 985 2746 Virg.
997 2684 1054 2732 AEn.
1065 2681 1106 2732 vii.
1116 2683 1157 2732 60.

180 2758 441 2812 adhaesitetmdarant.
468 2757 534 2805 Solet
543 2757 606 2804 enirn
617 2758 678 2806 Nos·
761 2756 1229 2820 324.Stagaarc.]Stagnum‚ma1eesse.

181 2836 217 2876 ter
230 2829 346 2894 pluralem
354 2843 449 2894 ponere,
459 2830 500 2879 ubi
511 2830 541 2879 de
556 2831 627 2879 duob.
637 2847 679 2896 per
728 2830 801 2879 Totus
812 2837 926 2878 terrarum
936 2830 998 2878 orbis
1013 2837 1090 2878 tectus
1097 2838 1150 2878 erat
1158 2831 1227 2892 pala-

181 2903 368 2968 praepositionern
374 2906 517 2969 camjunctis
523 2906 580 2970 agit.
591 2907 679 2956 Buaaa.
728 2907 802 2960 dibus,
818 2905 894 2969 aquis,
909 2912 933 2952 et
953 2904 987 2952 sic
1007 2912 1090 2967 stagno
1109 2904 1228 2953 autmari

214 2979 271 3026 321.
288 2978 402 3042 Thantia]
423 2979 526 3028 AEtheris
542 2988 566 3028 et
577 2980 679 3030 Telluris
728 2976 812 3026 similis
820 2986 884 3026 erat:
896 2987 1002 3042 stagnum
1012 2993 1054 3041 pro
1063 2978 1122 3026 mari
1131 2993 1229 3027 novasse

182 3051 240 3109 filia,
252 3051 350 3116 justitiae
364 3068 458 3117 praeses,
470 3061 519 3102 tum
530 3057 607 3103 oracla
618 3065 678 3104 terra
729 3050 845 3115 Virgilius
862 3051 956 3116 Heynio
973 3051 1064 3099 videtur
1082 3051 1114 3099 ad
1130 3050 1229 3100 AEneid‘.

182 3128 228 3181 bat,
239 3142 350 3190 responsa
360 3127 434 3175 dabat
444 3128 586 3192 petentibus,
597 3144 679 3178 oracu-
729 3126 746 3175 i.
758 3127 814 3175 125.
824 3141 854 3175 ex
864 3126 942 3192 λίμνη
953 3126 1018 3190 apud
1027 3125 1125 3176 Homer.

182 3199 211 3248 lis
220 3208 328 3264 praeerat,
336 3200 398 3249 unde
401 3201 515 3265 fatidica,
522 3201 680 3268 χρηστήριος,
762 3201 819 3249 325.
831 3201 864 3248 Et
872 3216 989 3263 superesse,
1000 3199 1060 3262 eta]
1072 3199 1126 3248 Hoc
1135 3201 1228 3260 melius,

181 3273 278 3322 dicitur.
301 3273 414 3339 Apollod.
430 3273 473 3323 lib.
491 3274 508 3323 i.
523 3290 548 3338 p.
565 3276 602 3325 13.
618 3293 680 3341 χρη·
730 3288 802 3337 quarn
821 3274 841 3321 si
861 3289 907 3323 uno
924 3281 1018 3322 tantum
1036 3288 1104 3322 versu
1120 3272 1229 3332 dixisset,

182 3363 234 3411 σμῳ
252 3346 343 3408 δούσης
359 3345 533 3415 τότεθέμιδρς.
556 3349 645 3398 Lucan.
657 3366 681 3402 v.
730 3348 790 3396 duos
810 3356 902 3397 tantum
924 3347 1073 3412 superfuisse.
1105 3348 1145 3396 Ita
1165 3350 1229 3397 enim

182 3424 230 3470 111:
250 3422 327 3477 Quam
343 3439 416 3487 regna
434 3422 528 3479 Tharais,
540 3426 682 3487 tripodasque
730 3420 811 3470 clades
821 3421 914 3485 utrique
927 3419 995 3469 sexui
1004 3419 1073 3468 illata
1083 3420 1165 3469 lanius
1174 3437 1229 3470 sen·

183 3507 276 3546 teneret.
311 3498 505 3562 Nuaa,tempore
519 3499 680 3556 Deucalionis⁸
732 3494 796 3544 titur.
822 3495 911 3544 Similis
928 3494 1035 3559 repetitio
1045 3492 1095 3542 viii.
1110 3495 1159 3543 628
1175 3511 1228 3560 sqq.

182 3573 323 3636 Loquuntur
333 3578 410 3634 poetar
424 3571 453 3619 de
467 3572 536 3619 rebus
549 3571 681 3636 praeteritis,
732 3569 814 3618 Horat.
825 3569 846 3616 Ι.
860 3570 911 3617 Sat.
923 3568 955 3616 vi.
966 3569 998 3616 45
1012 3583 1066 3631 sqq.
1090 3567 1140 3632 Ap.
1154 3567 1229 3634 Apol·

182 3655 209 3695 ut
228 3647 259 3695 de
279 3645 444 3711 praesentibus.
470 3647 558 3694 Bursa.
601 3646 681 3695 Prima
731 3641 779 3693 lod.
789 3651 814 3692 et
829 3643 900 3707 pauci
913 3642 955 3691 alii
966 3648 1088 3690 servantur
1103 3640 1127 3688 in
1142 3642 1229 3690 monti·

181 3721 278 3769 oraculo
292 3721 412 3785 Delphico
428 3728 528 3784 praeerat
539 3719 629 3777 Tellus,
639 3736 680 3784 po·
730 3718 784 3765 bus.

182 3802 233 3844 stea
242 3794 348 3851 Themis,
356 3795 453 3842 tandem
461 3793 563 3858 Apollo:
576 3793 679 3843 Pausan.
763 3792 819 3839 ³27.
838 3789 963 3845 Ianos-aas,
989 3788 1006 3836 i.
1019 3804 1043 3852 q.
1060 3796 1132 3836 antea
1149 3805 1229 3838 amaras

182 3865 680 3932 Phoc.ps809;Sclrol.Euripid.adOrest.
730 3867 795 3926 aqui,
803 3864 891 3928 justus.

181 3956 230 3989 ver.
244 3942 298 3989 163.
764 3939 820 3985 328.
835 3937 948 3999 Aquilone
965 3935 1077 3996 remotis]
1098 3933 1135 3982 Ab
1151 3933 1229 3998 Aqua

214 4016 271 4063 322.
289 4014 342 4062 Nan
356 4016 396 4060 illa
407 4015 506 4077 melion]
517 4015 594 4064 Recte
606 4031 681 4065 mores
730 4013 783 4060 lone
793 4009 898 4075 depulsis
905 4027 912 4069 ;
923 4017 959 4058 est
969 4007 1032 4058 euim
1043 4007 1133 4072 Aquilo
1143 4015 1229 4056 ventus

182 4103 262 4136 eorum
283 4088 371 4146 notati,
398 4086 422 4134 hi
447 4088 510 4136 enim
531 4087 588 4152 ipsis
608 4105 681 4138 causa
731 4085 813 4134 nubila
823 4084 948 4148 dissipans,
959 4099 986 4132 ac
997 4083 1147 4133 serenitatem
1157 4082 1229 4130 indu·

182 4170 248 4210 erant
262 4161 353 4210 salutis.
387 4162 482 4210 lustitia
493 4172 516 4210 et
528 4172 605 4211 metus
617 4164 680 4210 Deo·
731 4175 795 4207 cens.
876 4178 882 4193 .
