2812 5010
280 311 748 379 METAMORPHOSEON
772 312 862 377 LIB.
886 311 916 376 I.
1052 313 1116 377 119

71 485 194 559 Arbor
212 487 286 560 cris
304 496 418 573 certe,
438 486 548 573 dixit,
568 511 664 560 mea.
720 486 879 585 Semper
896 486 1090 560 habebunt

71 600 125 675 Te
143 626 264 688 coma,
279 611 317 676 te
336 602 502 689 citharae,
519 611 558 675 te
575 614 724 689 nostrae,
741 600 874 687 Laure,
890 601 1087 699 pharetrae.

71 714 127 788 Tu
147 717 308 791 ducibus
328 717 445 791 Latiis
464 716 599 803 aderis,
619 742 736 814 quum
753 717 841 790 laeta
856 716 1088 814 triumphum

71 832 156 906 Vox
171 844 293 920 canet,
313 843 352 907 et
364 834 495 929 longas
510 834 632 907 visent
645 832 835 932 Capitolia
848 857 1018 932 pompas.
1040 837 1109 908 561

72 945 252 1021 Postibus
270 948 453 1045 Augustis
472 950 605 1022 eadem
623 947 805 1022 fidissima
822 967 949 1022 custos

71 1062 169 1136 Ante
186 1063 286 1136 fores
304 1064 443 1151 stabis;
472 1064 712 1161 mediamque
729 1067 884 1138 tuebere
902 1089 1095 1161 quercum.

74 1178 202 1276 thue
215 1204 340 1254 meum
358 1180 515 1254 intonsis
531 1191 646 1279 caput
663 1192 722 1255 est
732 1182 899 1278 juvenile
918 1180 1084 1278 capillis;

72 1293 289 1392 Tuquoque
300 1308 500 1395 perpetuos
513 1296 902 1396 sempergcrefrondis
913 1295 1111 1371 honores.”

74 1411 235 1486 Finierat
251 1413 378 1486 Paean.
425 1414 551 1488 Factis
569 1415 681 1488 modo
700 1414 845 1488 Laurea
861 1413 973 1487 ramis
1038 1417 1110 1486 566

72 1527 232 1618 Adnuit;
255 1539 373 1627 utque
392 1542 519 1628 caput,
537 1530 617 1603 visa
631 1539 690 1604 est
708 1530 873 1626 agitasse
891 1552 1084 1602 cacumen.

97 1711 155 1758 558.
173 1711 247 1757 Arbor
266 1727 315 1758 meo
332 1727 361 1759 ex
379 1726 450 1766 more,
461 1727 509 1776 qno
526 1711 567 1759 Dii
617 1712 708 1760 Milites
722 1726 809 1775 magna
824 1719 848 1758 et
862 1712 914 1758 loto
929 1725 980 1758 uoce
994 1710 1112 1766 ouushout,

72 1785 162 1832 arbores
173 1784 288 1849 quasdam
304 1785 328 1833 in
345 1786 420 1834 tutela
436 1803 479 1834 sua
493 1786 567 1834 habe·
616 1789 643 1836 Io
658 1788 789 1853 triumphe!
816 1787 905 1836 Urbem
921 1783 1028 1850 ingressi,
1047 1792 1113 1849 pete·

70 1859 266 1909 ranacario.
300 1861 430 1908 Habebunt.
464 1861 567 1908 Lamum
615 1865 673 1911 bant
687 1878 727 1927 per
742 1861 805 1911 viam
820 1875 911 1908 sacram
928 1859 1074 1921 Capitolium,
1087 1865 1114 1906 ut

71 1935 184 1990 habebant,
200 1934 267 1983 lauro
282 1942 364 1984 ornata
383 1942 459 1989 erant,
479 1934 566 1990 omnia,
615 1938 649 1985 ibi
659 1937 747 1985 hostias
756 1942 894 1992 mactarent,
902 1933 1004 1997 Jovique
1015 1931 1112 1998 Capito-

71 2025 118 2072 quat
137 2007 220 2070 Apoll.
237 2016 324 2064 essent,
340 2008 423 2073 tripus,
443 2007 566 2072 templum,
614 2011 663 2059 lino
673 2019 728 2059 vota
738 2009 896 2075 persolverent
905 2027 910 2055 :
920 2006 974 2056 vide
985 2005 1111 2055 tvmrist.

71 2092 139 2140 vates,
150 2083 253 2132 victores
265 2083 370 2147 Pythici.
405 2084 461 2147 Ipse
474 2083 499 2131 in
514 2098 564 2130 mo·
614 2083 640 2133 ii.
651 2087 680 2133 51
693 2100 746 2148 sqq.

70 2156 185 2205 humentis
202 2157 304 2205 cernitur
315 2157 352 2206 vel
362 2155 486 2204 redimitus
500 2171 564 2203 coro·
646 2160 701 2208 562.
720 2159 823 2206 Postibus
834 2157 954 2221 Augustis,
962 2153 1021 2217 eta]
1035 2154 1111 2218 Supra

70 2247 96 2280 na
107 2231 201 2289 laurea,
211 2231 249 2280 vel
265 2240 360 2297 gestans
376 2230 459 2280 dextra
474 2245 565 2278 ramum
614 2235 674 2283 iores
690 2233 777 2282 Palatii
798 2233 875 2280 civica
892 2247 905 2279 c
924 2247 1007 2293 quercu
1026 2242 1113 2276 corona

69 2306 180 2356 laureum.
215 2305 285 2354 Unde
298 2305 385 2370 Apollo
398 2304 563 2370 δαφνηφόροςε
614 2325 726 2374 suspensa
743 2315 801 2363 erat,
817 2315 842 2355 et
861 2306 891 2354 ad
909 2313 1034 2367 ntmmque
1051 2302 1113 2350 latus

69 2380 118 2430 vide
142 2382 272 2447 Spanhem.
291 2381 322 2430 ad
351 2380 447 2429 Callim.
466 2379 489 2428 h.
507 2378 565 2427 Del.
615 2382 787 2435 luurusstabat‚
795 2378 942 2443 triumphalis
951 2377 1033 2425 arbor:
1046 2378 1114 2424 Fast.

69 2458 104 2506 91.
140 2457 172 2504 Ta
191 2458 293 2504 cithare.
332 2454 394 2504 Hinc
418 2452 518 2502 laureati
540 2452 565 2502 in
614 2455 646 2504 iv.
667 2457 731 2513 593;
749 2455 797 2503 111.
817 2452 888 2501 Trist.
905 2454 923 2500 i.
943 2452 1047 2501 tta-48.
1068 2450 1109 2498 ubi

66 2529 279 2578 soenacitharoedi.
615 2531 694 2596 plures
713 2530 763 2595 ejus
779 2527 871 2576 honoris
886 2543 972 2575 causae.
1004 2524 1113 2573 Eandem

96 2606 155 2653 560.
175 2604 211 2650 Tu
221 2605 324 2660 ducibus,
335 2603 394 2665 etm]
415 2601 565 2651 Vaticinatur
614 2605 717 2652 arborem
731 2612 755 2651 et
773 2601 852 2652 Graeci
867 2609 921 2649 ante
936 2600 996 2648 fores
1010 2597 1111 2646 colloca-

68 2679 153 2744 Apollo
164 2678 189 2726 in
200 2677 312 2726 honorem
323 2678 480 2726 Romanorum
493 2684 565 2740 atque
612 2680 686 2727 bant:
704 2677 810 2742 Hesych.
822 2677 847 2723 in
858 2675 976 2740 Κώμυθα.
1001 2673 1064 2722 Plin.
1075 2672 1109 2721 H.

69 2752 184 2817 Augusti:
204 2753 229 2800 h.
241 2769 263 2801 e.
273 2760 344 2818 poeta
354 2751 464 2800 adulatur
474 2751 564 2799 civibus
614 2753 647 2801 N.
660 2754 698 2801 15.
711 2755 742 2800 30
753 2768 807 2816 sqq.
819 2752 860 2799 39.

67 2827 111 2875 suis
139 2834 213 2891 atque
231 2825 348 2890 Augusto.
381 2826 471 2873 Laurus
500 2824 563 2888 apud
646 2822 1111 2889 563.Tueriexquisitiusquarn,habere.

68 2899 186 2951 Romanos
213 2899 304 2964 insigne
332 2907 382 2948 erat
410 2907 434 2947 et
459 2896 563 2945 victoriae
645 2903 703 2950 565.
723 2898 1021 2961 Frondtshonores.]1am
1043 2897 1110 2944 arho-

67 2974 140 3037 (unde
161 2976 242 3022 laurus
259 2990 300 3038 pro
318 2973 369 3038 ipsa
383 2972 481 3020 victoria
497 2972 562 3037 poni·
614 2976 645 3023 ris
656 2984 763 3024 naturam
778 2990 807 3022 ex
818 2973 899 3037 mytho
913 2972 1033 3036 ingeniose
1044 2986 1111 3034 repe-

67 3046 122 3110 tur,)
130 3056 156 3096 et
166 3048 278 3114 triumphi
289 3065 295 3099 t
314 3063 415 3111 namque
425 3054 479 3111 post
489 3045 563 3110 impe·
613 3050 651 3097 tit.
686 3048 752 3096 Folia
762 3047 810 3095 dici
821 3047 896 3095 solent
907 3062 979 3095 comae
989 3045 1098 3093 arbomm
1104 3063 1112 3103 ;

66 3130 149 3173 trttam
167 3123 287 3172 victoriam
307 3121 473 3187 imperatorum
489 3120 563 3169 literae
614 3123 655 3172 sed
667 3139 728 3172 nunc
737 3122 778 3171 illa
787 3121 925 3185 exquisitius
933 3129 1003 3185 poeta
1010 3118 1111 3167 circum·

65 3207 87 3247 ct
102 3199 186 3254 fasces,
203 3197 352 3261 militumque
368 3196 458 3243 lanceae
476 3203 500 3243 et
515 3195 563 3259 pila
614 3199 706 3246 locutus
717 3197 865 3261 estsimilis
876 3197 974 3245 honores.
1007 3192 1110 3241 Praeive-

66 3273 130 3321 lauro
141 3273 291 3320 ornabantur.
325 3271 385 3319 Inde
396 3285 463 3336 porro
479 3285 492 3317 a
504 3279 563 3317 tem·
613 3281 650 3320 rat
661 3272 729 3335 Virg.
742 3272 829 3334 Georg.
841 3268 868 3316 ii.
886 3270 947 3317 405:
967 3269 1077 3332 Frigidus
1089 3276 1111 3315 ot

66 3361 119 3410 pore
130 3344 234 3393 Caesaris
249 3343 400 3409 imperatores
416 3341 563 3406 triumphari·
613 3349 675 3395 silvis
685 3348 761 3408 aquito
767 3347 862 3393 decussit
872 3345 983 3391 honorem.

66 3428 100 3467 tes
110 3434 223 3467 somnam
234 3419 338 3466 lauream
353 3416 563 3482 capitesgorebant,
647 3421 702 3469 566.
720 3420 799 3475 Peon,
810 3418 897 3483 Apollo
912 3417 1021 3466 aGraeco
1034 3415 1109 3471 παίω,

65 3509 205 3558 ramumque
218 3492 325 3541 laureum
341 3508 414 3540 manu
432 3493 561 3540 tenebant:
614 3497 631 3543 i.
651 3510 674 3543 e.
692 3491 828 3558 θεραπεύω,
848 3507 914 3539 sano.
948 3490 1027 3537 Schol.
1045 3488 1111 3536 Aris-

65 3567 119 3616 vide
136 3567 200 3615 Plin.
218 3567 251 3615 H.
261 3567 295 3614 N.
311 3583 352 3613 xv.
370 3568 417 3625 305
434 3566 475 3613 ubi
492 3565 563 3613 etiarn
614 3568 680 3633 toph.
698 3567 728 3614 ad
745 3565 810 3612 Plut.
828 3566 884 3613 636.
916 3563 979 3610 Scal.
990 3563 1057 3610 Post.
1069 3561 1111 3609 lib.

64 3657 142 3690 causae
154 3650 364 3690 commemorantur
375 3639 445 3703 hujus
455 3639 563 3686 tantiho-
614 3643 629 3689 i.
641 3656 693 3706 cap.
702 3638 766 3687 xxiii.
774 3644 790 3665 “
799 3635 948 3685 Acclamatio
959 3634 1012 3691 suit,
1021 3634 1042 3682 ἷε
1055 3636 1111 3692 παῖ,

65 3715 127 3764 noris
147 3716 215 3763 lauro
235 3713 319 3762 habiti.
355 3714 436 3770 Latiis,
457 3711 561 3761 Latinis:
613 3715 633 3763 ἴε
651 3717 706 3771 παῖ,
723 3713 786 3761 unde
804 3726 888 3759 nomen
898 3708 1004 3774 Apollini
1020 3710 1109 3757 factum

65 3789 117 3837 vide
129 3788 216 3838 Heins.
250 3790 339 3844 Aderit,
354 3803 434 3836 eorum
450 3785 529 3852 capita
540 3794 564 3833 et
614 3788 680 3836 aiunt
699 3787 770 3835 certis
790 3783 887 3851 syllabis
908 3781 1003 3837 additis,
1024 3784 1111 3840 παιὰν,

64 3879 149 3912 manus
170 3861 272 3911 ornabis.
306 3864 345 3910 lta
363 3865 445 3916 adesse,
464 3878 488 3910 x.
511 3862 563 3908 142.
615 3859 704 3916 παιὼν,
717 3858 842 3919 παιήων.”
876 3854 926 3904 Alii
937 3855 1009 3904 etiam
1026 3871 1111 3904 nomen

64 3936 93 3986 de
103 3953 233 4002 cupressu:
252 3940 326 3985 coleris
336 3938 472 4001 lugentibus.
614 3936 636 3983 ei
648 3934 762 3982 inducunt
773 3950 788 3981 a
796 3932 894 3986 παύων,
909 3931 1002 3978 morbos
1016 3945 1113 3978 sanans.

95 4014 153 4060 561.
179 4011 281 4060 Curmm
302 4010 468 4075 triumphantis
489 4009 563 4056 antci—
617 4010 693 4056 Factis
704 4012 779 4062 rumis,
789 4007 842 4055 vide
854 4007 885 4055 ad
896 4007 956 4054 Met.
968 4005 992 4052 ii.
1002 4006 1058 4054 467.

64 4087 121 4134 bant
137 4086 226 4152 captivi
245 4094 269 4134 et
288 4101 323 4133 res
337 4085 401 4133 bello
418 4093 511 4149 captum
528 4098 563 4131 sc·
647 4083 703 4131 567.
720 4084 836 4136 Adicere,
853 4078 1004 4134 κατανεύειν,
1020 4078 1112 4143 signum

65 4160 199 4224 quebantur
213 4159 309 4215 milites,
321 4157 376 4207 hinc
391 4161 461 4223 longe
472 4174 563 4218 pompa.
615 4172 730 4206 assensus.
